timestamp,price,volume,current_price
1749258434,0.19890000,2267.20000000,0.1986
1749258434,0.19900000,17565.40000000,0.1986
1749258434,0.19910000,34855.50000000,0.1986
1749258434,0.19920000,49405.60000000,0.1986
1749258434,0.19930000,21075.20000000,0.1986
1749258434,0.19940000,7035.10000000,0.1986
1749258434,0.19950000,21878.60000000,0.1986
1749258434,0.19960000,4411.30000000,0.1986
1749258434,0.19970000,4284.80000000,0.1986
1749258434,0.19980000,4737.20000000,0.1986
1749258434,0.19990000,6981.30000000,0.1986
1749258434,0.20000000,1929.60000000,0.1986
1749258434,0.20010000,22136.10000000,0.1986
1749258434,0.20020000,1434.70000000,0.1986
1749258434,0.20030000,1364.90000000,0.1986
1749258434,0.20040000,163.80000000,0.1986
1749258434,0.20050000,1207.70000000,0.1986
1749258434,0.20060000,2795.50000000,0.1986
1749258434,0.20070000,37.70000000,0.1986
1749258434,0.20080000,1408.20000000,0.1986
1749258434,0.20090000,8515.30000000,0.1986
1749258434,0.20100000,1448.20000000,0.1986
1749258434,0.20110000,6698.60000000,0.1986
1749258434,0.20160000,3263.30000000,0.1986
1749258434,0.20170000,28.80000000,0.1986
1749258434,0.20190000,2677.80000000,0.1986
1749258434,0.20200000,83.40000000,0.1986
1749258434,0.20220000,24507.50000000,0.1986
1749258434,0.20250000,62.00000000,0.1986
1749258434,0.20270000,249.00000000,0.1986
1749258434,0.20290000,28.80000000,0.1986
1749258434,0.20300000,1677.40000000,0.1986
1749258434,0.20330000,29.60000000,0.1986
1749258434,0.20350000,356.10000000,0.1986
1749258434,0.20360000,3498.10000000,0.1986
1749258434,0.20370000,112.80000000,0.1986
1749258434,0.20380000,73.50000000,0.1986
1749258434,0.20390000,87.70000000,0.1986
1749258434,0.20400000,253.80000000,0.1986
1749258434,0.20430000,693.50000000,0.1986
1749258434,0.20440000,105637.30000000,0.1986
1749258434,0.20460000,2538.20000000,0.1986
1749258434,0.20470000,4761.10000000,0.1986
1749258434,0.20480000,4857.60000000,0.1986
1749258434,0.20490000,73.20000000,0.1986
1749258434,0.20500000,172.00000000,0.1986
1749258434,0.20510000,43.90000000,0.1986
1749258434,0.20520000,28.80000000,0.1986
1749258434,0.20530000,1305.20000000,0.1986
1749258434,0.20540000,1471.70000000,0.1986
1749258434,0.20580000,48.60000000,0.1986
1749258434,0.20590000,38.90000000,0.1986
1749258434,0.20600000,108.30000000,0.1986
1749258434,0.20620000,25.00000000,0.1986
1749258434,0.20640000,130.50000000,0.1986
1749258434,0.20650000,110.40000000,0.1986
1749258434,0.20660000,193.60000000,0.1986
1749258434,0.20680000,28.40000000,0.1986
1749258434,0.20700000,108.10000000,0.1986
1749258434,0.20730000,51.20000000,0.1986
1749258434,0.20740000,106.00000000,0.1986
1749258434,0.20750000,105.90000000,0.1986
1749258434,0.20760000,5349.00000000,0.1986
1749258434,0.20770000,1241.90000000,0.1986
1749258434,0.20780000,38.50000000,0.1986
1749258434,0.20790000,39.70000000,0.1986
1749258434,0.20800000,204.00000000,0.1986
1749258434,0.20810000,96.10000000,0.1986
1749258434,0.20820000,40.60000000,0.1986
1749258434,0.20840000,100.70000000,0.1986
1749258434,0.20860000,158.20000000,0.1986
1749258434,0.20870000,28.80000000,0.1986
1749258434,0.20900000,257.10000000,0.1986
1749258434,0.20910000,57.40000000,0.1986
1749258434,0.20930000,5051.50000000,0.1986
1749258434,0.20940000,29.00000000,0.1986
1749258434,0.20960000,271.90000000,0.1986
1749258434,0.20990000,1267.30000000,0.1986
1749258434,0.21000000,195.80000000,0.1986
1749258434,0.21050000,62.00000000,0.1986
1749258434,0.21080000,112.80000000,0.1986
1749258434,0.21100000,159.20000000,0.1986
1749258434,0.21110000,28.80000000,0.1986
1749258434,0.21140000,66.80000000,0.1986
1749258434,0.21150000,25.00000000,0.1986
1749258434,0.21170000,288.20000000,0.1986
1749258434,0.21190000,80.90000000,0.1986
1749258434,0.21200000,732.70000000,0.1986
1749258434,0.21220000,76.50000000,0.1986
1749258434,0.21230000,28.80000000,0.1986
1749258434,0.21280000,235.80000000,0.1986
1749258434,0.21300000,869.70000000,0.1986
1749258434,0.21310000,34.80000000,0.1986
1749258434,0.21330000,1038.60000000,0.1986
1749258434,0.21350000,89.80000000,0.1986
1749258434,0.21380000,116.90000000,0.1986
1749258434,0.21390000,89.00000000,0.1986
1749258434,0.21400000,157.80000000,0.1986
1749258434,0.21460000,62.00000000,0.1986
1749258434,0.21480000,28.80000000,0.1986
1749258774,0.19880000,2340.80000000,0.1988
1749258774,0.19890000,26922.10000000,0.1988
1749258774,0.19900000,59074.30000000,0.1988
1749258774,0.19910000,24843.40000000,0.1988
1749258774,0.19920000,18124.50000000,0.1988
1749258774,0.19930000,4284.80000000,0.1988
1749258774,0.19940000,11876.90000000,0.1988
1749258774,0.19950000,19664.20000000,0.1988
1749258774,0.19960000,4284.80000000,0.1988
1749258774,0.19970000,4284.80000000,0.1988
1749258774,0.19980000,4410.70000000,0.1988
1749258774,0.19990000,4284.30000000,0.1988
1749258774,0.20000000,19698.10000000,0.1988
1749258774,0.20010000,3869.70000000,0.1988
1749258774,0.20020000,1308.50000000,0.1988
1749258774,0.20030000,1364.90000000,0.1988
1749258774,0.20040000,2486.70000000,0.1988
1749258774,0.20050000,1207.70000000,0.1988
1749258774,0.20060000,1849.40000000,0.1988
1749258774,0.20070000,163.60000000,0.1988
1749258774,0.20080000,1282.40000000,0.1988
1749258774,0.20090000,6198.00000000,0.1988
1749258774,0.20100000,1448.40000000,0.1988
1749258774,0.20110000,6698.60000000,0.1988
1749258774,0.20130000,125.90000000,0.1988
1749258774,0.20140000,1170.00000000,0.1988
1749258774,0.20160000,2219.20000000,0.1988
1749258774,0.20170000,28.80000000,0.1988
1749258774,0.20190000,125.90000000,0.1988
1749258774,0.20200000,83.40000000,0.1988
1749258774,0.20220000,24507.50000000,0.1988
1749258774,0.20250000,62.00000000,0.1988
1749258774,0.20270000,249.00000000,0.1988
1749258774,0.20290000,28.80000000,0.1988
1749258774,0.20300000,1677.40000000,0.1988
1749258774,0.20330000,29.60000000,0.1988
1749258774,0.20350000,356.10000000,0.1988
1749258774,0.20360000,3498.10000000,0.1988
1749258774,0.20370000,112.80000000,0.1988
1749258774,0.20380000,73.50000000,0.1988
1749258774,0.20390000,87.70000000,0.1988
1749258774,0.20400000,253.80000000,0.1988
1749258774,0.20430000,693.50000000,0.1988
1749258774,0.20440000,105637.30000000,0.1988
1749258774,0.20460000,2538.20000000,0.1988
1749258774,0.20470000,4761.10000000,0.1988
1749258774,0.20480000,4857.60000000,0.1988
1749258774,0.20490000,73.20000000,0.1988
1749258774,0.20500000,172.00000000,0.1988
1749258774,0.20510000,43.90000000,0.1988
1749258774,0.20520000,28.80000000,0.1988
1749258774,0.20530000,1305.20000000,0.1988
1749258774,0.20540000,1471.70000000,0.1988
1749258774,0.20580000,48.60000000,0.1988
1749258774,0.20590000,38.90000000,0.1988
1749258774,0.20600000,108.30000000,0.1988
1749258774,0.20620000,25.00000000,0.1988
1749258774,0.20640000,130.50000000,0.1988
1749258774,0.20650000,110.40000000,0.1988
1749258774,0.20660000,193.60000000,0.1988
1749258774,0.20680000,28.40000000,0.1988
1749258774,0.20700000,108.10000000,0.1988
1749258774,0.20730000,51.20000000,0.1988
1749258774,0.20740000,106.00000000,0.1988
1749258774,0.20750000,105.90000000,0.1988
1749258774,0.20760000,5349.00000000,0.1988
1749258774,0.20770000,1241.90000000,0.1988
1749258774,0.20780000,38.50000000,0.1988
1749258774,0.20790000,39.70000000,0.1988
1749258774,0.20800000,204.00000000,0.1988
1749258774,0.20810000,96.10000000,0.1988
1749258774,0.20820000,40.60000000,0.1988
1749258774,0.20840000,100.70000000,0.1988
1749258774,0.20860000,158.20000000,0.1988
1749258774,0.20870000,28.80000000,0.1988
1749258774,0.20900000,257.10000000,0.1988
1749258774,0.20910000,57.40000000,0.1988
1749258774,0.20930000,5051.50000000,0.1988
1749258774,0.20940000,29.00000000,0.1988
1749258774,0.20960000,271.90000000,0.1988
1749258774,0.20990000,1267.30000000,0.1988
1749258774,0.21000000,195.80000000,0.1988
1749258774,0.21050000,62.00000000,0.1988
1749258774,0.21080000,112.80000000,0.1988
1749258774,0.21100000,159.20000000,0.1988
1749258774,0.21110000,28.80000000,0.1988
1749258774,0.21140000,66.80000000,0.1988
1749258774,0.21150000,25.00000000,0.1988
1749258774,0.21170000,288.20000000,0.1988
1749258774,0.21190000,80.90000000,0.1988
1749258774,0.21200000,732.70000000,0.1988
1749258774,0.21220000,76.50000000,0.1988
1749258774,0.21230000,28.80000000,0.1988
1749258774,0.21280000,235.80000000,0.1988
1749258774,0.21300000,869.70000000,0.1988
1749258774,0.21310000,34.80000000,0.1988
1749258774,0.21330000,1038.60000000,0.1988
1749258774,0.21350000,89.80000000,0.1988
1749258774,0.21380000,116.90000000,0.1988
1749258774,0.21390000,89.00000000,0.1988
1749259077,0.19870000,12349.00000000,0.1985
1749259077,0.19880000,36160.20000000,0.1985
1749259077,0.19890000,31553.80000000,0.1985
1749259077,0.19900000,23081.50000000,0.1985
1749259077,0.19910000,17525.50000000,0.1985
1749259077,0.19920000,21473.40000000,0.1985
1749259077,0.19930000,3278.10000000,0.1985
1749259077,0.19940000,25778.10000000,0.1985
1749259077,0.19950000,4620.30000000,0.1985
1749259077,0.19960000,4284.80000000,0.1985
1749259077,0.19970000,4284.80000000,0.1985
1749259077,0.19980000,6237.50000000,0.1985
1749259077,0.19990000,3781.50000000,0.1985
1749259077,0.20000000,3836.50000000,0.1985
1749259077,0.20010000,2201.00000000,0.1985
1749259077,0.20020000,1346.20000000,0.1985
1749259077,0.20030000,6392.90000000,0.1985
1749259077,0.20040000,1946.50000000,0.1985
1749259077,0.20050000,1207.70000000,0.1985
1749259077,0.20060000,1236.50000000,0.1985
1749259077,0.20070000,163.60000000,0.1985
1749259077,0.20080000,1282.40000000,0.1985
1749259077,0.20090000,1207.70000000,0.1985
1749259077,0.20100000,1448.40000000,0.1985
1749259077,0.20110000,6736.30000000,0.1985
1749259077,0.20120000,37.70000000,0.1985
1749259077,0.20130000,163.60000000,0.1985
1749259077,0.20140000,1170.00000000,0.1985
1749259077,0.20160000,1295.90000000,0.1985
1749259077,0.20170000,3292.10000000,0.1985
1749259077,0.20190000,2798.80000000,0.1985
1749259077,0.20200000,83.40000000,0.1985
1749259077,0.20220000,24507.50000000,0.1985
1749259077,0.20250000,62.00000000,0.1985
1749259077,0.20270000,249.00000000,0.1985
1749259077,0.20290000,28.80000000,0.1985
1749259077,0.20300000,1677.40000000,0.1985
1749259077,0.20330000,29.60000000,0.1985
1749259077,0.20350000,356.10000000,0.1985
1749259077,0.20360000,3498.10000000,0.1985
1749259077,0.20370000,112.80000000,0.1985
1749259077,0.20380000,73.50000000,0.1985
1749259077,0.20390000,87.70000000,0.1985
1749259077,0.20400000,253.80000000,0.1985
1749259077,0.20410000,4761.10000000,0.1985
1749259077,0.20430000,693.50000000,0.1985
1749259077,0.20440000,105637.30000000,0.1985
1749259077,0.20460000,2538.20000000,0.1985
1749259077,0.20480000,4857.60000000,0.1985
1749259077,0.20490000,73.20000000,0.1985
1749259077,0.20500000,172.00000000,0.1985
1749259077,0.20510000,43.90000000,0.1985
1749259077,0.20520000,28.80000000,0.1985
1749259077,0.20530000,1305.20000000,0.1985
1749259077,0.20540000,1471.70000000,0.1985
1749259077,0.20580000,48.60000000,0.1985
1749259077,0.20590000,38.90000000,0.1985
1749259077,0.20600000,108.30000000,0.1985
1749259077,0.20620000,25.00000000,0.1985
1749259077,0.20640000,130.50000000,0.1985
1749259077,0.20650000,110.40000000,0.1985
1749259077,0.20660000,193.60000000,0.1985
1749259077,0.20680000,28.40000000,0.1985
1749259077,0.20700000,5163.20000000,0.1985
1749259077,0.20730000,51.20000000,0.1985
1749259077,0.20740000,106.00000000,0.1985
1749259077,0.20750000,105.90000000,0.1985
1749259077,0.20760000,293.90000000,0.1985
1749259077,0.20770000,1241.90000000,0.1985
1749259077,0.20780000,38.50000000,0.1985
1749259077,0.20790000,39.70000000,0.1985
1749259077,0.20800000,204.00000000,0.1985
1749259077,0.20810000,96.10000000,0.1985
1749259077,0.20820000,40.60000000,0.1985
1749259077,0.20840000,100.70000000,0.1985
1749259077,0.20860000,158.20000000,0.1985
1749259077,0.20870000,28.80000000,0.1985
1749259077,0.20900000,257.10000000,0.1985
1749259077,0.20910000,57.40000000,0.1985
1749259077,0.20930000,5051.50000000,0.1985
1749259077,0.20940000,29.00000000,0.1985
1749259077,0.20960000,271.90000000,0.1985
1749259077,0.20990000,1267.30000000,0.1985
1749259077,0.21000000,195.80000000,0.1985
1749259077,0.21050000,62.00000000,0.1985
1749259077,0.21080000,112.80000000,0.1985
1749259077,0.21100000,159.20000000,0.1985
1749259077,0.21110000,28.80000000,0.1985
1749259077,0.21140000,66.80000000,0.1985
1749259077,0.21150000,25.00000000,0.1985
1749259077,0.21170000,288.20000000,0.1985
1749259077,0.21190000,80.90000000,0.1985
1749259077,0.21200000,732.70000000,0.1985
1749259077,0.21220000,76.50000000,0.1985
1749259077,0.21230000,28.80000000,0.1985
1749259077,0.21280000,235.80000000,0.1985
1749259077,0.21300000,869.70000000,0.1985
1749259077,0.21310000,34.80000000,0.1985
1749259077,0.21330000,1038.60000000,0.1985
1749259077,0.21350000,89.80000000,0.1985
