timestamp,price,volume,current_price
1749260681,249.84000000,2.45900000,249.84
1749260681,249.85000000,0.71700000,249.84
1749260681,249.86000000,0.78100000,249.84
1749260681,249.87000000,2.69400000,249.84
1749260681,249.88000000,0.78100000,249.84
1749260681,249.89000000,4.84600000,249.84
1749260681,249.90000000,16.92200000,249.84
1749260681,249.91000000,24.74400000,249.84
1749260681,249.92000000,62.98600000,249.84
1749260681,249.93000000,7.25200000,249.84
1749260681,249.94000000,3.73100000,249.84
1749260681,249.95000000,8.83800000,249.84
1749260681,249.96000000,14.25100000,249.84
1749260681,249.97000000,14.78300000,249.84
1749260681,249.98000000,8.99900000,249.84
1749260681,249.99000000,21.70600000,249.84
1749260681,250.00000000,37.09400000,249.84
1749260681,250.01000000,20.34000000,249.84
1749260681,250.02000000,37.97500000,249.84
1749260681,250.03000000,61.56000000,249.84
1749260681,250.04000000,117.04900000,249.84
1749260681,250.05000000,84.45800000,249.84
1749260681,250.06000000,21.53700000,249.84
1749260681,250.07000000,25.15400000,249.84
1749260681,250.08000000,25.73000000,249.84
1749260681,250.09000000,51.91000000,249.84
1749260681,250.10000000,35.49500000,249.84
1749260681,250.11000000,20.81100000,249.84
1749260681,250.12000000,8.66300000,249.84
1749260681,250.13000000,14.54800000,249.84
1749260681,250.14000000,9.28800000,249.84
1749260681,250.15000000,11.68400000,249.84
1749260681,250.16000000,17.80600000,249.84
1749260681,250.17000000,6.20200000,249.84
1749260681,250.18000000,2.70500000,249.84
1749260681,250.19000000,4.22800000,249.84
1749260681,250.20000000,4.77700000,249.84
1749260681,250.21000000,15.68800000,249.84
1749260681,250.22000000,13.14800000,249.84
1749260681,250.23000000,6.66300000,249.84
1749260681,250.24000000,11.62500000,249.84
1749260681,250.25000000,29.56700000,249.84
1749260681,250.26000000,43.05700000,249.84
1749260681,250.27000000,49.54700000,249.84
1749260681,250.28000000,85.73400000,249.84
1749260681,250.29000000,47.47700000,249.84
1749260681,250.30000000,45.86700000,249.84
1749260681,250.31000000,1.34100000,249.84
1749260681,250.32000000,17.72700000,249.84
1749260681,250.33000000,21.76800000,249.84
1749260681,250.34000000,5.15500000,249.84
1749260681,250.35000000,19.30200000,249.84
1749260681,250.36000000,5.08100000,249.84
1749260681,250.37000000,19.49700000,249.84
1749260681,250.38000000,11.63400000,249.84
1749260681,250.39000000,70.37500000,249.84
1749260681,250.40000000,179.32700000,249.84
1749260681,250.41000000,3.85100000,249.84
1749260681,250.42000000,13.09000000,249.84
1749260681,250.43000000,1.01600000,249.84
1749260681,250.44000000,12.49200000,249.84
1749260681,250.45000000,0.04100000,249.84
1749260681,250.46000000,13.38300000,249.84
1749260681,250.47000000,4.15700000,249.84
1749260681,250.48000000,14.18400000,249.84
1749260681,250.49000000,5.15100000,249.84
1749260681,250.50000000,22.81400000,249.84
1749260681,250.51000000,16.57900000,249.84
1749260681,250.52000000,0.98600000,249.84
1749260681,250.53000000,60.22200000,249.84
1749260681,250.54000000,12.07900000,249.84
1749260681,250.55000000,5.17900000,249.84
1749260681,250.56000000,8.29500000,249.84
1749260681,250.57000000,4.20400000,249.84
1749260681,250.58000000,5.14900000,249.84
1749260681,250.59000000,0.04100000,249.84
1749260681,250.60000000,4.29500000,249.84
1749260681,250.61000000,0.94500000,249.84
1749260681,250.62000000,20.62600000,249.84
1749260681,250.63000000,12.39500000,249.84
1749260681,250.64000000,0.94500000,249.84
1749260681,250.66000000,6.95500000,249.84
1749260681,250.67000000,9.20700000,249.84
1749260681,250.68000000,230.83600000,249.84
1749260681,250.70000000,0.94500000,249.84
1749260681,250.72000000,8.23200000,249.84
1749260681,250.73000000,13.82500000,249.84
1749260681,250.74000000,0.58600000,249.84
1749260681,250.76000000,0.94500000,249.84
1749260681,250.78000000,8.23200000,249.84
1749260681,250.79000000,4.14600000,249.84
1749260681,250.80000000,0.10000000,249.84
1749260681,250.82000000,8.25800000,249.84
1749260681,250.84000000,0.53100000,249.84
1749260681,250.86000000,12.34700000,249.84
1749260681,250.88000000,0.53100000,249.84
1749260681,250.89000000,8.23200000,249.84
1749260681,250.91000000,0.03000000,249.84
1749260681,250.92000000,24.49400000,249.84
1749260681,250.94000000,4.11600000,249.84
1749261000,250.18000000,0.20600000,250.18
1749261000,250.19000000,0.69900000,250.18
1749261000,250.20000000,0.74100000,250.18
1749261000,250.21000000,1.71500000,250.18
1749261000,250.22000000,0.76200000,250.18
1749261000,250.23000000,1.77000000,250.18
1749261000,250.24000000,0.76200000,250.18
1749261000,250.25000000,6.33600000,250.18
1749261000,250.26000000,17.65200000,250.18
1749261000,250.27000000,9.38100000,250.18
1749261000,250.28000000,3.54500000,250.18
1749261000,250.29000000,8.51500000,250.18
1749261000,250.30000000,30.69600000,250.18
1749261000,250.31000000,57.08900000,250.18
1749261000,250.32000000,5.89400000,250.18
1749261000,250.33000000,4.81700000,250.18
1749261000,250.34000000,18.54300000,250.18
1749261000,250.35000000,5.04800000,250.18
1749261000,250.36000000,2.43900000,250.18
1749261000,250.37000000,53.94200000,250.18
1749261000,250.38000000,52.39500000,250.18
1749261000,250.39000000,15.83000000,250.18
1749261000,250.40000000,58.81200000,250.18
1749261000,250.41000000,42.21400000,250.18
1749261000,250.42000000,16.56100000,250.18
1749261000,250.43000000,7.19800000,250.18
1749261000,250.44000000,5.35200000,250.18
1749261000,250.45000000,19.33700000,250.18
1749261000,250.46000000,10.48500000,250.18
1749261000,250.47000000,10.64600000,250.18
1749261000,250.48000000,24.75900000,250.18
1749261000,250.49000000,5.13800000,250.18
1749261000,250.50000000,5.05300000,250.18
1749261000,250.51000000,26.13000000,250.18
1749261000,250.52000000,37.69000000,250.18
1749261000,250.53000000,34.98500000,250.18
1749261000,250.54000000,25.77500000,250.18
1749261000,250.55000000,7.66800000,250.18
1749261000,250.56000000,10.92900000,250.18
1749261000,250.57000000,9.74700000,250.18
1749261000,250.58000000,19.24400000,250.18
1749261000,250.59000000,28.72200000,250.18
1749261000,250.60000000,9.00200000,250.18
1749261000,250.61000000,43.69900000,250.18
1749261000,250.62000000,40.54700000,250.18
1749261000,250.63000000,42.28100000,250.18
1749261000,250.64000000,32.54000000,250.18
1749261000,250.65000000,18.88400000,250.18
1749261000,250.66000000,90.72600000,250.18
1749261000,250.67000000,13.41000000,250.18
1749261000,250.68000000,28.32800000,250.18
1749261000,250.69000000,6.82500000,250.18
1749261000,250.70000000,21.85900000,250.18
1749261000,250.71000000,207.61200000,250.18
1749261000,250.72000000,16.76500000,250.18
1749261000,250.73000000,14.63300000,250.18
1749261000,250.74000000,46.23800000,250.18
1749261000,250.75000000,22.97400000,250.18
1749261000,250.76000000,20.89900000,250.18
1749261000,250.77000000,11.10900000,250.18
1749261000,250.78000000,12.43300000,250.18
1749261000,250.79000000,5.15600000,250.18
1749261000,250.80000000,14.69200000,250.18
1749261000,250.81000000,4.06200000,250.18
1749261000,250.82000000,13.40300000,250.18
1749261000,250.83000000,5.96500000,250.18
1749261000,250.84000000,0.04100000,250.18
1749261000,250.85000000,5.14400000,250.18
1749261000,250.86000000,26.52400000,250.18
1749261000,250.87000000,0.04100000,250.18
1749261000,250.88000000,5.47700000,250.18
1749261000,250.89000000,11.85100000,250.18
1749261000,250.90000000,0.04100000,250.18
1749261000,250.91000000,61.09700000,250.18
1749261000,250.92000000,23.51900000,250.18
1749261000,250.93000000,4.19800000,250.18
1749261000,250.94000000,5.10200000,250.18
1749261000,250.95000000,4.15800000,250.18
1749261000,250.97000000,25.68000000,250.18
1749261000,250.98000000,4.15700000,250.18
1749261000,250.99000000,4.18000000,250.18
1749261000,251.00000000,6.54500000,250.18
1749261000,251.01000000,8.23200000,250.18
1749261000,251.03000000,0.03000000,250.18
1749261000,251.04000000,0.02200000,250.18
1749261000,251.05000000,231.87500000,250.18
1749261000,251.07000000,0.53100000,250.18
1749261000,251.09000000,8.23200000,250.18
1749261000,251.10000000,16.46300000,250.18
1749261000,251.11000000,0.55300000,250.18
1749261000,251.12000000,8.23200000,250.18
1749261000,251.13000000,0.97600000,250.18
1749261000,251.15000000,0.05600000,250.18
1749261000,251.18000000,6.96900000,250.18
1749261000,251.19000000,0.53100000,250.18
1749261000,251.20000000,0.04500000,250.18
1749261000,251.21000000,12.34700000,250.18
1749261000,251.23000000,8.23200000,250.18
1749261000,251.25000000,8.23200000,250.18
1749261000,251.26000000,0.53100000,250.18
1749261301,249.74000000,0.08300000,249.71
1749261301,249.75000000,0.42700000,249.71
1749261301,249.76000000,0.06400000,249.71
1749261301,249.77000000,0.07200000,249.71
1749261301,249.78000000,1.21900000,249.71
1749261301,249.79000000,6.24500000,249.71
1749261301,249.80000000,13.16800000,249.71
1749261301,249.81000000,5.41800000,249.71
1749261301,249.82000000,5.09300000,249.71
1749261301,249.83000000,19.65600000,249.71
1749261301,249.84000000,13.87000000,249.71
1749261301,249.85000000,39.30600000,249.71
1749261301,249.86000000,37.24100000,249.71
1749261301,249.87000000,1.85000000,249.71
1749261301,249.88000000,9.16100000,249.71
1749261301,249.89000000,19.94700000,249.71
1749261301,249.90000000,31.89700000,249.71
1749261301,249.91000000,32.86900000,249.71
1749261301,249.92000000,52.45000000,249.71
1749261301,249.93000000,64.23100000,249.71
1749261301,249.94000000,57.58800000,249.71
1749261301,249.95000000,50.56100000,249.71
1749261301,249.96000000,15.97300000,249.71
1749261301,249.97000000,66.24700000,249.71
1749261301,249.98000000,20.05300000,249.71
1749261301,249.99000000,22.74600000,249.71
1749261301,250.00000000,18.75200000,249.71
1749261301,250.01000000,9.17600000,249.71
1749261301,250.02000000,13.32900000,249.71
1749261301,250.03000000,4.24400000,249.71
1749261301,250.04000000,14.16300000,249.71
1749261301,250.05000000,37.73700000,249.71
1749261301,250.06000000,7.19800000,249.71
1749261301,250.07000000,4.15200000,249.71
1749261301,250.08000000,10.19200000,249.71
1749261301,250.09000000,23.09400000,249.71
1749261301,250.10000000,29.66100000,249.71
1749261301,250.11000000,16.42500000,249.71
1749261301,250.12000000,24.95300000,249.71
1749261301,250.13000000,11.61400000,249.71
1749261301,250.14000000,18.80800000,249.71
1749261301,250.15000000,13.66600000,249.71
1749261301,250.16000000,18.09900000,249.71
1749261301,250.17000000,22.26500000,249.71
1749261301,250.18000000,28.23400000,249.71
1749261301,250.19000000,34.61000000,249.71
1749261301,250.20000000,43.12600000,249.71
1749261301,250.21000000,46.38500000,249.71
1749261301,250.22000000,19.41500000,249.71
1749261301,250.23000000,29.68600000,249.71
1749261301,250.24000000,18.38900000,249.71
1749261301,250.25000000,30.87700000,249.71
1749261301,250.26000000,18.41100000,249.71
1749261301,250.27000000,19.20400000,249.71
1749261301,250.28000000,18.33400000,249.71
1749261301,250.29000000,20.66200000,249.71
1749261301,250.30000000,7.06300000,249.71
1749261301,250.31000000,14.21400000,249.71
1749261301,250.32000000,2.71800000,249.71
1749261301,250.33000000,4.19600000,249.71
1749261301,250.34000000,12.03600000,249.71
1749261301,250.35000000,7.51500000,249.71
1749261301,250.36000000,9.43400000,249.71
1749261301,250.37000000,4.19500000,249.71
1749261301,250.38000000,2.27500000,249.71
1749261301,250.39000000,8.27600000,249.71
1749261301,250.40000000,14.90000000,249.71
1749261301,250.41000000,8.83400000,249.71
1749261301,250.42000000,1.99200000,249.71
1749261301,250.43000000,5.16900000,249.71
1749261301,250.44000000,5.33000000,249.71
1749261301,250.45000000,19.30700000,249.71
1749261301,250.46000000,11.00800000,249.71
1749261301,250.47000000,66.33100000,249.71
1749261301,250.48000000,10.01900000,249.71
1749261301,250.49000000,61.15500000,249.71
1749261301,250.50000000,23.26100000,249.71
1749261301,250.51000000,16.52500000,249.71
1749261301,250.52000000,0.94500000,249.71
1749261301,250.53000000,4.16400000,249.71
1749261301,250.54000000,12.03800000,249.71
1749261301,250.55000000,5.13800000,249.71
1749261301,250.56000000,8.25400000,249.71
1749261301,250.57000000,4.16300000,249.71
1749261301,250.58000000,5.50700000,249.71
1749261301,250.59000000,0.53200000,249.71
1749261301,250.60000000,0.09100000,249.71
1749261301,250.61000000,1.47700000,249.71
1749261301,250.62000000,16.50000000,249.71
1749261301,250.63000000,8.63100000,249.71
1749261301,250.66000000,7.08900000,249.71
1749261301,250.67000000,8.26200000,249.71
1749261301,250.71000000,180.17900000,249.71
1749261301,250.72000000,8.23200000,249.71
1749261301,250.73000000,12.34700000,249.71
1749261301,250.74000000,0.05400000,249.71
1749261301,250.75000000,0.53100000,249.71
1749261301,250.76000000,6.21700000,249.71
1749261301,250.77000000,3.17800000,249.71
1749261301,250.78000000,8.23200000,249.71
1749261603,249.71000000,7.08500000,249.64
1749261603,249.72000000,4.54100000,249.64
1749261603,249.73000000,11.06700000,249.64
1749261603,249.74000000,3.81200000,249.64
1749261603,249.75000000,3.51300000,249.64
1749261603,249.76000000,1.65900000,249.64
1749261603,249.77000000,2.01800000,249.64
1749261603,249.78000000,10.34900000,249.64
1749261603,249.79000000,14.30800000,249.64
1749261603,249.80000000,11.89400000,249.64
1749261603,249.81000000,9.08300000,249.64
1749261603,249.82000000,3.97800000,249.64
1749261603,249.83000000,11.89600000,249.64
1749261603,249.84000000,3.34500000,249.64
1749261603,249.85000000,20.04500000,249.64
1749261603,249.86000000,17.39500000,249.64
1749261603,249.87000000,4.23400000,249.64
1749261603,249.88000000,1.36500000,249.64
1749261603,249.89000000,5.03400000,249.64
1749261603,249.90000000,2.30000000,249.64
1749261603,249.91000000,36.14600000,249.64
1749261603,249.92000000,1.73700000,249.64
1749261603,249.93000000,8.71100000,249.64
1749261603,249.94000000,12.98100000,249.64
1749261603,249.95000000,5.06300000,249.64
1749261603,249.96000000,12.14400000,249.64
1749261603,249.97000000,26.14200000,249.64
1749261603,249.98000000,25.72500000,249.64
1749261603,249.99000000,7.02200000,249.64
1749261603,250.00000000,48.54100000,249.64
1749261603,250.01000000,53.94600000,249.64
1749261603,250.02000000,69.33400000,249.64
1749261603,250.03000000,68.68300000,249.64
1749261603,250.04000000,18.29100000,249.64
1749261603,250.05000000,53.24800000,249.64
1749261603,250.06000000,41.49500000,249.64
1749261603,250.07000000,55.64300000,249.64
1749261603,250.08000000,36.04300000,249.64
1749261603,250.09000000,31.50300000,249.64
1749261603,250.10000000,17.05800000,249.64
1749261603,250.11000000,12.34400000,249.64
1749261603,250.12000000,11.18200000,249.64
1749261603,250.13000000,8.31600000,249.64
1749261603,250.14000000,1.60600000,249.64
1749261603,250.15000000,7.36700000,249.64
1749261603,250.16000000,9.74200000,249.64
1749261603,250.17000000,15.70800000,249.64
1749261603,250.18000000,23.75500000,249.64
1749261603,250.19000000,10.32500000,249.64
1749261603,250.20000000,25.28300000,249.64
1749261603,250.21000000,22.17800000,249.64
1749261603,250.22000000,18.96400000,249.64
1749261603,250.23000000,23.28900000,249.64
1749261603,250.24000000,31.98300000,249.64
1749261603,250.25000000,6.23100000,249.64
1749261603,250.26000000,18.11200000,249.64
1749261603,250.27000000,28.41400000,249.64
1749261603,250.28000000,105.25100000,249.64
1749261603,250.29000000,33.46800000,249.64
1749261603,250.30000000,74.24900000,249.64
1749261603,250.31000000,48.91400000,249.64
1749261603,250.32000000,10.82500000,249.64
1749261603,250.33000000,4.19600000,249.64
1749261603,250.34000000,12.04300000,249.64
1749261603,250.35000000,7.51500000,249.64
1749261603,250.36000000,9.43400000,249.64
1749261603,250.37000000,4.19500000,249.64
1749261603,250.38000000,2.27500000,249.64
1749261603,250.39000000,8.27600000,249.64
1749261603,250.40000000,14.90000000,249.64
1749261603,250.41000000,8.83400000,249.64
1749261603,250.42000000,1.99200000,249.64
1749261603,250.43000000,181.99700000,249.64
1749261603,250.44000000,5.33000000,249.64
1749261603,250.45000000,19.46400000,249.64
1749261603,250.46000000,9.74100000,249.64
1749261603,250.47000000,7.73200000,249.64
1749261603,250.48000000,67.54000000,249.64
1749261603,250.49000000,5.09700000,249.64
1749261603,250.50000000,23.31000000,249.64
1749261603,250.51000000,16.52500000,249.64
1749261603,250.52000000,0.94500000,249.64
1749261603,250.53000000,4.16400000,249.64
1749261603,250.54000000,12.03800000,249.64
1749261603,250.55000000,5.13800000,249.64
1749261603,250.56000000,12.41800000,249.64
1749261603,250.58000000,0.94500000,249.64
1749261603,250.59000000,0.53200000,249.64
1749261603,250.60000000,0.62300000,249.64
1749261603,250.61000000,0.94500000,249.64
1749261603,250.62000000,16.50000000,249.64
1749261603,250.63000000,8.23200000,249.64
1749261603,250.64000000,0.94500000,249.64
1749261603,250.67000000,15.35100000,249.64
1749261603,250.69000000,231.78100000,249.64
1749261603,250.71000000,0.02400000,249.64
1749261603,250.72000000,8.23200000,249.64
1749261603,250.73000000,12.34700000,249.64
1749261603,250.74000000,0.58600000,249.64
1749261603,250.78000000,8.23200000,249.64
1749261909,249.48000000,0.90800000,249.5
1749261909,249.49000000,1.69300000,249.5
1749261909,249.50000000,3.76500000,249.5
1749261909,249.51000000,9.31000000,249.5
1749261909,249.52000000,2.27600000,249.5
1749261909,249.53000000,3.52100000,249.5
1749261909,249.54000000,9.73400000,249.5
1749261909,249.55000000,14.79300000,249.5
1749261909,249.56000000,32.86000000,249.5
1749261909,249.57000000,8.39000000,249.5
1749261909,249.58000000,9.59600000,249.5
1749261909,249.59000000,32.44200000,249.5
1749261909,249.60000000,40.42800000,249.5
1749261909,249.61000000,22.00500000,249.5
1749261909,249.62000000,9.21000000,249.5
1749261909,249.63000000,38.55600000,249.5
1749261909,249.64000000,58.53500000,249.5
1749261909,249.65000000,38.22700000,249.5
1749261909,249.66000000,30.35900000,249.5
1749261909,249.67000000,95.35400000,249.5
1749261909,249.68000000,55.94000000,249.5
1749261909,249.69000000,1.97300000,249.5
1749261909,249.70000000,47.70400000,249.5
1749261909,249.71000000,2.19900000,249.5
1749261909,249.72000000,14.20000000,249.5
1749261909,249.73000000,14.21500000,249.5
1749261909,249.74000000,1.31200000,249.5
1749261909,249.75000000,7.09300000,249.5
1749261909,249.76000000,13.55400000,249.5
1749261909,249.77000000,20.01700000,249.5
1749261909,249.78000000,12.67100000,249.5
1749261909,249.79000000,20.49600000,249.5
1749261909,249.80000000,17.49000000,249.5
1749261909,249.81000000,6.63300000,249.5
1749261909,249.82000000,21.19800000,249.5
1749261909,249.83000000,21.51400000,249.5
1749261909,249.84000000,28.89800000,249.5
1749261909,249.85000000,38.51500000,249.5
1749261909,249.86000000,28.01900000,249.5
1749261909,249.87000000,14.28300000,249.5
1749261909,249.88000000,27.31700000,249.5
1749261909,249.89000000,21.09400000,249.5
1749261909,249.90000000,3.15600000,249.5
1749261909,249.91000000,35.48800000,249.5
1749261909,249.92000000,9.45500000,249.5
1749261909,249.93000000,38.52800000,249.5
1749261909,249.94000000,39.72300000,249.5
1749261909,249.95000000,48.96500000,249.5
1749261909,249.96000000,22.97000000,249.5
1749261909,249.97000000,39.49000000,249.5
1749261909,249.98000000,26.59800000,249.5
1749261909,249.99000000,1.30700000,249.5
1749261909,250.00000000,4.24600000,249.5
1749261909,250.01000000,20.72800000,249.5
1749261909,250.02000000,14.23300000,249.5
1749261909,250.03000000,1.74200000,249.5
1749261909,250.04000000,7.91100000,249.5
1749261909,250.05000000,4.53400000,249.5
1749261909,250.06000000,2.01400000,249.5
1749261909,250.07000000,12.18900000,249.5
1749261909,250.08000000,42.55300000,249.5
1749261909,250.09000000,63.22100000,249.5
1749261909,250.10000000,15.23700000,249.5
1749261909,250.11000000,10.01900000,249.5
1749261909,250.12000000,7.63900000,249.5
1749261909,250.13000000,8.31600000,249.5
1749261909,250.14000000,1.60600000,249.5
1749261909,250.15000000,5.14400000,249.5
1749261909,250.16000000,0.04100000,249.5
1749261909,250.17000000,19.45700000,249.5
1749261909,250.18000000,23.23200000,249.5
1749261909,250.19000000,4.22800000,249.5
1749261909,250.20000000,12.78500000,249.5
1749261909,250.21000000,0.98600000,249.5
1749261909,250.22000000,4.19800000,249.5
1749261909,250.23000000,0.04100000,249.5
1749261909,250.24000000,5.15600000,249.5
1749261909,250.25000000,4.16900000,249.5
1749261909,250.26000000,0.53200000,249.5
1749261909,250.27000000,5.11400000,249.5
1749261909,250.28000000,68.46600000,249.5
1749261909,250.29000000,20.63200000,249.5
1749261909,250.30000000,4.16800000,249.5
1749261909,250.31000000,28.13500000,249.5
1749261909,250.32000000,5.57300000,249.5
1749261909,250.36000000,8.23200000,249.5
1749261909,250.39000000,7.04000000,249.5
1749261909,250.40000000,12.36700000,249.5
1749261909,250.41000000,4.64000000,249.5
1749261909,250.43000000,176.85800000,249.5
1749261909,250.45000000,12.34800000,249.5
1749261909,250.46000000,8.76400000,249.5
1749261909,250.48000000,9.97800000,249.5
1749261909,250.50000000,23.31000000,249.5
1749261909,250.51000000,12.37300000,249.5
1749261909,250.54000000,8.23200000,249.5
1749261909,250.55000000,0.03000000,249.5
1749261909,250.56000000,8.25400000,249.5
1749261909,250.59000000,0.53200000,249.5
1749261909,250.60000000,0.58300000,249.5
1749262211,249.46000000,0.06400000,249.44
1749262211,249.47000000,0.04100000,249.44
1749262211,249.48000000,0.06400000,249.44
1749262211,249.49000000,1.60100000,249.44
1749262211,249.50000000,2.00500000,249.44
1749262211,249.51000000,0.65600000,249.44
1749262211,249.52000000,0.67900000,249.44
1749262211,249.53000000,2.43200000,249.44
1749262211,249.54000000,7.07500000,249.44
1749262211,249.55000000,21.86700000,249.44
1749262211,249.56000000,8.07000000,249.44
1749262211,249.57000000,4.23800000,249.44
1749262211,249.58000000,11.83800000,249.44
1749262211,249.59000000,50.21300000,249.44
1749262211,249.60000000,32.57700000,249.44
1749262211,249.61000000,5.72500000,249.44
1749262211,249.62000000,8.69900000,249.44
1749262211,249.63000000,13.07400000,249.44
1749262211,249.64000000,10.99800000,249.44
1749262211,249.65000000,40.58900000,249.44
1749262211,249.66000000,17.53000000,249.44
1749262211,249.67000000,29.45900000,249.44
1749262211,249.68000000,14.28300000,249.44
1749262211,249.69000000,1.97300000,249.44
1749262211,249.70000000,4.22700000,249.44
1749262211,249.71000000,2.18800000,249.44
1749262211,249.72000000,11.38200000,249.44
1749262211,249.73000000,19.79800000,249.44
1749262211,249.74000000,8.48500000,249.44
1749262211,249.75000000,20.01800000,249.44
1749262211,249.76000000,58.31200000,249.44
1749262211,249.77000000,30.84000000,249.44
1749262211,249.78000000,16.41800000,249.44
1749262211,249.79000000,19.82400000,249.44
1749262211,249.80000000,2.26800000,249.44
1749262211,249.81000000,4.20400000,249.44
1749262211,249.82000000,2.46800000,249.44
1749262211,249.83000000,5.18000000,249.44
1749262211,249.84000000,1.32500000,249.44
1749262211,249.85000000,27.68400000,249.44
1749262211,249.86000000,69.22300000,249.44
1749262211,249.87000000,10.08500000,249.44
1749262211,249.88000000,23.43000000,249.44
1749262211,249.89000000,4.20300000,249.44
1749262211,249.90000000,3.13500000,249.44
1749262211,249.91000000,4.20300000,249.44
1749262211,249.92000000,2.17500000,249.44
1749262211,249.93000000,9.54200000,249.44
1749262211,249.94000000,12.70200000,249.44
1749262211,249.95000000,13.50100000,249.44
1749262211,249.96000000,5.75000000,249.44
1749262211,249.97000000,10.50400000,249.44
1749262211,249.98000000,26.93900000,249.44
1749262211,249.99000000,16.54000000,249.44
1749262211,250.00000000,4.24600000,249.44
1749262211,250.01000000,9.02400000,249.44
1749262211,250.02000000,14.23300000,249.44
1749262211,250.03000000,1.74200000,249.44
1749262211,250.04000000,7.03800000,249.44
1749262211,250.05000000,4.53400000,249.44
1749262211,250.06000000,0.04100000,249.44
1749262211,250.07000000,5.17600000,249.44
1749262211,250.08000000,24.80100000,249.44
1749262211,250.09000000,0.04100000,249.44
1749262211,250.10000000,12.43200000,249.44
1749262211,250.11000000,10.01900000,249.44
1749262211,250.12000000,5.14400000,249.44
1749262211,250.13000000,8.31600000,249.44
1749262211,250.14000000,176.86900000,249.44
1749262211,250.15000000,5.14400000,249.44
1749262211,250.16000000,0.04100000,249.44
1749262211,250.17000000,4.19800000,249.44
1749262211,250.18000000,25.73600000,249.44
1749262211,250.19000000,0.07100000,249.44
1749262211,250.20000000,12.79800000,249.44
1749262211,250.21000000,61.25500000,249.44
1749262211,250.22000000,0.04100000,249.44
1749262211,250.23000000,4.21100000,249.44
1749262211,250.24000000,5.11500000,249.44
1749262211,250.26000000,4.16900000,249.44
1749262211,250.27000000,2.59300000,249.44
1749262211,250.28000000,12.40000000,249.44
1749262211,250.29000000,16.46300000,249.44
1749262211,250.30000000,5.64600000,249.44
1749262211,250.31000000,12.42900000,249.44
1749262211,250.32000000,0.02200000,249.44
1749262211,250.33000000,231.78100000,249.44
1749262211,250.35000000,0.53200000,249.44
1749262211,250.36000000,9.17700000,249.44
1749262211,250.39000000,7.98500000,249.44
1749262211,250.40000000,12.36700000,249.44
1749262211,250.41000000,4.64000000,249.44
1749262211,250.42000000,0.94500000,249.44
1749262211,250.43000000,0.03000000,249.44
1749262211,250.45000000,13.29300000,249.44
1749262211,250.46000000,8.76400000,249.44
1749262211,250.48000000,9.97800000,249.44
1749262211,250.50000000,23.31000000,249.44
1749262211,250.51000000,12.37300000,249.44
1749262211,250.54000000,8.23200000,249.44
1749262512,250.13000000,2.07000000,250.12
1749262512,250.14000000,1.55000000,250.12
1749262512,250.15000000,3.07300000,250.12
1749262512,250.16000000,8.97800000,250.12
1749262512,250.17000000,4.60700000,250.12
1749262512,250.18000000,4.59400000,250.12
1749262512,250.19000000,12.21000000,250.12
1749262512,250.20000000,4.27900000,250.12
1749262512,250.21000000,16.97200000,250.12
1749262512,250.22000000,47.61000000,250.12
1749262512,250.23000000,38.00100000,250.12
1749262512,250.24000000,27.95800000,250.12
1749262512,250.25000000,7.02500000,250.12
1749262512,250.26000000,4.71900000,250.12
1749262512,250.27000000,21.64700000,250.12
1749262512,250.28000000,31.07600000,250.12
1749262512,250.29000000,52.40800000,250.12
1749262512,250.30000000,26.14300000,250.12
1749262512,250.31000000,43.83200000,250.12
1749262512,250.32000000,3.40800000,250.12
1749262512,250.33000000,7.46300000,250.12
1749262512,250.34000000,7.99600000,250.12
1749262512,250.35000000,6.20700000,250.12
1749262512,250.36000000,24.36100000,250.12
1749262512,250.37000000,1.33900000,250.12
1749262512,250.38000000,9.01500000,250.12
1749262512,250.39000000,27.25700000,250.12
1749262512,250.40000000,53.98800000,250.12
1749262512,250.41000000,33.95900000,250.12
1749262512,250.42000000,14.42900000,250.12
1749262512,250.43000000,41.16500000,250.12
1749262512,250.44000000,31.13500000,250.12
1749262512,250.45000000,65.65700000,250.12
1749262512,250.46000000,83.31100000,250.12
1749262512,250.47000000,34.97800000,250.12
1749262512,250.48000000,16.85200000,250.12
1749262512,250.49000000,11.55200000,250.12
1749262512,250.50000000,10.05600000,250.12
1749262512,250.51000000,26.04900000,250.12
1749262512,250.52000000,49.66800000,250.12
1749262512,250.53000000,36.99900000,250.12
1749262512,250.54000000,115.71000000,250.12
1749262512,250.55000000,95.13200000,250.12
1749262512,250.56000000,10.17300000,250.12
1749262512,250.57000000,6.41100000,250.12
1749262512,250.58000000,23.20200000,250.12
1749262512,250.59000000,68.24100000,250.12
1749262512,250.60000000,17.65200000,250.12
1749262512,250.61000000,12.60300000,250.12
1749262512,250.62000000,30.76600000,250.12
1749262512,250.63000000,12.88100000,250.12
1749262512,250.64000000,13.57000000,250.12
1749262512,250.65000000,6.11500000,250.12
1749262512,250.66000000,9.00700000,250.12
1749262512,250.67000000,12.46400000,250.12
1749262512,250.68000000,1.60700000,250.12
1749262512,250.69000000,6.40800000,250.12
1749262512,250.70000000,5.47000000,250.12
1749262512,250.71000000,4.22500000,250.12
1749262512,250.72000000,15.50500000,250.12
1749262512,250.73000000,16.54800000,250.12
1749262512,250.74000000,4.27700000,250.12
1749262512,250.75000000,58.20600000,250.12
1749262512,250.76000000,176.86900000,250.12
1749262512,250.77000000,4.20000000,250.12
1749262512,250.78000000,9.21800000,250.12
1749262512,250.79000000,8.37000000,250.12
1749262512,250.80000000,0.14100000,250.12
1749262512,250.81000000,5.14500000,250.12
1749262512,250.82000000,68.39300000,250.12
1749262512,250.83000000,0.04100000,250.12
1749262512,250.84000000,5.14400000,250.12
1749262512,250.85000000,231.82200000,250.12
1749262512,250.86000000,16.54500000,250.12
1749262512,250.87000000,3.40100000,250.12
1749262512,250.88000000,1.78300000,250.12
1749262512,250.89000000,10.01500000,250.12
1749262512,250.90000000,0.94500000,250.12
1749262512,250.91000000,6.97900000,250.12
1749262512,250.92000000,23.47800000,250.12
1749262512,250.93000000,0.94500000,250.12
1749262512,250.94000000,4.11600000,250.12
1749262512,250.96000000,4.32900000,250.12
1749262512,250.97000000,20.57900000,250.12
1749262512,250.98000000,0.53100000,250.12
1749262512,250.99000000,1.70500000,250.12
1749262512,251.00000000,1.44400000,250.12
1749262512,251.01000000,8.23200000,250.12
1749262512,251.03000000,0.03000000,250.12
1749262512,251.04000000,0.02200000,250.12
1749262512,251.05000000,0.09400000,250.12
1749262512,251.08000000,0.53200000,250.12
1749262512,251.10000000,16.46300000,250.12
1749262512,251.11000000,0.02200000,250.12
1749262512,251.12000000,16.46400000,250.12
1749262512,251.13000000,0.97600000,250.12
1749262512,251.15000000,0.58800000,250.12
1749262512,251.20000000,0.57600000,250.12
1749262512,251.21000000,12.34700000,250.12
1749262512,251.23000000,8.76400000,250.12
1749262814,250.25000000,4.33100000,250.24
1749262814,250.26000000,1.85000000,250.24
1749262814,250.27000000,2.90000000,250.24
1749262814,250.28000000,0.86800000,250.24
1749262814,250.29000000,4.95800000,250.24
1749262814,250.30000000,11.35500000,250.24
1749262814,250.31000000,10.15900000,250.24
1749262814,250.32000000,11.35900000,250.24
1749262814,250.33000000,2.28100000,250.24
1749262814,250.34000000,4.21600000,250.24
1749262814,250.35000000,2.07500000,250.24
1749262814,250.36000000,7.00600000,250.24
1749262814,250.37000000,7.15600000,250.24
1749262814,250.38000000,15.94900000,250.24
1749262814,250.39000000,55.03400000,250.24
1749262814,250.40000000,16.38500000,250.24
1749262814,250.41000000,56.50000000,250.24
1749262814,250.42000000,24.17600000,250.24
1749262814,250.43000000,11.22900000,250.24
1749262814,250.44000000,10.09000000,250.24
1749262814,250.45000000,16.56500000,250.24
1749262814,250.46000000,20.33000000,250.24
1749262814,250.47000000,4.22400000,250.24
1749262814,250.48000000,22.07200000,250.24
1749262814,250.49000000,31.84500000,250.24
1749262814,250.50000000,2.49700000,250.24
1749262814,250.51000000,60.49900000,250.24
1749262814,250.52000000,42.38000000,250.24
1749262814,250.53000000,144.81300000,250.24
1749262814,250.54000000,131.87100000,250.24
1749262814,250.55000000,32.21600000,250.24
1749262814,250.56000000,16.13700000,250.24
1749262814,250.57000000,11.52000000,250.24
1749262814,250.58000000,2.81600000,250.24
1749262814,250.59000000,5.13700000,250.24
1749262814,250.60000000,1.56700000,250.24
1749262814,250.61000000,5.72800000,250.24
1749262814,250.62000000,6.99300000,250.24
1749262814,250.63000000,9.21500000,250.24
1749262814,250.64000000,91.71800000,250.24
1749262814,250.65000000,5.44500000,250.24
1749262814,250.66000000,15.10300000,250.24
1749262814,250.67000000,14.95000000,250.24
1749262814,250.68000000,34.09500000,250.24
1749262814,250.69000000,18.28300000,250.24
1749262814,250.70000000,4.75700000,250.24
1749262814,250.71000000,14.68600000,250.24
1749262814,250.72000000,1.77100000,250.24
1749262814,250.73000000,21.28600000,250.24
1749262814,250.74000000,20.63700000,250.24
1749262814,250.75000000,47.19200000,250.24
1749262814,250.76000000,70.55700000,250.24
1749262814,250.77000000,12.06000000,250.24
1749262814,250.78000000,34.01200000,250.24
1749262814,250.79000000,8.37000000,250.24
1749262814,250.80000000,16.02900000,250.24
1749262814,250.81000000,11.64100000,250.24
1749262814,250.82000000,12.45800000,250.24
1749262814,250.83000000,0.04100000,250.24
1749262814,250.84000000,21.04100000,250.24
1749262814,250.85000000,9.37900000,250.24
1749262814,250.86000000,27.68500000,250.24
1749262814,250.87000000,3.80000000,250.24
1749262814,250.88000000,5.64300000,250.24
1749262814,250.89000000,11.85500000,250.24
1749262814,250.90000000,5.14300000,250.24
1749262814,250.91000000,0.07100000,250.24
1749262814,250.92000000,28.61300000,250.24
1749262814,250.93000000,4.32200000,250.24
1749262814,250.94000000,8.31300000,250.24
1749262814,250.95000000,0.04100000,250.24
1749262814,250.96000000,11.38500000,250.24
1749262814,250.97000000,20.62000000,250.24
1749262814,250.98000000,14.60800000,250.24
1749262814,250.99000000,5.16600000,250.24
1749262814,251.00000000,4.74700000,250.24
1749262814,251.01000000,39.93300000,250.24
1749262814,251.02000000,61.52200000,250.24
1749262814,251.03000000,4.18700000,250.24
1749262814,251.04000000,177.15000000,250.24
1749262814,251.05000000,5.19500000,250.24
1749262814,251.06000000,4.15600000,250.24
1749262814,251.07000000,4.68700000,250.24
1749262814,251.09000000,4.15300000,250.24
1749262814,251.10000000,16.46300000,250.24
1749262814,251.11000000,0.02200000,250.24
1749262814,251.12000000,16.46400000,250.24
1749262814,251.13000000,0.53100000,250.24
1749262814,251.15000000,0.05600000,250.24
1749262814,251.16000000,0.53100000,250.24
1749262814,251.19000000,7.11900000,250.24
1749262814,251.20000000,0.04500000,250.24
1749262814,251.21000000,12.34700000,250.24
1749262814,251.23000000,243.95200000,250.24
1749262814,251.25000000,0.59200000,250.24
1749262814,251.26000000,2.00400000,250.24
1749262814,251.27000000,4.14600000,250.24
1749262814,251.28000000,8.25400000,250.24
1749262814,251.29000000,0.03500000,250.24
1749262814,251.30000000,0.02400000,250.24
1749263116,250.42000000,3.58200000,250.41
1749263116,250.43000000,1.36600000,250.41
1749263116,250.44000000,0.63700000,250.41
1749263116,250.45000000,0.64500000,250.41
1749263116,250.46000000,3.55200000,250.41
1749263116,250.47000000,5.96400000,250.41
1749263116,250.48000000,0.06300000,250.41
1749263116,250.49000000,2.64500000,250.41
1749263116,250.50000000,10.43000000,250.41
1749263116,250.51000000,17.19000000,250.41
1749263116,250.52000000,53.06000000,250.41
1749263116,250.53000000,22.25300000,250.41
1749263116,250.54000000,28.25900000,250.41
1749263116,250.55000000,29.05900000,250.41
1749263116,250.56000000,33.50800000,250.41
1749263116,250.57000000,51.45800000,250.41
1749263116,250.58000000,23.18800000,250.41
1749263116,250.59000000,13.33600000,250.41
1749263116,250.60000000,1.58900000,250.41
1749263116,250.61000000,17.61700000,250.41
1749263116,250.62000000,46.19500000,250.41
1749263116,250.63000000,14.59300000,250.41
1749263116,250.64000000,29.63100000,250.41
1749263116,250.65000000,21.32700000,250.41
1749263116,250.66000000,66.33200000,250.41
1749263116,250.67000000,60.24600000,250.41
1749263116,250.68000000,23.04400000,250.41
1749263116,250.69000000,25.69100000,250.41
1749263116,250.70000000,5.33100000,250.41
1749263116,250.71000000,13.08600000,250.41
1749263116,250.72000000,1.43900000,250.41
1749263116,250.73000000,17.67100000,250.41
1749263116,250.74000000,48.70400000,250.41
1749263116,250.75000000,29.17300000,250.41
1749263116,250.76000000,40.57700000,250.41
1749263116,250.77000000,68.00600000,250.41
1749263116,250.78000000,84.94200000,250.41
1749263116,250.79000000,8.37000000,250.41
1749263116,250.80000000,5.96300000,250.41
1749263116,250.81000000,18.00700000,250.41
1749263116,250.82000000,16.63900000,250.41
1749263116,250.83000000,19.47100000,250.41
1749263116,250.84000000,9.32500000,250.41
1749263116,250.85000000,21.27800000,250.41
1749263116,250.86000000,36.25700000,250.41
1749263116,250.87000000,27.27300000,250.41
1749263116,250.88000000,33.47700000,250.41
1749263116,250.89000000,16.10000000,250.41
1749263116,250.90000000,24.75900000,250.41
1749263116,250.91000000,29.85400000,250.41
1749263116,250.92000000,49.13600000,250.41
1749263116,250.93000000,9.72700000,250.41
1749263116,250.94000000,13.66400000,250.41
1749263116,250.95000000,40.02500000,250.41
1749263116,250.96000000,36.24700000,250.41
1749263116,250.97000000,24.77700000,250.41
1749263116,250.98000000,11.46400000,250.41
1749263116,250.99000000,5.16700000,250.41
1749263116,251.00000000,8.90500000,250.41
1749263116,251.01000000,12.42900000,250.41
1749263116,251.02000000,0.98600000,250.41
1749263116,251.03000000,4.22700000,250.41
1749263116,251.04000000,181.68000000,250.41
1749263116,251.05000000,1.08000000,250.41
1749263116,251.06000000,4.19200000,250.41
1749263116,251.07000000,0.04100000,250.41
1749263116,251.08000000,5.14100000,250.41
1749263116,251.09000000,4.19600000,250.41
1749263116,251.10000000,20.65900000,250.41
1749263116,251.11000000,1.00800000,250.41
1749263116,251.12000000,20.66000000,250.41
1749263116,251.13000000,0.04100000,250.41
1749263116,251.14000000,4.19600000,250.41
1749263116,251.15000000,0.09700000,250.41
1749263116,251.16000000,4.19600000,250.41
1749263116,251.17000000,4.19400000,250.41
1749263116,251.18000000,0.04100000,250.41
1749263116,251.19000000,11.27300000,250.41
1749263116,251.20000000,56.25500000,250.41
1749263116,251.21000000,16.50000000,250.41
1749263116,251.22000000,4.15200000,250.41
1749263116,251.23000000,233.97400000,250.41
1749263116,251.24000000,4.15300000,250.41
1749263116,251.25000000,0.59200000,250.41
1749263116,251.26000000,4.15100000,250.41
1749263116,251.27000000,8.29800000,250.41
1749263116,251.28000000,8.25400000,250.41
1749263116,251.29000000,0.03500000,250.41
1749263116,251.30000000,0.02400000,250.41
1749263116,251.31000000,0.53000000,250.41
1749263116,251.32000000,12.34700000,250.41
1749263116,251.33000000,0.39000000,250.41
1749263116,251.35000000,8.23200000,250.41
1749263116,251.38000000,0.02600000,250.41
1749263116,251.39000000,5.48800000,250.41
1749263116,251.40000000,0.03700000,250.41
1749263116,251.43000000,37.55300000,250.41
1749263116,251.44000000,14.87600000,250.41
1749263116,251.46000000,8.23200000,250.41
1749263116,251.49000000,0.03000000,250.41
1749263417,250.17000000,2.54500000,250.13
1749263417,250.18000000,0.65200000,250.13
1749263417,250.19000000,0.55500000,250.13
1749263417,250.20000000,1.51200000,250.13
1749263417,250.21000000,2.30500000,250.13
1749263417,250.22000000,5.83300000,250.13
1749263417,250.23000000,4.92300000,250.13
1749263417,250.24000000,13.00500000,250.13
1749263417,250.25000000,18.98700000,250.13
1749263417,250.26000000,40.01500000,250.13
1749263417,250.27000000,34.50800000,250.13
1749263417,250.28000000,7.66600000,250.13
1749263417,250.29000000,10.83800000,250.13
1749263417,250.30000000,17.53300000,250.13
1749263417,250.31000000,6.46100000,250.13
1749263417,250.32000000,3.94700000,250.13
1749263417,250.33000000,10.16700000,250.13
1749263417,250.34000000,4.31200000,250.13
1749263417,250.35000000,9.87200000,250.13
1749263417,250.36000000,36.13000000,250.13
1749263417,250.37000000,4.08900000,250.13
1749263417,250.38000000,14.66800000,250.13
1749263417,250.39000000,4.24700000,250.13
1749263417,250.40000000,2.56900000,250.13
1749263417,250.41000000,9.30200000,250.13
1749263417,250.42000000,17.11500000,250.13
1749263417,250.43000000,13.82600000,250.13
1749263417,250.44000000,13.47800000,250.13
1749263417,250.45000000,14.05000000,250.13
1749263417,250.46000000,29.12500000,250.13
1749263417,250.47000000,6.79300000,250.13
1749263417,250.48000000,13.71200000,250.13
1749263417,250.49000000,11.53800000,250.13
1749263417,250.50000000,2.29500000,250.13
1749263417,250.51000000,6.26900000,250.13
1749263417,250.52000000,7.41500000,250.13
1749263417,250.53000000,28.60600000,250.13
1749263417,250.54000000,16.22200000,250.13
1749263417,250.55000000,5.74600000,250.13
1749263417,250.56000000,15.38800000,250.13
1749263417,250.57000000,4.19200000,250.13
1749263417,250.58000000,10.88800000,250.13
1749263417,250.59000000,31.97700000,250.13
1749263417,250.60000000,1.31800000,250.13
1749263417,250.61000000,5.72800000,250.13
1749263417,250.62000000,10.29300000,250.13
1749263417,250.63000000,14.21500000,250.13
1749263417,250.64000000,22.22200000,250.13
1749263417,250.65000000,9.74000000,250.13
1749263417,250.66000000,23.20600000,250.13
1749263417,250.67000000,12.45200000,250.13
1749263417,250.68000000,1.38900000,250.13
1749263417,250.69000000,8.90900000,250.13
1749263417,250.70000000,20.94600000,250.13
1749263417,250.71000000,16.98300000,250.13
1749263417,250.72000000,2.33900000,250.13
1749263417,250.73000000,6.85100000,250.13
1749263417,250.74000000,13.97600000,250.13
1749263417,250.75000000,17.48100000,250.13
1749263417,250.76000000,1.29800000,250.13
1749263417,250.77000000,26.52500000,250.13
1749263417,250.78000000,77.30200000,250.13
1749263417,250.79000000,8.37000000,250.13
1749263417,250.80000000,4.16300000,250.13
1749263417,250.81000000,20.29400000,250.13
1749263417,250.82000000,12.43200000,250.13
1749263417,250.83000000,0.04100000,250.13
1749263417,250.84000000,6.44400000,250.13
1749263417,250.85000000,8.00500000,250.13
1749263417,250.86000000,26.52300000,250.13
1749263417,250.87000000,3.40100000,250.13
1749263417,250.88000000,2.30600000,250.13
1749263417,250.89000000,10.15900000,250.13
1749263417,250.90000000,5.47700000,250.13
1749263417,250.91000000,0.07100000,250.13
1749263417,250.92000000,28.13300000,250.13
1749263417,250.93000000,60.11500000,250.13
1749263417,250.94000000,8.27400000,250.13
1749263417,250.95000000,0.53100000,250.13
1749263417,250.96000000,4.14800000,250.13
1749263417,250.97000000,20.57900000,250.13
1749263417,250.98000000,4.15700000,250.13
1749263417,250.99000000,4.18100000,250.13
1749263417,251.00000000,1.44400000,250.13
1749263417,251.01000000,12.38900000,250.13
1749263417,251.03000000,0.03000000,250.13
1749263417,251.04000000,177.15000000,250.13
1749263417,251.05000000,0.09400000,250.13
1749263417,251.07000000,0.53100000,250.13
1749263417,251.10000000,16.46300000,250.13
1749263417,251.11000000,0.02200000,250.13
1749263417,251.12000000,16.46400000,250.13
1749263417,251.13000000,0.53100000,250.13
1749263417,251.15000000,0.03000000,250.13
1749263417,251.16000000,0.86300000,250.13
1749263417,251.19000000,7.11900000,250.13
1749263417,251.20000000,0.04500000,250.13
1749263417,251.21000000,12.34700000,250.13
1749263417,251.23000000,233.97400000,250.13
1749263417,251.25000000,0.06200000,250.13
1749263719,250.24000000,1.36800000,250.22
1749263719,250.25000000,1.33500000,250.22
1749263719,250.26000000,0.06300000,250.22
1749263719,250.27000000,0.31200000,250.22
1749263719,250.28000000,2.34500000,250.22
1749263719,250.29000000,7.36600000,250.22
1749263719,250.30000000,1.66000000,250.22
1749263719,250.31000000,6.85500000,250.22
1749263719,250.32000000,8.75900000,250.22
1749263719,250.33000000,42.44500000,250.22
1749263719,250.34000000,30.13800000,250.22
1749263719,250.35000000,16.12100000,250.22
1749263719,250.36000000,4.21800000,250.22
1749263719,250.37000000,4.08900000,250.22
1749263719,250.38000000,19.81700000,250.22
1749263719,250.39000000,6.48700000,250.22
1749263719,250.40000000,21.95000000,250.22
1749263719,250.41000000,53.24100000,250.22
1749263719,250.42000000,4.33700000,250.22
1749263719,250.43000000,12.44700000,250.22
1749263719,250.44000000,28.50900000,250.22
1749263719,250.45000000,20.53200000,250.22
1749263719,250.46000000,45.68600000,250.22
1749263719,250.47000000,24.42800000,250.22
1749263719,250.48000000,26.90700000,250.22
1749263719,250.49000000,21.76400000,250.22
1749263719,250.50000000,40.60500000,250.22
1749263719,250.51000000,60.92400000,250.22
1749263719,250.52000000,48.19700000,250.22
1749263719,250.53000000,48.24500000,250.22
1749263719,250.54000000,82.34400000,250.22
1749263719,250.55000000,15.45200000,250.22
1749263719,250.56000000,54.67100000,250.22
1749263719,250.57000000,8.79300000,250.22
1749263719,250.58000000,34.19000000,250.22
1749263719,250.59000000,62.72300000,250.22
1749263719,250.60000000,1.84200000,250.22
1749263719,250.61000000,6.43500000,250.22
1749263719,250.62000000,12.81400000,250.22
1749263719,250.63000000,29.36700000,250.22
1749263719,250.64000000,35.81500000,250.22
1749263719,250.65000000,13.18700000,250.22
1749263719,250.66000000,39.67200000,250.22
1749263719,250.67000000,27.03200000,250.22
1749263719,250.68000000,4.61500000,250.22
1749263719,250.69000000,11.99400000,250.22
1749263719,250.70000000,33.59400000,250.22
1749263719,250.71000000,28.58900000,250.22
1749263719,250.72000000,28.62500000,250.22
1749263719,250.73000000,34.03900000,250.22
1749263719,250.74000000,13.97600000,250.22
1749263719,250.75000000,73.76400000,250.22
1749263719,250.76000000,192.02200000,250.22
1749263719,250.77000000,9.06900000,250.22
1749263719,250.78000000,18.77600000,250.22
1749263719,250.79000000,21.96600000,250.22
1749263719,250.80000000,3.11300000,250.22
1749263719,250.81000000,9.69900000,250.22
1749263719,250.82000000,12.43200000,250.22
1749263719,250.83000000,0.04100000,250.22
1749263719,250.84000000,4.19900000,250.22
1749263719,250.85000000,0.04100000,250.22
1749263719,250.86000000,26.52300000,250.22
1749263719,250.87000000,2.45600000,250.22
1749263719,250.88000000,1.78300000,250.22
1749263719,250.89000000,10.15900000,250.22
1749263719,250.90000000,4.53200000,250.22
1749263719,250.91000000,0.07100000,250.22
1749263719,250.92000000,28.13300000,250.22
1749263719,250.93000000,0.04100000,250.22
1749263719,250.94000000,7.56400000,250.22
1749263719,250.95000000,0.04100000,250.22
1749263719,250.96000000,4.19900000,250.22
1749263719,250.97000000,20.62000000,250.22
1749263719,250.98000000,4.19900000,250.22
1749263719,250.99000000,0.06500000,250.22
1749263719,251.00000000,61.56400000,250.22
1749263719,251.01000000,12.38800000,250.22
1749263719,251.02000000,4.15700000,250.22
1749263719,251.03000000,0.03000000,250.22
1749263719,251.04000000,4.17800000,250.22
1749263719,251.05000000,0.09400000,250.22
1749263719,251.06000000,4.15600000,250.22
1749263719,251.07000000,0.53100000,250.22
1749263719,251.08000000,4.15500000,250.22
1749263719,251.10000000,16.46300000,250.22
1749263719,251.11000000,0.02200000,250.22
1749263719,251.12000000,16.46400000,250.22
1749263719,251.13000000,0.53100000,250.22
1749263719,251.15000000,0.03000000,250.22
1749263719,251.16000000,0.86300000,250.22
1749263719,251.19000000,7.11900000,250.22
1749263719,251.20000000,0.04500000,250.22
1749263719,251.21000000,12.34700000,250.22
1749263719,251.22000000,2.00400000,250.22
1749263719,251.23000000,233.97400000,250.22
1749263719,251.25000000,0.06200000,250.22
1749263719,251.27000000,4.14600000,250.22
1749263719,251.28000000,8.25400000,250.22
1749263719,251.29000000,0.03500000,250.22
1749264020,250.13000000,2.50400000,250.13
1749264020,250.14000000,1.30500000,250.13
1749264020,250.15000000,1.37600000,250.13
1749264020,250.16000000,1.28000000,250.13
1749264020,250.17000000,8.87100000,250.13
1749264020,250.18000000,25.33700000,250.13
1749264020,250.19000000,2.01600000,250.13
1749264020,250.20000000,5.15900000,250.13
1749264020,250.21000000,17.21800000,250.13
1749264020,250.22000000,10.50600000,250.13
1749264020,250.23000000,10.08200000,250.13
1749264020,250.24000000,8.34900000,250.13
1749264020,250.25000000,19.60900000,250.13
1749264020,250.26000000,29.54300000,250.13
1749264020,250.27000000,20.90800000,250.13
1749264020,250.28000000,84.82800000,250.13
1749264020,250.29000000,74.48200000,250.13
1749264020,250.30000000,96.89100000,250.13
1749264020,250.31000000,1.38800000,250.13
1749264020,250.32000000,10.40700000,250.13
1749264020,250.33000000,23.13300000,250.13
1749264020,250.34000000,7.05200000,250.13
1749264020,250.35000000,1.93600000,250.13
1749264020,250.36000000,9.07800000,250.13
1749264020,250.37000000,10.75200000,250.13
1749264020,250.38000000,41.96900000,250.13
1749264020,250.39000000,17.62800000,250.13
1749264020,250.40000000,13.93100000,250.13
1749264020,250.41000000,21.84400000,250.13
1749264020,250.42000000,4.99400000,250.13
1749264020,250.43000000,3.93900000,250.13
1749264020,250.44000000,26.04800000,250.13
1749264020,250.45000000,43.41300000,250.13
1749264020,250.46000000,2.50700000,250.13
1749264020,250.47000000,8.25100000,250.13
1749264020,250.48000000,16.66200000,250.13
1749264020,250.49000000,9.57400000,250.13
1749264020,250.50000000,19.61900000,250.13
1749264020,250.51000000,71.32400000,250.13
1749264020,250.52000000,68.47600000,250.13
1749264020,250.53000000,54.76200000,250.13
1749264020,250.54000000,9.09000000,250.13
1749264020,250.55000000,4.18600000,250.13
1749264020,250.56000000,21.06900000,250.13
1749264020,250.57000000,33.26500000,250.13
1749264020,250.58000000,28.75500000,250.13
1749264020,250.59000000,4.19200000,250.13
1749264020,250.60000000,16.93700000,250.13
1749264020,250.61000000,12.61100000,250.13
1749264020,250.62000000,5.43600000,250.13
1749264020,250.63000000,9.19100000,250.13
1749264020,250.64000000,19.65900000,250.13
1749264020,250.65000000,6.95500000,250.13
1749264020,250.66000000,13.80700000,250.13
1749264020,250.67000000,22.16700000,250.13
1749264020,250.68000000,27.32600000,250.13
1749264020,250.69000000,64.69300000,250.13
1749264020,250.70000000,19.61000000,250.13
1749264020,250.71000000,13.08600000,250.13
1749264020,250.72000000,1.43900000,250.13
1749264020,250.73000000,9.64900000,250.13
1749264020,250.74000000,13.45300000,250.13
1749264020,250.75000000,16.53600000,250.13
1749264020,250.76000000,3.02100000,250.13
1749264020,250.77000000,17.34200000,250.13
1749264020,250.78000000,17.44900000,250.13
1749264020,250.79000000,16.36500000,250.13
1749264020,250.80000000,4.21000000,250.13
1749264020,250.81000000,9.69900000,250.13
1749264020,250.82000000,12.43200000,250.13
1749264020,250.83000000,11.73700000,250.13
1749264020,250.84000000,4.19900000,250.13
1749264020,250.85000000,8.00500000,250.13
1749264020,250.86000000,26.52300000,250.13
1749264020,250.87000000,2.45600000,250.13
1749264020,250.88000000,2.31400000,250.13
1749264020,250.89000000,10.15900000,250.13
1749264020,250.90000000,4.49100000,250.13
1749264020,250.91000000,0.03000000,250.13
1749264020,250.92000000,26.99700000,250.13
1749264020,250.94000000,7.94600000,250.13
1749264020,250.95000000,4.15700000,250.13
1749264020,250.97000000,201.86400000,250.13
1749264020,250.99000000,0.02400000,250.13
1749264020,251.00000000,1.44400000,250.13
1749264020,251.01000000,8.23200000,250.13
1749264020,251.02000000,0.53100000,250.13
1749264020,251.03000000,55.91500000,250.13
1749264020,251.04000000,0.02200000,250.13
1749264020,251.05000000,0.09400000,250.13
1749264020,251.10000000,16.46300000,250.13
1749264020,251.11000000,0.02200000,250.13
1749264020,251.12000000,16.46400000,250.13
1749264020,251.15000000,0.56100000,250.13
1749264020,251.16000000,0.33200000,250.13
1749264020,251.17000000,2.53500000,250.13
1749264020,251.19000000,7.11900000,250.13
1749264020,251.20000000,8.27700000,250.13
1749264020,251.21000000,12.34700000,250.13
1749264020,251.23000000,233.97400000,250.13
1749264327,250.20000000,2.49400000,250.19
1749264327,250.22000000,0.06300000,250.19
1749264327,250.23000000,1.01600000,250.19
1749264327,250.24000000,9.15000000,250.19
1749264327,250.25000000,25.05600000,250.19
1749264327,250.26000000,2.66700000,250.19
1749264327,250.27000000,17.56500000,250.19
1749264327,250.28000000,39.38900000,250.19
1749264327,250.29000000,11.49100000,250.19
1749264327,250.30000000,1.90500000,250.19
1749264327,250.31000000,7.98500000,250.19
1749264327,250.32000000,1.33100000,250.19
1749264327,250.33000000,5.75400000,250.19
1749264327,250.34000000,5.11900000,250.19
1749264327,250.35000000,0.07100000,250.19
1749264327,250.36000000,6.76400000,250.19
1749264327,250.37000000,19.13300000,250.19
1749264327,250.38000000,42.77000000,250.19
1749264327,250.39000000,13.72600000,250.19
1749264327,250.40000000,10.82600000,250.19
1749264327,250.41000000,25.28300000,250.19
1749264327,250.42000000,5.99400000,250.19
1749264327,250.43000000,5.37800000,250.19
1749264327,250.44000000,17.93200000,250.19
1749264327,250.45000000,10.52400000,250.19
1749264327,250.46000000,9.72900000,250.19
1749264327,250.47000000,35.16800000,250.19
1749264327,250.48000000,16.66200000,250.19
1749264327,250.49000000,11.50900000,250.19
1749264327,250.50000000,14.75300000,250.19
1749264327,250.51000000,13.64600000,250.19
1749264327,250.52000000,4.19200000,250.19
1749264327,250.53000000,3.92200000,250.19
1749264327,250.54000000,12.56800000,250.19
1749264327,250.55000000,4.18600000,250.19
1749264327,250.56000000,15.99300000,250.19
1749264327,250.57000000,12.42400000,250.19
1749264327,250.58000000,1.01600000,250.19
1749264327,250.59000000,6.76500000,250.19
1749264327,250.60000000,9.84300000,250.19
1749264327,250.61000000,8.72000000,250.19
1749264327,250.62000000,5.43600000,250.19
1749264327,250.63000000,9.19100000,250.19
1749264327,250.64000000,20.47400000,250.19
1749264327,250.65000000,6.95500000,250.19
1749264327,250.66000000,13.80700000,250.19
1749264327,250.67000000,22.16700000,250.19
1749264327,250.68000000,20.08000000,250.19
1749264327,250.69000000,64.39800000,250.19
1749264327,250.70000000,5.26600000,250.19
1749264327,250.71000000,13.06200000,250.19
1749264327,250.72000000,1.43900000,250.19
1749264327,250.73000000,10.66400000,250.19
1749264327,250.74000000,27.79700000,250.19
1749264327,250.75000000,16.53600000,250.19
1749264327,250.76000000,2.30000000,250.19
1749264327,250.77000000,14.53900000,250.19
1749264327,250.78000000,17.44900000,250.19
1749264327,250.79000000,10.96700000,250.19
1749264327,250.80000000,4.21000000,250.19
1749264327,250.81000000,9.69900000,250.19
1749264327,250.82000000,15.57500000,250.19
1749264327,250.83000000,11.73700000,250.19
1749264327,250.84000000,4.19900000,250.19
1749264327,250.85000000,0.04100000,250.19
1749264327,250.86000000,26.52300000,250.19
1749264327,250.87000000,4.46000000,250.19
1749264327,250.88000000,1.78300000,250.19
1749264327,250.89000000,10.15900000,250.19
1749264327,250.90000000,4.53200000,250.19
1749264327,250.91000000,0.07100000,250.19
1749264327,250.92000000,27.78300000,250.19
1749264327,250.93000000,0.04100000,250.19
1749264327,250.94000000,8.31500000,250.19
1749264327,250.95000000,0.04100000,250.19
1749264327,250.96000000,4.19800000,250.19
1749264327,250.97000000,253.64200000,250.19
1749264327,250.98000000,4.15700000,250.19
1749264327,251.00000000,5.60100000,250.19
1749264327,251.01000000,8.23200000,250.19
1749264327,251.02000000,4.15700000,250.19
1749264327,251.03000000,0.03000000,250.19
1749264327,251.04000000,4.17800000,250.19
1749264327,251.05000000,2.07800000,250.19
1749264327,251.08000000,0.53100000,250.19
1749264327,251.10000000,16.46300000,250.19
1749264327,251.11000000,7.41200000,250.19
1749264327,251.12000000,16.46400000,250.19
1749264327,251.15000000,0.56100000,250.19
1749264327,251.16000000,0.33300000,250.19
1749264327,251.17000000,0.53100000,250.19
1749264327,251.19000000,7.11900000,250.19
1749264327,251.20000000,8.27700000,250.19
1749264327,251.21000000,12.34700000,250.19
1749264327,251.23000000,233.97400000,250.19
1749264327,251.25000000,0.06200000,250.19
1749264327,251.27000000,4.14600000,250.19
1749264327,251.28000000,8.25400000,250.19
1749264327,251.29000000,0.03500000,250.19
1749264327,251.31000000,0.53000000,250.19
1749264629,250.43000000,0.24700000,250.42
1749264629,250.45000000,2.50200000,250.42
1749264629,250.46000000,1.64700000,250.42
1749264629,250.47000000,0.07100000,250.42
1749264629,250.48000000,1.36800000,250.42
1749264629,250.49000000,4.22300000,250.42
1749264629,250.50000000,11.75500000,250.42
1749264629,250.51000000,39.32600000,250.42
1749264629,250.52000000,36.95600000,250.42
1749264629,250.53000000,0.07100000,250.42
1749264629,250.54000000,12.91700000,250.42
1749264629,250.55000000,5.19700000,250.42
1749264629,250.56000000,1.72100000,250.42
1749264629,250.57000000,9.95400000,250.42
1749264629,250.58000000,11.69800000,250.42
1749264629,250.59000000,5.52700000,250.42
1749264629,250.60000000,17.50300000,250.42
1749264629,250.61000000,26.41100000,250.42
1749264629,250.62000000,11.00000000,250.42
1749264629,250.63000000,13.31200000,250.42
1749264629,250.64000000,8.41500000,250.42
1749264629,250.65000000,18.12600000,250.42
1749264629,250.66000000,23.86100000,250.42
1749264629,250.67000000,42.78400000,250.42
1749264629,250.68000000,59.52200000,250.42
1749264629,250.69000000,12.74100000,250.42
1749264629,250.70000000,24.97600000,250.42
1749264629,250.71000000,31.20800000,250.42
1749264629,250.72000000,6.16100000,250.42
1749264629,250.73000000,27.54300000,250.42
1749264629,250.74000000,26.85700000,250.42
1749264629,250.75000000,19.36200000,250.42
1749264629,250.76000000,12.14200000,250.42
1749264629,250.77000000,32.22200000,250.42
1749264629,250.78000000,43.86500000,250.42
1749264629,250.79000000,26.67800000,250.42
1749264629,250.80000000,14.27200000,250.42
1749264629,250.81000000,23.95300000,250.42
1749264629,250.82000000,39.96700000,250.42
1749264629,250.83000000,9.12000000,250.42
1749264629,250.84000000,35.09000000,250.42
1749264629,250.85000000,30.03100000,250.42
1749264629,250.86000000,45.99600000,250.42
1749264629,250.87000000,4.45300000,250.42
1749264629,250.88000000,13.73500000,250.42
1749264629,250.89000000,38.01500000,250.42
1749264629,250.90000000,8.84400000,250.42
1749264629,250.91000000,23.68900000,250.42
1749264629,250.92000000,36.56100000,250.42
1749264629,250.93000000,23.40500000,250.42
1749264629,250.94000000,23.87200000,250.42
1749264629,250.95000000,30.72700000,250.42
1749264629,250.96000000,83.49200000,250.42
1749264629,250.97000000,54.79900000,250.42
1749264629,250.98000000,15.35200000,250.42
1749264629,250.99000000,13.28800000,250.42
1749264629,251.00000000,9.06900000,250.42
1749264629,251.01000000,9.53200000,250.42
1749264629,251.02000000,4.19800000,250.42
1749264629,251.03000000,2.28200000,250.42
1749264629,251.04000000,7.72700000,250.42
1749264629,251.05000000,13.28700000,250.42
1749264629,251.06000000,60.24200000,250.42
1749264629,251.07000000,179.33800000,250.42
1749264629,251.08000000,6.93800000,250.42
1749264629,251.09000000,23.52000000,250.42
1749264629,251.10000000,20.68100000,250.42
1749264629,251.11000000,9.36700000,250.42
1749264629,251.12000000,24.96900000,250.42
1749264629,251.13000000,1.30000000,250.42
1749264629,251.14000000,4.19500000,250.42
1749264629,251.15000000,5.16900000,250.42
1749264629,251.16000000,0.37400000,250.42
1749264629,251.17000000,4.19400000,250.42
1749264629,251.18000000,5.13900000,250.42
1749264629,251.19000000,0.04100000,250.42
1749264629,251.20000000,12.42900000,250.42
1749264629,251.21000000,13.29200000,250.42
1749264629,251.22000000,4.15100000,250.42
1749264629,251.23000000,247.77600000,250.42
1749264629,251.24000000,5.09600000,250.42
1749264629,251.25000000,57.92400000,250.42
1749264629,251.27000000,5.09100000,250.42
1749264629,251.28000000,8.25400000,250.42
1749264629,251.29000000,0.03500000,250.42
1749264629,251.30000000,0.94500000,250.42
1749264629,251.32000000,12.34700000,250.42
1749264629,251.33000000,0.39000000,250.42
1749264629,251.34000000,0.53000000,250.42
1749264629,251.35000000,8.23200000,250.42
1749264629,251.36000000,0.37600000,250.42
1749264629,251.38000000,0.02600000,250.42
1749264629,251.39000000,0.03000000,250.42
1749264629,251.40000000,0.05700000,250.42
1749264629,251.42000000,0.33300000,250.42
1749264629,251.43000000,37.02200000,250.42
1749264629,251.44000000,12.34800000,250.42
1749264629,251.45000000,6.91700000,250.42
1749264629,251.46000000,8.23200000,250.42
1749264629,251.49000000,0.03000000,250.42
1749264930,251.52000000,2.53700000,251.51
1749264930,251.54000000,0.06200000,251.51
1749264930,251.55000000,0.07000000,251.51
1749264930,251.56000000,3.34000000,251.51
1749264930,251.57000000,3.53800000,251.51
1749264930,251.58000000,4.14200000,251.51
1749264930,251.59000000,21.70800000,251.51
1749264930,251.60000000,36.18200000,251.51
1749264930,251.61000000,25.99700000,251.51
1749264930,251.62000000,8.67400000,251.51
1749264930,251.63000000,10.48000000,251.51
1749264930,251.64000000,3.34900000,251.51
1749264930,251.65000000,9.07800000,251.51
1749264930,251.66000000,24.74800000,251.51
1749264930,251.67000000,34.18300000,251.51
1749264930,251.68000000,30.96800000,251.51
1749264930,251.69000000,15.26200000,251.51
1749264930,251.70000000,8.78300000,251.51
1749264930,251.71000000,29.76600000,251.51
1749264930,251.72000000,54.94600000,251.51
1749264930,251.73000000,43.99300000,251.51
1749264930,251.74000000,81.59100000,251.51
1749264930,251.75000000,5.57600000,251.51
1749264930,251.76000000,58.13800000,251.51
1749264930,251.77000000,15.18100000,251.51
1749264930,251.78000000,6.90400000,251.51
1749264930,251.79000000,1.37200000,251.51
1749264930,251.80000000,5.86400000,251.51
1749264930,251.81000000,6.98500000,251.51
1749264930,251.82000000,3.42500000,251.51
1749264930,251.83000000,22.40900000,251.51
1749264930,251.84000000,29.14900000,251.51
1749264930,251.85000000,5.58800000,251.51
1749264930,251.86000000,2.41700000,251.51
1749264930,251.87000000,8.63900000,251.51
1749264930,251.88000000,6.48700000,251.51
1749264930,251.89000000,15.24000000,251.51
1749264930,251.90000000,34.27700000,251.51
1749264930,251.91000000,39.91300000,251.51
1749264930,251.92000000,44.77700000,251.51
1749264930,251.93000000,40.04500000,251.51
1749264930,251.94000000,9.22500000,251.51
1749264930,251.95000000,33.94300000,251.51
1749264930,251.96000000,24.64900000,251.51
1749264930,251.97000000,35.56900000,251.51
1749264930,251.98000000,26.05300000,251.51
1749264930,251.99000000,53.54900000,251.51
1749264930,252.00000000,56.20000000,251.51
1749264930,252.01000000,24.98900000,251.51
1749264930,252.02000000,39.68900000,251.51
1749264930,252.03000000,4.91400000,251.51
1749264930,252.04000000,7.41200000,251.51
1749264930,252.05000000,16.61400000,251.51
1749264930,252.06000000,27.49700000,251.51
1749264930,252.07000000,4.17700000,251.51
1749264930,252.08000000,16.13900000,251.51
1749264930,252.09000000,8.27200000,251.51
1749264930,252.10000000,0.09800000,251.51
1749264930,252.11000000,5.15300000,251.51
1749264930,252.12000000,25.43800000,251.51
1749264930,252.13000000,62.70800000,251.51
1749264930,252.14000000,7.34100000,251.51
1749264930,252.15000000,7.44600000,251.51
1749264930,252.16000000,6.06400000,251.51
1749264930,252.17000000,13.33200000,251.51
1749264930,252.18000000,2.96300000,251.51
1749264930,252.19000000,0.04000000,251.51
1749264930,252.20000000,5.44900000,251.51
1749264930,252.21000000,1.79600000,251.51
1749264930,252.22000000,4.17600000,251.51
1749264930,252.23000000,13.36400000,251.51
1749264930,252.24000000,12.43000000,251.51
1749264930,252.25000000,0.04000000,251.51
1749264930,252.26000000,5.15200000,251.51
1749264930,252.27000000,0.04000000,251.51
1749264930,252.28000000,1.65300000,251.51
1749264930,252.29000000,0.05400000,251.51
1749264930,252.30000000,226.21800000,251.51
1749264930,252.31000000,0.07300000,251.51
1749264930,252.32000000,178.84900000,251.51
1749264930,252.34000000,0.52800000,251.51
1749264930,252.35000000,57.64600000,251.51
1749264930,252.36000000,4.11600000,251.51
1749264930,252.38000000,12.34700000,251.51
1749264930,252.39000000,0.52800000,251.51
1749264930,252.40000000,8.54700000,251.51
1749264930,252.41000000,0.97600000,251.51
1749264930,252.42000000,0.02300000,251.51
1749264930,252.44000000,8.23200000,251.51
1749264930,252.45000000,23.11500000,251.51
1749264930,252.46000000,0.33100000,251.51
1749264930,252.47000000,0.03100000,251.51
1749264930,252.48000000,4.16400000,251.51
1749264930,252.49000000,0.05300000,251.51
1749264930,252.52000000,0.67200000,251.51
1749264930,252.53000000,7.10700000,251.51
1749264930,252.55000000,0.53000000,251.51
1749264930,252.56000000,11.80200000,251.51
1749264930,252.57000000,0.02100000,251.51
1749264930,252.59000000,48.99300000,251.51
1749265232,251.46000000,3.90900000,251.38
1749265232,251.47000000,1.25800000,251.38
1749265232,251.48000000,2.44800000,251.38
1749265232,251.49000000,2.97700000,251.38
1749265232,251.50000000,5.40400000,251.38
1749265232,251.51000000,9.49500000,251.38
1749265232,251.52000000,2.59800000,251.38
1749265232,251.53000000,1.20700000,251.38
1749265232,251.54000000,27.20900000,251.38
1749265232,251.55000000,13.27000000,251.38
1749265232,251.56000000,25.60100000,251.38
1749265232,251.57000000,8.93400000,251.38
1749265232,251.58000000,4.19700000,251.38
1749265232,251.59000000,5.13000000,251.38
1749265232,251.60000000,4.21500000,251.38
1749265232,251.61000000,4.07400000,251.38
1749265232,251.62000000,10.85700000,251.38
1749265232,251.63000000,2.58100000,251.38
1749265232,251.64000000,6.11700000,251.38
1749265232,251.65000000,14.89700000,251.38
1749265232,251.66000000,20.06500000,251.38
1749265232,251.67000000,13.49100000,251.38
1749265232,251.68000000,6.61800000,251.38
1749265232,251.69000000,13.48200000,251.38
1749265232,251.70000000,9.83600000,251.38
1749265232,251.71000000,6.03900000,251.38
1749265232,251.72000000,10.31400000,251.38
1749265232,251.73000000,19.01900000,251.38
1749265232,251.74000000,15.53600000,251.38
1749265232,251.75000000,12.22500000,251.38
1749265232,251.76000000,6.87500000,251.38
1749265232,251.77000000,14.28500000,251.38
1749265232,251.78000000,16.36900000,251.38
1749265232,251.79000000,4.20100000,251.38
1749265232,251.80000000,5.69200000,251.38
1749265232,251.81000000,15.48200000,251.38
1749265232,251.82000000,10.89700000,251.38
1749265232,251.83000000,25.15100000,251.38
1749265232,251.84000000,31.79400000,251.38
1749265232,251.85000000,1.61800000,251.38
1749265232,251.86000000,4.16900000,251.38
1749265232,251.87000000,2.83100000,251.38
1749265232,251.88000000,11.68400000,251.38
1749265232,251.89000000,6.88600000,251.38
1749265232,251.90000000,19.13800000,251.38
1749265232,251.91000000,13.07700000,251.38
1749265232,251.92000000,18.06000000,251.38
1749265232,251.93000000,7.62200000,251.38
1749265232,251.94000000,9.68700000,251.38
1749265232,251.95000000,4.16900000,251.38
1749265232,251.96000000,2.24500000,251.38
1749265232,251.97000000,4.16900000,251.38
1749265232,251.98000000,9.62300000,251.38
1749265232,251.99000000,32.23600000,251.38
1749265232,252.00000000,9.89300000,251.38
1749265232,252.01000000,22.50000000,251.38
1749265232,252.02000000,71.99300000,251.38
1749265232,252.03000000,6.43500000,251.38
1749265232,252.04000000,11.97400000,251.38
1749265232,252.05000000,11.71800000,251.38
1749265232,252.06000000,18.45000000,251.38
1749265232,252.07000000,9.09700000,251.38
1749265232,252.08000000,9.57800000,251.38
1749265232,252.09000000,8.32900000,251.38
1749265232,252.10000000,15.33900000,251.38
1749265232,252.11000000,5.15200000,251.38
1749265232,252.12000000,1.70300000,251.38
1749265232,252.13000000,4.17500000,251.38
1749265232,252.14000000,5.64500000,251.38
1749265232,252.15000000,16.02900000,251.38
1749265232,252.16000000,13.61100000,251.38
1749265232,252.17000000,13.33200000,251.38
1749265232,252.18000000,6.29300000,251.38
1749265232,252.19000000,0.04000000,251.38
1749265232,252.20000000,4.69300000,251.38
1749265232,252.21000000,1.79600000,251.38
1749265232,252.22000000,0.04000000,251.38
1749265232,252.23000000,25.70800000,251.38
1749265232,252.24000000,8.25400000,251.38
1749265232,252.26000000,0.97700000,251.38
1749265232,252.29000000,56.58000000,251.38
1749265232,252.31000000,0.07300000,251.38
1749265232,252.32000000,177.12800000,251.38
1749265232,252.34000000,0.52800000,251.38
1749265232,252.35000000,0.97600000,251.38
1749265232,252.36000000,14.09400000,251.38
1749265232,252.38000000,13.29200000,251.38
1749265232,252.40000000,8.60900000,251.38
1749265232,252.41000000,0.52800000,251.38
1749265232,252.42000000,0.02300000,251.38
1749265232,252.43000000,1.70900000,251.38
1749265232,252.44000000,8.23200000,251.38
1749265232,252.45000000,23.11500000,251.38
1749265232,252.46000000,0.33100000,251.38
1749265232,252.47000000,0.03100000,251.38
1749265232,252.48000000,4.16400000,251.38
1749265232,252.49000000,0.05300000,251.38
1749265232,252.52000000,0.67200000,251.38
1749265232,252.55000000,0.52800000,251.38
1749265232,252.56000000,8.34800000,251.38
1749265533,252.25000000,2.53300000,252.21
1749265533,252.26000000,0.33900000,252.21
1749265533,252.27000000,1.27600000,252.21
1749265533,252.28000000,2.79800000,252.21
1749265533,252.29000000,14.14600000,252.21
1749265533,252.30000000,25.94200000,252.21
1749265533,252.31000000,5.88400000,252.21
1749265533,252.32000000,15.39700000,252.21
1749265533,252.33000000,56.63900000,252.21
1749265533,252.34000000,14.73100000,252.21
1749265533,252.35000000,12.36300000,252.21
1749265533,252.36000000,27.13500000,252.21
1749265533,252.37000000,8.16900000,252.21
1749265533,252.38000000,11.18400000,252.21
1749265533,252.39000000,7.61400000,252.21
1749265533,252.40000000,14.76000000,252.21
1749265533,252.41000000,17.42300000,252.21
1749265533,252.42000000,29.64100000,252.21
1749265533,252.43000000,50.22800000,252.21
1749265533,252.44000000,16.55600000,252.21
1749265533,252.45000000,1.33100000,252.21
1749265533,252.46000000,4.18200000,252.21
1749265533,252.47000000,4.59300000,252.21
1749265533,252.48000000,17.28100000,252.21
1749265533,252.49000000,5.94300000,252.21
1749265533,252.50000000,10.27200000,252.21
1749265533,252.51000000,21.02500000,252.21
1749265533,252.52000000,33.74900000,252.21
1749265533,252.53000000,27.20400000,252.21
1749265533,252.54000000,12.97700000,252.21
1749265533,252.55000000,30.71800000,252.21
1749265533,252.56000000,20.26100000,252.21
1749265533,252.57000000,30.62400000,252.21
1749265533,252.58000000,50.78400000,252.21
1749265533,252.59000000,12.69200000,252.21
1749265533,252.60000000,19.97100000,252.21
1749265533,252.61000000,4.18700000,252.21
1749265533,252.62000000,2.24100000,252.21
1749265533,252.63000000,18.41200000,252.21
1749265533,252.64000000,49.60100000,252.21
1749265533,252.65000000,31.47700000,252.21
1749265533,252.66000000,62.25000000,252.21
1749265533,252.67000000,88.93300000,252.21
1749265533,252.68000000,11.55500000,252.21
1749265533,252.69000000,19.68900000,252.21
1749265533,252.70000000,5.31600000,252.21
1749265533,252.71000000,15.79100000,252.21
1749265533,252.72000000,12.74800000,252.21
1749265533,252.73000000,21.60200000,252.21
1749265533,252.74000000,80.42700000,252.21
1749265533,252.75000000,26.55300000,252.21
1749265533,252.76000000,11.78400000,252.21
1749265533,252.77000000,6.97500000,252.21
1749265533,252.78000000,8.54600000,252.21
1749265533,252.79000000,20.90100000,252.21
1749265533,252.80000000,19.89100000,252.21
1749265533,252.81000000,24.49600000,252.21
1749265533,252.82000000,5.02500000,252.21
1749265533,252.83000000,7.63400000,252.21
1749265533,252.84000000,15.75100000,252.21
1749265533,252.85000000,200.55700000,252.21
1749265533,252.86000000,17.89500000,252.21
1749265533,252.87000000,10.40500000,252.21
1749265533,252.88000000,1.25500000,252.21
1749265533,252.89000000,6.13300000,252.21
1749265533,252.90000000,4.24500000,252.21
1749265533,252.91000000,8.00000000,252.21
1749265533,252.92000000,0.98500000,252.21
1749265533,252.93000000,3.45200000,252.21
1749265533,252.94000000,10.44400000,252.21
1749265533,252.95000000,1.01500000,252.21
1749265533,252.96000000,22.78600000,252.21
1749265533,252.97000000,0.09900000,252.21
1749265533,252.98000000,9.54700000,252.21
1749265533,252.99000000,76.11400000,252.21
1749265533,253.00000000,509.31000000,252.21
1749265533,253.01000000,1.01000000,252.21
1749265533,253.03000000,225.74200000,252.21
1749265533,253.04000000,0.94500000,252.21
1749265533,253.07000000,5.41900000,252.21
1749265533,253.08000000,0.39000000,252.21
1749265533,253.09000000,0.02200000,252.21
1749265533,253.10000000,0.94500000,252.21
1749265533,253.11000000,0.52700000,252.21
1749265533,253.12000000,10.04000000,252.21
1749265533,253.13000000,0.94500000,252.21
1749265533,253.15000000,8.34100000,252.21
1749265533,253.16000000,0.94500000,252.21
1749265533,253.18000000,0.52700000,252.21
1749265533,253.19000000,9.73300000,252.21
1749265533,253.20000000,13.26000000,252.21
1749265533,253.21000000,4.11600000,252.21
1749265533,253.22000000,1.72500000,252.21
1749265533,253.24000000,0.33000000,252.21
1749265533,253.28000000,0.94500000,252.21
1749265533,253.29000000,0.09600000,252.21
1749265533,253.30000000,0.52600000,252.21
1749265533,253.31000000,9.34900000,252.21
1749265533,253.33000000,0.08500000,252.21
1749265533,253.37000000,5.06100000,252.21
1749265835,252.40000000,0.43700000,252.39
1749265835,252.42000000,1.35800000,252.39
1749265835,252.43000000,0.07000000,252.39
1749265835,252.44000000,5.42100000,252.39
1749265835,252.45000000,11.41600000,252.39
1749265835,252.46000000,0.06200000,252.39
1749265835,252.47000000,0.33700000,252.39
1749265835,252.48000000,2.50400000,252.39
1749265835,252.49000000,4.98900000,252.39
1749265835,252.50000000,1.86000000,252.39
1749265835,252.51000000,9.44800000,252.39
1749265835,252.52000000,24.84800000,252.39
1749265835,252.53000000,62.86700000,252.39
1749265835,252.54000000,2.96800000,252.39
1749265835,252.55000000,8.04700000,252.39
1749265835,252.56000000,14.09500000,252.39
1749265835,252.57000000,13.41700000,252.39
1749265835,252.58000000,10.13900000,252.39
1749265835,252.59000000,8.43700000,252.39
1749265835,252.60000000,18.80700000,252.39
1749265835,252.61000000,20.46700000,252.39
1749265835,252.62000000,11.76700000,252.39
1749265835,252.63000000,9.18500000,252.39
1749265835,252.64000000,9.19000000,252.39
1749265835,252.65000000,21.88700000,252.39
1749265835,252.66000000,33.63000000,252.39
1749265835,252.67000000,19.46800000,252.39
1749265835,252.68000000,11.43300000,252.39
1749265835,252.69000000,31.86200000,252.39
1749265835,252.70000000,53.22800000,252.39
1749265835,252.71000000,82.42900000,252.39
1749265835,252.72000000,114.32800000,252.39
1749265835,252.73000000,27.33100000,252.39
1749265835,252.74000000,32.30300000,252.39
1749265835,252.75000000,17.65100000,252.39
1749265835,252.76000000,16.93300000,252.39
1749265835,252.77000000,8.32400000,252.39
1749265835,252.78000000,9.54900000,252.39
1749265835,252.79000000,4.15400000,252.39
1749265835,252.80000000,3.19100000,252.39
1749265835,252.81000000,7.76400000,252.39
1749265835,252.82000000,6.33100000,252.39
1749265835,252.83000000,24.00400000,252.39
1749265835,252.84000000,24.33400000,252.39
1749265835,252.85000000,45.15900000,252.39
1749265835,252.86000000,73.46400000,252.39
1749265835,252.87000000,18.51800000,252.39
1749265835,252.88000000,27.56500000,252.39
1749265835,252.89000000,27.49200000,252.39
1749265835,252.90000000,20.74100000,252.39
1749265835,252.91000000,10.09700000,252.39
1749265835,252.92000000,31.80800000,252.39
1749265835,252.93000000,27.46100000,252.39
1749265835,252.94000000,36.27000000,252.39
1749265835,252.95000000,207.63400000,252.39
1749265835,252.96000000,18.07500000,252.39
1749265835,252.97000000,24.19100000,252.39
1749265835,252.98000000,41.66700000,252.39
1749265835,252.99000000,67.06500000,252.39
1749265835,253.00000000,533.92500000,252.39
1749265835,253.01000000,5.13100000,252.39
1749265835,253.02000000,5.91200000,252.39
1749265835,253.03000000,0.04000000,252.39
1749265835,253.04000000,22.02600000,252.39
1749265835,253.05000000,13.97300000,252.39
1749265835,253.06000000,10.40100000,252.39
1749265835,253.07000000,8.83000000,252.39
1749265835,253.08000000,0.43000000,252.39
1749265835,253.09000000,10.43200000,252.39
1749265835,253.10000000,0.98500000,252.39
1749265835,253.11000000,0.04000000,252.39
1749265835,253.12000000,11.38000000,252.39
1749265835,253.13000000,0.98500000,252.39
1749265835,253.14000000,0.04000000,252.39
1749265835,253.15000000,8.38100000,252.39
1749265835,253.16000000,56.42300000,252.39
1749265835,253.19000000,235.47500000,252.39
1749265835,253.20000000,12.50500000,252.39
1749265835,253.21000000,4.11600000,252.39
1749265835,253.22000000,1.72500000,252.39
1749265835,253.24000000,0.33000000,252.39
1749265835,253.28000000,0.94500000,252.39
1749265835,253.29000000,0.02200000,252.39
1749265835,253.30000000,0.52600000,252.39
1749265835,253.31000000,9.34900000,252.39
1749265835,253.33000000,0.08500000,252.39
1749265835,253.34000000,0.94500000,252.39
1749265835,253.36000000,0.52600000,252.39
1749265835,253.37000000,5.06100000,252.39
1749265835,253.38000000,0.76000000,252.39
1749265835,253.39000000,0.05300000,252.39
1749265835,253.40000000,16.67200000,252.39
1749265835,253.41000000,12.34700000,252.39
1749265835,253.42000000,1.70900000,252.39
1749265835,253.43000000,0.97500000,252.39
1749265835,253.44000000,0.02200000,252.39
1749265835,253.45000000,8.23200000,252.39
1749265835,253.46000000,0.94500000,252.39
1749265835,253.47000000,24.26800000,252.39
1749265835,253.48000000,0.02100000,252.39
1749266136,252.87000000,2.72700000,252.88
1749266136,252.88000000,0.37000000,252.88
1749266136,252.89000000,5.92900000,252.88
1749266136,252.90000000,9.34000000,252.88
1749266136,252.91000000,2.68700000,252.88
1749266136,252.92000000,2.94800000,252.88
1749266136,252.93000000,5.81300000,252.88
1749266136,252.94000000,11.21100000,252.88
1749266136,252.95000000,1.63100000,252.88
1749266136,252.96000000,6.49400000,252.88
1749266136,252.97000000,11.46800000,252.88
1749266136,252.98000000,19.75800000,252.88
1749266136,252.99000000,167.41600000,252.88
1749266136,253.00000000,563.64300000,252.88
1749266136,253.01000000,8.92400000,252.88
1749266136,253.02000000,1.61200000,252.88
1749266136,253.03000000,10.77700000,252.88
1749266136,253.04000000,23.67100000,252.88
1749266136,253.05000000,28.10800000,252.88
1749266136,253.06000000,45.24600000,252.88
1749266136,253.07000000,73.20600000,252.88
1749266136,253.08000000,112.81700000,252.88
1749266136,253.09000000,73.37900000,252.88
1749266136,253.10000000,3.65800000,252.88
1749266136,253.11000000,13.37000000,252.88
1749266136,253.12000000,16.04200000,252.88
1749266136,253.13000000,4.34000000,252.88
1749266136,253.14000000,28.44400000,252.88
1749266136,253.15000000,56.34600000,252.88
1749266136,253.16000000,6.74500000,252.88
1749266136,253.17000000,6.78800000,252.88
1749266136,253.18000000,10.14300000,252.88
1749266136,253.19000000,19.61400000,252.88
1749266136,253.20000000,22.37600000,252.88
1749266136,253.21000000,8.63700000,252.88
1749266136,253.22000000,7.13700000,252.88
1749266136,253.23000000,8.33200000,252.88
1749266136,253.24000000,7.98700000,252.88
1749266136,253.25000000,10.35900000,252.88
1749266136,253.26000000,24.68200000,252.88
1749266136,253.27000000,28.75900000,252.88
1749266136,253.28000000,12.48600000,252.88
1749266136,253.29000000,19.28700000,252.88
1749266136,253.30000000,22.59700000,252.88
1749266136,253.31000000,23.11500000,252.88
1749266136,253.32000000,38.69800000,252.88
1749266136,253.33000000,21.55800000,252.88
1749266136,253.34000000,32.10400000,252.88
1749266136,253.35000000,4.15400000,252.88
1749266136,253.36000000,38.72500000,252.88
1749266136,253.37000000,9.21500000,252.88
1749266136,253.38000000,39.14600000,252.88
1749266136,253.39000000,17.95400000,252.88
1749266136,253.40000000,23.58100000,252.88
1749266136,253.41000000,16.50000000,252.88
1749266136,253.42000000,3.44800000,252.88
1749266136,253.43000000,63.20300000,252.88
1749266136,253.44000000,0.51700000,252.88
1749266136,253.45000000,13.67200000,252.88
1749266136,253.46000000,4.18700000,252.88
1749266136,253.47000000,30.19600000,252.88
1749266136,253.48000000,4.17300000,252.88
1749266136,253.49000000,0.98500000,252.88
1749266136,253.50000000,19.48100000,252.88
1749266136,253.51000000,1.04200000,252.88
1749266136,253.52000000,0.98500000,252.88
1749266136,253.53000000,4.15600000,252.88
1749266136,253.54000000,1.77100000,252.88
1749266136,253.55000000,8.93200000,252.88
1749266136,253.56000000,29.38600000,252.88
1749266136,253.57000000,0.04000000,252.88
1749266136,253.58000000,177.19400000,252.88
1749266136,253.59000000,0.04000000,252.88
1749266136,253.60000000,57.38400000,252.88
1749266136,253.61000000,16.52900000,252.88
1749266136,253.62000000,12.38700000,252.88
1749266136,253.63000000,0.07900000,252.88
1749266136,253.66000000,4.11600000,252.88
1749266136,253.67000000,0.03000000,252.88
1749266136,253.68000000,0.04600000,252.88
1749266136,253.71000000,0.03000000,252.88
1749266136,253.72000000,0.55200000,252.88
1749266136,253.73000000,36.45100000,252.88
1749266136,253.75000000,225.74200000,252.88
1749266136,253.76000000,1.30500000,252.88
1749266136,253.77000000,8.23200000,252.88
1749266136,253.78000000,4.11600000,252.88
1749266136,253.79000000,0.03000000,252.88
1749266136,253.80000000,0.08800000,252.88
1749266136,253.82000000,8.75700000,252.88
1749266136,253.83000000,12.40400000,252.88
1749266136,253.84000000,0.07900000,252.88
1749266136,253.86000000,0.05000000,252.88
1749266136,253.91000000,0.03000000,252.88
1749266136,253.92000000,3.47600000,252.88
1749266136,253.93000000,15.91200000,252.88
1749266136,253.95000000,0.52700000,252.88
1749266136,253.97000000,0.52700000,252.88
1749266136,253.98000000,22.54100000,252.88
1749266136,254.00000000,34.57400000,252.88
1749266438,252.64000000,0.06200000,252.62
1749266438,252.65000000,0.44300000,252.62
1749266438,252.66000000,2.27200000,252.62
1749266438,252.67000000,0.04000000,252.62
1749266438,252.68000000,0.06200000,252.62
1749266438,252.69000000,1.01500000,252.62
1749266438,252.70000000,5.31200000,252.62
1749266438,252.71000000,21.18700000,252.62
1749266438,252.72000000,5.15300000,252.62
1749266438,252.73000000,2.48300000,252.62
1749266438,252.74000000,5.71400000,252.62
1749266438,252.75000000,14.95000000,252.62
1749266438,252.76000000,37.08100000,252.62
1749266438,252.77000000,14.43900000,252.62
1749266438,252.78000000,13.07000000,252.62
1749266438,252.79000000,5.13400000,252.62
1749266438,252.80000000,6.72500000,252.62
1749266438,252.81000000,14.89200000,252.62
1749266438,252.82000000,6.43000000,252.62
1749266438,252.83000000,19.56400000,252.62
1749266438,252.84000000,3.86400000,252.62
1749266438,252.85000000,5.09900000,252.62
1749266438,252.86000000,1.53500000,252.62
1749266438,252.87000000,38.20700000,252.62
1749266438,252.88000000,34.41900000,252.62
1749266438,252.89000000,23.19800000,252.62
1749266438,252.90000000,79.01400000,252.62
1749266438,252.91000000,48.05400000,252.62
1749266438,252.92000000,50.14200000,252.62
1749266438,252.93000000,31.06900000,252.62
1749266438,252.94000000,6.39700000,252.62
1749266438,252.95000000,1.01000000,252.62
1749266438,252.96000000,7.54700000,252.62
1749266438,252.97000000,7.40500000,252.62
1749266438,252.98000000,13.70800000,252.62
1749266438,252.99000000,24.30600000,252.62
1749266438,253.00000000,12.41700000,252.62
1749266438,253.01000000,30.81200000,252.62
1749266438,253.02000000,6.67400000,252.62
1749266438,253.03000000,22.23200000,252.62
1749266438,253.04000000,9.83500000,252.62
1749266438,253.05000000,8.13900000,252.62
1749266438,253.06000000,3.18700000,252.62
1749266438,253.07000000,22.42900000,252.62
1749266438,253.08000000,11.68000000,252.62
1749266438,253.09000000,13.73900000,252.62
1749266438,253.10000000,17.59200000,252.62
1749266438,253.11000000,24.63500000,252.62
1749266438,253.12000000,22.36000000,252.62
1749266438,253.13000000,1.30000000,252.62
1749266438,253.14000000,35.03500000,252.62
1749266438,253.15000000,41.77300000,252.62
1749266438,253.16000000,11.09000000,252.62
1749266438,253.17000000,40.67300000,252.62
1749266438,253.18000000,28.68400000,252.62
1749266438,253.19000000,4.18800000,252.62
1749266438,253.20000000,16.43000000,252.62
1749266438,253.21000000,43.89300000,252.62
1749266438,253.22000000,6.93100000,252.62
1749266438,253.23000000,39.18700000,252.62
1749266438,253.24000000,10.49100000,252.62
1749266438,253.25000000,5.40900000,252.62
1749266438,253.26000000,31.54400000,252.62
1749266438,253.27000000,0.04000000,252.62
1749266438,253.28000000,3.07500000,252.62
1749266438,253.29000000,0.06200000,252.62
1749266438,253.30000000,13.73400000,252.62
1749266438,253.31000000,0.07000000,252.62
1749266438,253.32000000,20.61900000,252.62
1749266438,253.33000000,0.04000000,252.62
1749266438,253.34000000,0.04000000,252.62
1749266438,253.35000000,55.42600000,252.62
1749266438,253.36000000,21.96600000,252.62
1749266438,253.37000000,58.57100000,252.62
1749266438,253.38000000,0.04000000,252.62
1749266438,253.39000000,0.04000000,252.62
1749266438,253.40000000,0.06000000,252.62
1749266438,253.41000000,8.23200000,252.62
1749266438,253.43000000,12.37700000,252.62
1749266438,253.44000000,4.13800000,252.62
1749266438,253.46000000,0.52600000,252.62
1749266438,253.47000000,31.82900000,252.62
1749266438,253.49000000,8.23200000,252.62
1749266438,253.50000000,10.30700000,252.62
1749266438,253.53000000,6.97800000,252.62
1749266438,253.55000000,0.03000000,252.62
1749266438,253.56000000,12.34700000,252.62
1749266438,253.58000000,16.49000000,252.62
1749266438,253.59000000,0.52600000,252.62
1749266438,253.60000000,177.14800000,252.62
1749266438,253.61000000,0.02500000,252.62
1749266438,253.62000000,4.11600000,252.62
1749266438,253.63000000,0.56400000,252.62
1749266438,253.65000000,27.49500000,252.62
1749266438,253.67000000,0.03000000,252.62
1749266438,253.68000000,0.57100000,252.62
1749266438,253.69000000,28.81100000,252.62
1749266438,253.71000000,0.03000000,252.62
1749266438,253.72000000,0.02700000,252.62
1749266438,253.75000000,0.52500000,252.62
1749266739,253.75000000,6.54700000,253.75
1749266739,253.76000000,1.26500000,253.75
1749266739,253.77000000,0.04000000,253.75
1749266739,253.78000000,0.06200000,253.75
1749266739,253.79000000,2.17900000,253.75
1749266739,253.80000000,4.37600000,253.75
1749266739,253.81000000,9.24000000,253.75
1749266739,253.82000000,5.57500000,253.75
1749266739,253.83000000,5.24000000,253.75
1749266739,253.84000000,19.39600000,253.75
1749266739,253.85000000,19.39800000,253.75
1749266739,253.86000000,28.03900000,253.75
1749266739,253.87000000,64.18400000,253.75
1749266739,253.88000000,30.65400000,253.75
1749266739,253.89000000,2.38300000,253.75
1749266739,253.90000000,8.84600000,253.75
1749266739,253.91000000,16.45600000,253.75
1749266739,253.92000000,13.47000000,253.75
1749266739,253.93000000,11.62700000,253.75
1749266739,253.94000000,28.38900000,253.75
1749266739,253.95000000,3.51900000,253.75
1749266739,253.96000000,15.15000000,253.75
1749266739,253.97000000,10.35600000,253.75
1749266739,253.98000000,4.17900000,253.75
1749266739,253.99000000,2.51400000,253.75
1749266739,254.00000000,4.20500000,253.75
1749266739,254.01000000,3.82000000,253.75
1749266739,254.02000000,11.76800000,253.75
1749266739,254.03000000,9.97000000,253.75
1749266739,254.04000000,5.68000000,253.75
1749266739,254.05000000,5.08000000,253.75
1749266739,254.06000000,7.76500000,253.75
1749266739,254.07000000,18.38800000,253.75
1749266739,254.08000000,7.88800000,253.75
1749266739,254.09000000,5.10900000,253.75
1749266739,254.10000000,4.07900000,253.75
1749266739,254.11000000,15.21100000,253.75
1749266739,254.12000000,11.00800000,253.75
1749266739,254.13000000,5.07800000,253.75
1749266739,254.14000000,1.29800000,253.75
1749266739,254.15000000,4.19200000,253.75
1749266739,254.16000000,1.00700000,253.75
1749266739,254.17000000,7.75900000,253.75
1749266739,254.18000000,19.27400000,253.75
1749266739,254.19000000,9.21700000,253.75
1749266739,254.20000000,23.93100000,253.75
1749266739,254.21000000,67.79000000,253.75
1749266739,254.22000000,22.44000000,253.75
1749266739,254.23000000,16.47900000,253.75
1749266739,254.24000000,2.82600000,253.75
1749266739,254.25000000,13.41900000,253.75
1749266739,254.26000000,25.39100000,253.75
1749266739,254.27000000,12.08700000,253.75
1749266739,254.28000000,32.85600000,253.75
1749266739,254.29000000,14.89900000,253.75
1749266739,254.30000000,14.46300000,253.75
1749266739,254.31000000,5.08100000,253.75
1749266739,254.32000000,57.61200000,253.75
1749266739,254.33000000,4.13600000,253.75
1749266739,254.34000000,9.23900000,253.75
1749266739,254.35000000,4.13600000,253.75
1749266739,254.36000000,12.36800000,253.75
1749266739,254.37000000,5.08100000,253.75
1749266739,254.38000000,2.52700000,253.75
1749266739,254.39000000,8.26100000,253.75
1749266739,254.40000000,13.99300000,253.75
1749266739,254.41000000,8.07000000,253.75
1749266739,254.42000000,23.45900000,253.75
1749266739,254.43000000,179.14500000,253.75
1749266739,254.44000000,17.65800000,253.75
1749266739,254.45000000,16.50400000,253.75
1749266739,254.46000000,5.08100000,253.75
1749266739,254.47000000,0.04000000,253.75
1749266739,254.48000000,8.03600000,253.75
1749266739,254.49000000,23.26800000,253.75
1749266739,254.50000000,4.13600000,253.75
1749266739,254.51000000,4.16600000,253.75
1749266739,254.52000000,4.09600000,253.75
1749266739,254.53000000,25.99500000,253.75
1749266739,254.54000000,3.88800000,253.75
1749266739,254.55000000,3.64600000,253.75
1749266739,254.56000000,14.06100000,253.75
1749266739,254.57000000,226.26600000,253.75
1749266739,254.60000000,0.02000000,253.75
1749266739,254.61000000,0.52300000,253.75
1749266739,254.63000000,8.32600000,253.75
1749266739,254.64000000,22.40000000,253.75
1749266739,254.66000000,1.70600000,253.75
1749266739,254.68000000,0.82800000,253.75
1749266739,254.69000000,0.52300000,253.75
1749266739,254.74000000,0.52300000,253.75
1749266739,254.75000000,32.97900000,253.75
1749266739,254.76000000,0.02800000,253.75
1749266739,254.77000000,1.62400000,253.75
1749266739,254.80000000,0.38900000,253.75
1749266739,254.81000000,5.96500000,253.75
1749266739,254.83000000,8.29100000,253.75
1749266739,254.84000000,0.05700000,253.75
1749266739,254.85000000,0.39000000,253.75
1749266739,254.86000000,0.52300000,253.75
1749267041,253.67000000,1.75200000,253.66
1749267041,253.69000000,0.04000000,253.66
1749267041,253.70000000,0.11200000,253.66
1749267041,253.71000000,2.58300000,253.66
1749267041,253.72000000,3.03600000,253.66
1749267041,253.73000000,4.03500000,253.66
1749267041,253.74000000,12.82500000,253.66
1749267041,253.75000000,16.17700000,253.66
1749267041,253.76000000,4.19100000,253.66
1749267041,253.77000000,4.39300000,253.66
1749267041,253.78000000,16.70200000,253.66
1749267041,253.79000000,11.91800000,253.66
1749267041,253.80000000,6.41500000,253.66
1749267041,253.81000000,20.65100000,253.66
1749267041,253.82000000,18.01400000,253.66
1749267041,253.83000000,21.76500000,253.66
1749267041,253.84000000,4.62900000,253.66
1749267041,253.85000000,15.07800000,253.66
1749267041,253.86000000,48.80400000,253.66
1749267041,253.87000000,0.04000000,253.66
1749267041,253.88000000,11.98000000,253.66
1749267041,253.89000000,1.57700000,253.66
1749267041,253.90000000,8.61600000,253.66
1749267041,253.91000000,11.51100000,253.66
1749267041,253.92000000,2.48600000,253.66
1749267041,253.93000000,13.61000000,253.66
1749267041,253.94000000,25.71200000,253.66
1749267041,253.95000000,6.37700000,253.66
1749267041,253.96000000,18.23200000,253.66
1749267041,253.97000000,9.54900000,253.66
1749267041,253.98000000,5.14200000,253.66
1749267041,253.99000000,3.76400000,253.66
1749267041,254.00000000,9.78800000,253.66
1749267041,254.01000000,4.75600000,253.66
1749267041,254.02000000,8.76300000,253.66
1749267041,254.03000000,9.97000000,253.66
1749267041,254.04000000,5.68000000,253.66
1749267041,254.05000000,5.08000000,253.66
1749267041,254.06000000,8.88300000,253.66
1749267041,254.07000000,32.68500000,253.66
1749267041,254.08000000,7.21800000,253.66
1749267041,254.09000000,7.33200000,253.66
1749267041,254.10000000,15.77700000,253.66
1749267041,254.11000000,23.19000000,253.66
1749267041,254.12000000,29.08800000,253.66
1749267041,254.13000000,67.94800000,253.66
1749267041,254.14000000,2.95100000,253.66
1749267041,254.15000000,4.16200000,253.66
1749267041,254.16000000,3.02600000,253.66
1749267041,254.17000000,11.67500000,253.66
1749267041,254.18000000,19.63400000,253.66
1749267041,254.19000000,10.46800000,253.66
1749267041,254.20000000,8.46900000,253.66
1749267041,254.21000000,3.57400000,253.66
1749267041,254.22000000,12.31300000,253.66
1749267041,254.23000000,16.47900000,253.66
1749267041,254.24000000,4.29700000,253.66
1749267041,254.25000000,19.37800000,253.66
1749267041,254.26000000,69.24900000,253.66
1749267041,254.27000000,4.52800000,253.66
1749267041,254.28000000,13.57400000,253.66
1749267041,254.29000000,26.00300000,253.66
1749267041,254.30000000,0.14700000,253.66
1749267041,254.31000000,5.08700000,253.66
1749267041,254.32000000,0.04000000,253.66
1749267041,254.33000000,4.14200000,253.66
1749267041,254.34000000,185.42200000,253.66
1749267041,254.35000000,4.14200000,253.66
1749267041,254.36000000,8.27200000,253.66
1749267041,254.37000000,5.08700000,253.66
1749267041,254.38000000,6.12700000,253.66
1749267041,254.39000000,0.07000000,253.66
1749267041,254.40000000,0.10200000,253.66
1749267041,254.41000000,4.15600000,253.66
1749267041,254.42000000,12.38700000,253.66
1749267041,254.43000000,0.04000000,253.66
1749267041,254.44000000,10.33100000,253.66
1749267041,254.45000000,16.46400000,253.66
1749267041,254.48000000,3.90000000,253.66
1749267041,254.49000000,23.22800000,253.66
1749267041,254.51000000,0.03000000,253.66
1749267041,254.53000000,24.69500000,253.66
1749267041,254.54000000,0.32800000,253.66
1749267041,254.55000000,3.64600000,253.66
1749267041,254.56000000,8.23200000,253.66
1749267041,254.57000000,226.26600000,253.66
1749267041,254.60000000,0.04000000,253.66
1749267041,254.61000000,0.52300000,253.66
1749267041,254.63000000,15.34500000,253.66
1749267041,254.64000000,12.42200000,253.66
1749267041,254.66000000,1.70500000,253.66
1749267041,254.68000000,0.82800000,253.66
1749267041,254.69000000,0.52300000,253.66
1749267041,254.72000000,4.32900000,253.66
1749267041,254.74000000,0.52300000,253.66
1749267041,254.75000000,32.97900000,253.66
1749267041,254.76000000,0.78300000,253.66
1749267041,254.77000000,1.62400000,253.66
1749267041,254.80000000,2.91700000,253.66
1749267041,254.81000000,0.02500000,253.66
1749267342,253.64000000,0.96700000,253.63
1749267342,253.66000000,0.06200000,253.63
1749267342,253.67000000,0.98500000,253.63
1749267342,253.68000000,0.02200000,253.63
1749267342,253.70000000,1.65700000,253.63
1749267342,253.71000000,5.31800000,253.63
1749267342,253.72000000,8.69700000,253.63
1749267342,253.73000000,21.19000000,253.63
1749267342,253.74000000,8.51100000,253.63
1749267342,253.75000000,16.04600000,253.63
1749267342,253.76000000,4.19400000,253.63
1749267342,253.77000000,1.51800000,253.63
1749267342,253.78000000,5.71200000,253.63
1749267342,253.79000000,11.31900000,253.63
1749267342,253.80000000,22.87800000,253.63
1749267342,253.81000000,33.40500000,253.63
1749267342,253.82000000,32.96000000,253.63
1749267342,253.83000000,7.58600000,253.63
1749267342,253.84000000,30.97000000,253.63
1749267342,253.85000000,41.45500000,253.63
1749267342,253.86000000,78.56500000,253.63
1749267342,253.87000000,47.59700000,253.63
1749267342,253.88000000,16.46600000,253.63
1749267342,253.89000000,56.15100000,253.63
1749267342,253.90000000,7.69600000,253.63
1749267342,253.91000000,8.31300000,253.63
1749267342,253.92000000,3.37900000,253.63
1749267342,253.93000000,13.85500000,253.63
1749267342,253.94000000,33.08300000,253.63
1749267342,253.95000000,5.95200000,253.63
1749267342,253.96000000,25.65400000,253.63
1749267342,253.97000000,26.58700000,253.63
1749267342,253.98000000,8.52700000,253.63
1749267342,253.99000000,17.34600000,253.63
1749267342,254.00000000,12.70500000,253.63
1749267342,254.01000000,6.15000000,253.63
1749267342,254.02000000,24.77200000,253.63
1749267342,254.03000000,14.42000000,253.63
1749267342,254.04000000,19.22800000,253.63
1749267342,254.05000000,31.14100000,253.63
1749267342,254.06000000,31.31100000,253.63
1749267342,254.07000000,81.55100000,253.63
1749267342,254.08000000,20.85000000,253.63
1749267342,254.09000000,18.08900000,253.63
1749267342,254.10000000,25.82700000,253.63
1749267342,254.11000000,40.02200000,253.63
1749267342,254.12000000,42.48700000,253.63
1749267342,254.13000000,21.56700000,253.63
1749267342,254.14000000,5.96700000,253.63
1749267342,254.15000000,24.44500000,253.63
1749267342,254.16000000,14.80000000,253.63
1749267342,254.17000000,11.44200000,253.63
1749267342,254.18000000,30.00300000,253.63
1749267342,254.19000000,41.98000000,253.63
1749267342,254.20000000,4.18100000,253.63
1749267342,254.21000000,1.31400000,253.63
1749267342,254.22000000,13.41300000,253.63
1749267342,254.23000000,30.83200000,253.63
1749267342,254.24000000,0.23000000,253.63
1749267342,254.25000000,4.14000000,253.63
1749267342,254.26000000,36.80500000,253.63
1749267342,254.27000000,8.53200000,253.63
1749267342,254.28000000,9.30400000,253.63
1749267342,254.29000000,14.12500000,253.63
1749267342,254.30000000,55.21600000,253.63
1749267342,254.31000000,0.04000000,253.63
1749267342,254.32000000,0.04000000,253.63
1749267342,254.33000000,0.04000000,253.63
1749267342,254.34000000,185.40000000,253.63
1749267342,254.35000000,0.04000000,253.63
1749267342,254.36000000,8.27200000,253.63
1749267342,254.37000000,0.04000000,253.63
1749267342,254.39000000,0.03000000,253.63
1749267342,254.40000000,0.06200000,253.63
1749267342,254.41000000,4.11600000,253.63
1749267342,254.42000000,12.34700000,253.63
1749267342,254.45000000,16.46400000,253.63
1749267342,254.48000000,3.90000000,253.63
1749267342,254.49000000,23.22800000,253.63
1749267342,254.50000000,0.03900000,253.63
1749267342,254.51000000,0.03000000,253.63
1749267342,254.53000000,24.73100000,253.63
1749267342,254.54000000,0.32800000,253.63
1749267342,254.55000000,3.64600000,253.63
1749267342,254.56000000,8.23200000,253.63
1749267342,254.57000000,226.26600000,253.63
1749267342,254.60000000,0.02000000,253.63
1749267342,254.61000000,0.52300000,253.63
1749267342,254.63000000,15.34800000,253.63
1749267342,254.64000000,12.42200000,253.63
1749267342,254.65000000,4.08000000,253.63
1749267342,254.66000000,1.70200000,253.63
1749267342,254.68000000,0.82800000,253.63
1749267342,254.69000000,0.52300000,253.63
1749267342,254.72000000,4.32900000,253.63
1749267342,254.74000000,0.59300000,253.63
1749267342,254.75000000,32.97900000,253.63
1749267342,254.76000000,0.02800000,253.63
1749267342,254.77000000,0.12400000,253.63
1749267342,254.80000000,2.91700000,253.63
