timestamp,price,volume,current_price
1749254489,251.12000000,3.45600000,251.1
1749254489,251.13000000,3.74800000,251.1
1749254489,251.14000000,1.09400000,251.1
1749254489,251.15000000,4.59200000,251.1
1749254489,251.16000000,2.46700000,251.1
1749254489,251.17000000,8.35800000,251.1
1749254489,251.18000000,11.11300000,251.1
1749254489,251.19000000,1.08000000,251.1
1749254489,251.20000000,5.21400000,251.1
1749254489,251.21000000,5.95000000,251.1
1749254489,251.22000000,1.32500000,251.1
1749254489,251.23000000,4.21000000,251.1
1749254489,251.24000000,18.08600000,251.1
1749254489,251.25000000,38.04600000,251.1
1749254489,251.26000000,19.63500000,251.1
1749254489,251.27000000,29.28000000,251.1
1749254489,251.28000000,38.68900000,251.1
1749254489,251.29000000,34.31800000,251.1
1749254489,251.30000000,29.71500000,251.1
1749254489,251.31000000,62.12800000,251.1
1749254489,251.32000000,78.68300000,251.1
1749254489,251.33000000,18.97300000,251.1
1749254489,251.34000000,16.84800000,251.1
1749254489,251.35000000,17.99900000,251.1
1749254489,251.36000000,10.08400000,251.1
1749254489,251.37000000,2.87400000,251.1
1749254489,251.38000000,9.09200000,251.1
1749254489,251.39000000,26.02500000,251.1
1749254489,251.40000000,39.21100000,251.1
1749254489,251.41000000,2.08800000,251.1
1749254489,251.42000000,7.61100000,251.1
1749254489,251.43000000,9.55800000,251.1
1749254489,251.44000000,8.48400000,251.1
1749254489,251.45000000,17.41800000,251.1
1749254489,251.46000000,17.27300000,251.1
1749254489,251.47000000,10.27200000,251.1
1749254489,251.48000000,7.21100000,251.1
1749254489,251.49000000,8.80000000,251.1
1749254489,251.50000000,11.76000000,251.1
1749254489,251.51000000,25.78400000,251.1
1749254489,251.52000000,20.85700000,251.1
1749254489,251.53000000,47.32100000,251.1
1749254489,251.54000000,40.82200000,251.1
1749254489,251.55000000,23.40600000,251.1
1749254489,251.56000000,44.05600000,251.1
1749254489,251.57000000,43.16500000,251.1
1749254489,251.58000000,11.80100000,251.1
1749254489,251.59000000,23.72500000,251.1
1749254489,251.60000000,16.27600000,251.1
1749254489,251.61000000,42.24800000,251.1
1749254489,251.62000000,22.19400000,251.1
1749254489,251.63000000,35.48300000,251.1
1749254489,251.64000000,68.16000000,251.1
1749254489,251.65000000,13.73700000,251.1
1749254489,251.66000000,45.65600000,251.1
1749254489,251.67000000,9.21700000,251.1
1749254489,251.68000000,6.01400000,251.1
1749254489,251.69000000,13.63400000,251.1
1749254489,251.70000000,4.20600000,251.1
1749254489,251.71000000,0.98500000,251.1
1749254489,251.72000000,18.76700000,251.1
1749254489,251.73000000,0.04000000,251.1
1749254489,251.74000000,21.59200000,251.1
1749254489,251.75000000,19.58200000,251.1
1749254489,251.76000000,2.35900000,251.1
1749254489,251.77000000,5.91300000,251.1
1749254489,251.78000000,0.04000000,251.1
1749254489,251.79000000,4.18400000,251.1
1749254489,251.80000000,1.08800000,251.1
1749254489,251.81000000,4.18300000,251.1
1749254489,251.82000000,4.18300000,251.1
1749254489,251.83000000,9.23900000,251.1
1749254489,251.84000000,4.28200000,251.1
1749254489,251.85000000,4.18300000,251.1
1749254489,251.86000000,1.50700000,251.1
1749254489,251.87000000,4.21300000,251.1
1749254489,251.88000000,0.04000000,251.1
1749254489,251.89000000,5.08700000,251.1
1749254489,251.90000000,66.24900000,251.1
1749254489,251.91000000,12.37300000,251.1
1749254489,251.92000000,81.37600000,251.1
1749254489,251.93000000,4.14100000,251.1
1749254489,251.94000000,24.51200000,251.1
1749254489,251.95000000,0.94500000,251.1
1749254489,251.96000000,7.35100000,251.1
1749254489,251.97000000,0.52900000,251.1
1749254489,251.98000000,177.37500000,251.1
1749254489,251.99000000,0.03100000,251.1
1749254489,252.00000000,42.18600000,251.1
1749254489,252.01000000,0.94500000,251.1
1749254489,252.02000000,8.76200000,251.1
1749254489,252.03000000,12.34700000,251.1
1749254489,252.04000000,0.94500000,251.1
1749254489,252.06000000,6.92400000,251.1
1749254489,252.07000000,5.06100000,251.1
1749254489,252.08000000,8.23200000,251.1
1749254489,252.09000000,0.03700000,251.1
1749254489,252.10000000,0.94500000,251.1
1749254489,252.11000000,0.03100000,251.1
1749254489,252.12000000,0.52900000,251.1
1749254795,250.42000000,1.88500000,250.41
1749254795,250.43000000,1.20500000,250.41
1749254795,250.44000000,4.01700000,250.41
1749254795,250.45000000,2.12000000,250.41
1749254795,250.46000000,5.01700000,250.41
1749254795,250.47000000,4.45400000,250.41
1749254795,250.48000000,3.42000000,250.41
1749254795,250.49000000,5.66000000,250.41
1749254795,250.50000000,19.63900000,250.41
1749254795,250.51000000,14.85900000,250.41
1749254795,250.52000000,6.72200000,250.41
1749254795,250.53000000,6.41200000,250.41
1749254795,250.54000000,7.95200000,250.41
1749254795,250.55000000,14.53200000,250.41
1749254795,250.56000000,28.88300000,250.41
1749254795,250.57000000,33.84800000,250.41
1749254795,250.58000000,13.14600000,250.41
1749254795,250.59000000,16.85400000,250.41
1749254795,250.60000000,64.40800000,250.41
1749254795,250.61000000,110.84500000,250.41
1749254795,250.62000000,92.03800000,250.41
1749254795,250.63000000,13.56700000,250.41
1749254795,250.64000000,5.03600000,250.41
1749254795,250.65000000,11.56900000,250.41
1749254795,250.66000000,3.94900000,250.41
1749254795,250.67000000,8.36600000,250.41
1749254795,250.68000000,10.96500000,250.41
1749254795,250.69000000,25.85900000,250.41
1749254795,250.70000000,2.55500000,250.41
1749254795,250.71000000,6.63000000,250.41
1749254795,250.72000000,12.65700000,250.41
1749254795,250.73000000,27.83700000,250.41
1749254795,250.74000000,12.58800000,250.41
1749254795,250.75000000,12.99400000,250.41
1749254795,250.76000000,38.13400000,250.41
1749254795,250.77000000,37.10700000,250.41
1749254795,250.78000000,4.18800000,250.41
1749254795,250.79000000,5.32300000,250.41
1749254795,250.80000000,8.24400000,250.41
1749254795,250.81000000,15.49300000,250.41
1749254795,250.82000000,16.40700000,250.41
1749254795,250.83000000,61.92000000,250.41
1749254795,250.84000000,66.35600000,250.41
1749254795,250.85000000,27.50300000,250.41
1749254795,250.86000000,15.05700000,250.41
1749254795,250.87000000,5.13100000,250.41
1749254795,250.88000000,1.81800000,250.41
1749254795,250.89000000,8.30500000,250.41
1749254795,250.90000000,36.52900000,250.41
1749254795,250.91000000,27.06100000,250.41
1749254795,250.92000000,5.45700000,250.41
1749254795,250.93000000,5.44700000,250.41
1749254795,250.94000000,5.13000000,250.41
1749254795,250.95000000,0.04000000,250.41
1749254795,250.96000000,14.99200000,250.41
1749254795,250.97000000,29.34200000,250.41
1749254795,250.98000000,12.82800000,250.41
1749254795,250.99000000,24.37800000,250.41
1749254795,251.00000000,5.31000000,250.41
1749254795,251.01000000,19.13100000,250.41
1749254795,251.02000000,20.06700000,250.41
1749254795,251.03000000,0.57200000,250.41
1749254795,251.04000000,17.11600000,250.41
1749254795,251.05000000,13.52600000,250.41
1749254795,251.06000000,21.18200000,250.41
1749254795,251.07000000,50.88800000,250.41
1749254795,251.08000000,12.38700000,250.41
1749254795,251.09000000,0.04000000,250.41
1749254795,251.10000000,0.98500000,250.41
1749254795,251.11000000,13.95800000,250.41
1749254795,251.12000000,0.04100000,250.41
1749254795,251.13000000,0.98600000,250.41
1749254795,251.14000000,0.04100000,250.41
1749254795,251.15000000,4.18700000,250.41
1749254795,251.16000000,0.98600000,250.41
1749254795,251.17000000,0.04100000,250.41
1749254795,251.18000000,16.50500000,250.41
1749254795,251.19000000,12.34700000,250.41
1749254795,251.20000000,0.04500000,250.41
1749254795,251.21000000,0.94500000,250.41
1749254795,251.22000000,55.84700000,250.41
1749254795,251.23000000,9.97800000,250.41
1749254795,251.25000000,0.94500000,250.41
1749254795,251.26000000,8.23200000,250.41
1749254795,251.27000000,0.03000000,250.41
1749254795,251.28000000,0.02200000,250.41
1749254795,251.29000000,13.29300000,250.41
1749254795,251.30000000,12.34700000,250.41
1749254795,251.32000000,0.94500000,250.41
1749254795,251.34000000,8.63100000,250.41
1749254795,251.35000000,0.53000000,250.41
1749254795,251.36000000,0.39900000,250.41
1749254795,251.37000000,1.25200000,250.41
1749254795,251.39000000,0.03000000,250.41
1749254795,251.40000000,8.25200000,250.41
1749254795,251.42000000,0.94500000,250.41
1749254795,251.43000000,44.07200000,250.41
1749254795,251.44000000,0.53000000,250.41
1749254795,251.45000000,13.29200000,250.41
1749254795,251.46000000,16.36800000,250.41
