timestamp,price,volume,current_price
1749254453,0.65530000,14352.70000000,0.6552
1749254453,0.65540000,45294.40000000,0.6552
1749254453,0.65550000,42062.00000000,0.6552
1749254453,0.65560000,35356.90000000,0.6552
1749254453,0.65570000,29061.60000000,0.6552
1749254453,0.65580000,21689.90000000,0.6552
1749254453,0.65590000,22844.30000000,0.6552
1749254453,0.65600000,42004.40000000,0.6552
1749254453,0.65610000,25400.70000000,0.6552
1749254453,0.65620000,8520.50000000,0.6552
1749254453,0.65630000,15210.80000000,0.6552
1749254453,0.65640000,16877.30000000,0.6552
1749254453,0.65650000,17353.10000000,0.6552
1749254453,0.65660000,17416.90000000,0.6552
1749254453,0.65670000,19497.80000000,0.6552
1749254453,0.65680000,20426.40000000,0.6552
1749254453,0.65690000,25125.90000000,0.6552
1749254453,0.65700000,23210.20000000,0.6552
1749254453,0.65710000,15012.00000000,0.6552
1749254453,0.65720000,12080.70000000,0.6552
1749254453,0.65730000,6433.20000000,0.6552
1749254453,0.65740000,12577.40000000,0.6552
1749254453,0.65750000,5933.20000000,0.6552
1749254453,0.65760000,10456.50000000,0.6552
1749254453,0.65770000,12215.00000000,0.6552
1749254453,0.65780000,9925.00000000,0.6552
1749254453,0.65790000,11842.70000000,0.6552
1749254453,0.65800000,92319.50000000,0.6552
1749254453,0.65810000,38594.20000000,0.6552
1749254453,0.65820000,5251.10000000,0.6552
1749254453,0.65830000,6518.30000000,0.6552
1749254453,0.65840000,9763.20000000,0.6552
1749254453,0.65850000,5720.20000000,0.6552
1749254453,0.65860000,122340.80000000,0.6552
1749254453,0.65870000,9696.40000000,0.6552
1749254453,0.65880000,13819.50000000,0.6552
1749254453,0.65890000,14819.60000000,0.6552
1749254453,0.65900000,3111.80000000,0.6552
1749254453,0.65910000,17495.10000000,0.6552
1749254453,0.65920000,48600.40000000,0.6552
1749254453,0.65930000,4078.70000000,0.6552
1749254453,0.65940000,4581.30000000,0.6552
1749254453,0.65950000,4610.70000000,0.6552
1749254453,0.65960000,2119.90000000,0.6552
1749254453,0.65970000,236.50000000,0.6552
1749254453,0.65980000,8387.10000000,0.6552
1749254453,0.65990000,34.30000000,0.6552
1749254453,0.66000000,2765.90000000,0.6552
1749254453,0.66010000,4789.90000000,0.6552
1749254453,0.66020000,291.00000000,0.6552
1749254453,0.66030000,66.10000000,0.6552
1749254453,0.66040000,69.10000000,0.6552
1749254453,0.66050000,94.10000000,0.6552
1749254453,0.66060000,4016.00000000,0.6552
1749254453,0.66070000,2041.50000000,0.6552
1749254453,0.66080000,115.90000000,0.6552
1749254453,0.66090000,138859.60000000,0.6552
1749254453,0.66100000,87274.50000000,0.6552
1749254453,0.66110000,123.00000000,0.6552
1749254453,0.66120000,184.90000000,0.6552
1749254453,0.66130000,51162.70000000,0.6552
1749254453,0.66140000,403.20000000,0.6552
1749254453,0.66150000,401.80000000,0.6552
1749254453,0.66160000,172.10000000,0.6552
1749254453,0.66170000,193.00000000,0.6552
1749254453,0.66180000,71.30000000,0.6552
1749254453,0.66190000,3765.90000000,0.6552
1749254453,0.66200000,3284.70000000,0.6552
1749254453,0.66210000,175.00000000,0.6552
1749254453,0.66220000,74.90000000,0.6552
1749254453,0.66230000,52.50000000,0.6552
1749254453,0.66240000,258.90000000,0.6552
1749254453,0.66250000,162.10000000,0.6552
1749254453,0.66260000,44948.00000000,0.6552
1749254453,0.66270000,27529.80000000,0.6552
1749254453,0.66280000,74.20000000,0.6552
1749254453,0.66290000,46.50000000,0.6552
1749254453,0.66300000,42.00000000,0.6552
1749254453,0.66310000,61.60000000,0.6552
1749254453,0.66320000,19.10000000,0.6552
1749254453,0.66330000,282.20000000,0.6552
1749254453,0.66340000,40.20000000,0.6552
1749254453,0.66350000,698.90000000,0.6552
1749254453,0.66360000,170.60000000,0.6552
1749254453,0.66370000,53.10000000,0.6552
1749254453,0.66380000,601.40000000,0.6552
1749254453,0.66390000,115.50000000,0.6552
1749254453,0.66400000,372.80000000,0.6552
1749254453,0.66410000,461.80000000,0.6552
1749254453,0.66420000,313.70000000,0.6552
1749254453,0.66430000,7.70000000,0.6552
1749254453,0.66440000,91.70000000,0.6552
1749254453,0.66450000,310.90000000,0.6552
1749254453,0.66460000,91.50000000,0.6552
1749254453,0.66470000,290.50000000,0.6552
1749254453,0.66480000,68.10000000,0.6552
1749254453,0.66490000,189.40000000,0.6552
1749254453,0.66500000,4367.30000000,0.6552
1749254453,0.66510000,257.30000000,0.6552
1749254453,0.66520000,371.50000000,0.6552
1749254755,0.65580000,17274.40000000,0.6558
1749254755,0.65590000,26854.10000000,0.6558
1749254755,0.65600000,44955.00000000,0.6558
1749254755,0.65610000,28288.80000000,0.6558
1749254755,0.65620000,15879.40000000,0.6558
1749254755,0.65630000,20046.60000000,0.6558
1749254755,0.65640000,24999.40000000,0.6558
1749254755,0.65650000,37270.50000000,0.6558
1749254755,0.65660000,20672.10000000,0.6558
1749254755,0.65670000,32917.30000000,0.6558
1749254755,0.65680000,28522.70000000,0.6558
1749254755,0.65690000,21887.70000000,0.6558
1749254755,0.65700000,36868.40000000,0.6558
1749254755,0.65710000,25978.10000000,0.6558
1749254755,0.65720000,14697.00000000,0.6558
1749254755,0.65730000,13647.10000000,0.6558
1749254755,0.65740000,15226.20000000,0.6558
1749254755,0.65750000,8693.00000000,0.6558
1749254755,0.65760000,9695.00000000,0.6558
1749254755,0.65770000,18345.90000000,0.6558
1749254755,0.65780000,35775.70000000,0.6558
1749254755,0.65790000,34017.20000000,0.6558
1749254755,0.65800000,92319.50000000,0.6558
1749254755,0.65810000,10343.60000000,0.6558
1749254755,0.65820000,12842.70000000,0.6558
1749254755,0.65830000,6518.30000000,0.6558
1749254755,0.65840000,9763.20000000,0.6558
1749254755,0.65850000,5727.90000000,0.6558
1749254755,0.65860000,122340.80000000,0.6558
1749254755,0.65870000,9696.30000000,0.6558
1749254755,0.65880000,6795.10000000,0.6558
1749254755,0.65890000,9938.70000000,0.6558
1749254755,0.65900000,3264.30000000,0.6558
1749254755,0.65910000,17421.00000000,0.6558
1749254755,0.65920000,187343.90000000,0.6558
1749254755,0.65930000,18187.00000000,0.6558
1749254755,0.65940000,4505.90000000,0.6558
1749254755,0.65950000,11050.20000000,0.6558
1749254755,0.65960000,4373.40000000,0.6558
1749254755,0.65970000,2451.90000000,0.6558
1749254755,0.65980000,9836.60000000,0.6558
1749254755,0.65990000,209.20000000,0.6558
1749254755,0.66000000,996.90000000,0.6558
1749254755,0.66010000,234.40000000,0.6558
1749254755,0.66020000,291.00000000,0.6558
1749254755,0.66030000,66.10000000,0.6558
1749254755,0.66040000,69.10000000,0.6558
1749254755,0.66050000,94.10000000,0.6558
1749254755,0.66060000,970.30000000,0.6558
1749254755,0.66070000,426.10000000,0.6558
1749254755,0.66080000,115.90000000,0.6558
1749254755,0.66090000,79.50000000,0.6558
1749254755,0.66100000,90326.70000000,0.6558
1749254755,0.66110000,123.00000000,0.6558
1749254755,0.66120000,338.90000000,0.6558
1749254755,0.66130000,50163.70000000,0.6558
1749254755,0.66140000,403.20000000,0.6558
1749254755,0.66150000,401.80000000,0.6558
1749254755,0.66160000,1178.70000000,0.6558
1749254755,0.66170000,193.00000000,0.6558
1749254755,0.66180000,71.30000000,0.6558
1749254755,0.66190000,3765.90000000,0.6558
1749254755,0.66200000,3284.70000000,0.6558
1749254755,0.66210000,175.00000000,0.6558
1749254755,0.66220000,74.90000000,0.6558
1749254755,0.66230000,52.50000000,0.6558
1749254755,0.66240000,258.90000000,0.6558
1749254755,0.66250000,329.70000000,0.6558
1749254755,0.66260000,22626.60000000,0.6558
1749254755,0.66270000,27529.80000000,0.6558
1749254755,0.66280000,74.20000000,0.6558
1749254755,0.66290000,61.80000000,0.6558
1749254755,0.66300000,88.00000000,0.6558
1749254755,0.66310000,76.90000000,0.6558
1749254755,0.66320000,34.40000000,0.6558
1749254755,0.66330000,297.50000000,0.6558
1749254755,0.66340000,7641.10000000,0.6558
1749254755,0.66350000,698.90000000,0.6558
1749254755,0.66360000,170.60000000,0.6558
1749254755,0.66370000,53.10000000,0.6558
1749254755,0.66380000,601.40000000,0.6558
1749254755,0.66390000,115.50000000,0.6558
1749254755,0.66400000,372.80000000,0.6558
1749254755,0.66410000,461.80000000,0.6558
1749254755,0.66420000,313.70000000,0.6558
1749254755,0.66430000,7.70000000,0.6558
1749254755,0.66440000,91.70000000,0.6558
1749254755,0.66450000,310.90000000,0.6558
1749254755,0.66460000,91.50000000,0.6558
1749254755,0.66470000,290.50000000,0.6558
1749254755,0.66480000,68.10000000,0.6558
1749254755,0.66490000,187.90000000,0.6558
1749254755,0.66500000,10756.60000000,0.6558
1749254755,0.66510000,257.30000000,0.6558
1749254755,0.66520000,371.50000000,0.6558
1749254755,0.66530000,2286.70000000,0.6558
1749254755,0.66540000,551.00000000,0.6558
1749254755,0.66550000,452.50000000,0.6558
1749254755,0.66560000,15.20000000,0.6558
1749254755,0.66570000,1316.20000000,0.6558
1749255085,0.65400000,15.80000000,0.654
1749255085,0.65410000,36354.00000000,0.654
1749255085,0.65420000,28377.10000000,0.654
1749255085,0.65430000,38242.30000000,0.654
1749255085,0.65440000,50574.40000000,0.654
1749255085,0.65450000,33389.30000000,0.654
1749255085,0.65460000,34279.30000000,0.654
1749255085,0.65470000,30625.00000000,0.654
1749255085,0.65480000,15687.80000000,0.654
1749255085,0.65490000,25580.90000000,0.654
1749255085,0.65500000,21081.90000000,0.654
1749255085,0.65510000,21071.70000000,0.654
1749255085,0.65520000,17014.40000000,0.654
1749255085,0.65530000,20767.60000000,0.654
1749255085,0.65540000,12800.10000000,0.654
1749255085,0.65550000,19631.80000000,0.654
1749255085,0.65560000,12593.70000000,0.654
1749255085,0.65570000,8600.40000000,0.654
1749255085,0.65580000,19044.40000000,0.654
1749255085,0.65590000,8675.70000000,0.654
1749255085,0.65600000,3778.80000000,0.654
1749255085,0.65610000,32301.90000000,0.654
1749255085,0.65620000,5306.80000000,0.654
1749255085,0.65630000,13424.40000000,0.654
1749255085,0.65640000,5112.00000000,0.654
1749255085,0.65650000,13798.80000000,0.654
1749255085,0.65660000,11489.70000000,0.654
1749255085,0.65670000,10969.00000000,0.654
1749255085,0.65680000,17915.40000000,0.654
1749255085,0.65690000,11809.30000000,0.654
1749255085,0.65700000,9577.90000000,0.654
1749255085,0.65710000,37906.30000000,0.654
1749255085,0.65720000,11248.10000000,0.654
1749255085,0.65730000,6034.20000000,0.654
1749255085,0.65740000,12569.00000000,0.654
1749255085,0.65750000,5925.40000000,0.654
1749255085,0.65760000,9695.00000000,0.654
1749255085,0.65770000,11320.50000000,0.654
1749255085,0.65780000,9764.30000000,0.654
1749255085,0.65790000,22017.90000000,0.654
1749255085,0.65800000,94662.50000000,0.654
1749255085,0.65810000,9449.20000000,0.654
1749255085,0.65820000,2807.70000000,0.654
1749255085,0.65830000,2831.80000000,0.654
1749255085,0.65840000,4664.90000000,0.654
1749255085,0.65850000,15.20000000,0.654
1749255085,0.65860000,114366.30000000,0.654
1749255085,0.65870000,42.50000000,0.654
1749255085,0.65880000,382.90000000,0.654
1749255085,0.65890000,3092.40000000,0.654
1749255085,0.65900000,413.90000000,0.654
1749255085,0.65910000,43.10000000,0.654
1749255085,0.65920000,176729.60000000,0.654
1749255085,0.65930000,15971.60000000,0.654
1749255085,0.65940000,3295.70000000,0.654
1749255085,0.65950000,132.50000000,0.654
1749255085,0.65960000,290.90000000,0.654
1749255085,0.65970000,236.50000000,0.654
1749255085,0.65980000,35.40000000,0.654
1749255085,0.65990000,34.30000000,0.654
1749255085,0.66000000,878.30000000,0.654
1749255085,0.66010000,234.40000000,0.654
1749255085,0.66020000,291.00000000,0.654
1749255085,0.66030000,66.10000000,0.654
1749255085,0.66040000,69.10000000,0.654
1749255085,0.66050000,94.10000000,0.654
1749255085,0.66060000,970.30000000,0.654
1749255085,0.66070000,74.00000000,0.654
1749255085,0.66080000,115.90000000,0.654
1749255085,0.66090000,44876.30000000,0.654
1749255085,0.66100000,71361.80000000,0.654
1749255085,0.66110000,15910.00000000,0.654
1749255085,0.66120000,26794.00000000,0.654
1749255085,0.66130000,50163.70000000,0.654
1749255085,0.66140000,403.20000000,0.654
1749255085,0.66150000,401.80000000,0.654
1749255085,0.66160000,1155.80000000,0.654
1749255085,0.66170000,177.70000000,0.654
1749255085,0.66180000,7697.10000000,0.654
1749255085,0.66190000,3750.60000000,0.654
1749255085,0.66200000,3269.40000000,0.654
1749255085,0.66210000,159.70000000,0.654
1749255085,0.66220000,59.60000000,0.654
1749255085,0.66230000,37.20000000,0.654
1749255085,0.66240000,243.60000000,0.654
1749255085,0.66250000,146.80000000,0.654
1749255085,0.66260000,22611.30000000,0.654
1749255085,0.66270000,1033.80000000,0.654
1749255085,0.66280000,58.90000000,0.654
1749255085,0.66290000,46.50000000,0.654
1749255085,0.66300000,72.70000000,0.654
1749255085,0.66310000,61.60000000,0.654
1749255085,0.66320000,11.40000000,0.654
1749255085,0.66330000,282.20000000,0.654
1749255085,0.66340000,32.50000000,0.654
1749255085,0.66350000,691.20000000,0.654
1749255085,0.66360000,170.60000000,0.654
1749255085,0.66370000,45.40000000,0.654
1749255085,0.66380000,593.70000000,0.654
1749255085,0.66390000,115.50000000,0.654
