timestamp,price,volume,current_price
1749260638,0.65550000,12665.10000000,0.6554
1749260638,0.65560000,27015.10000000,0.6554
1749260638,0.65570000,46642.60000000,0.6554
1749260638,0.65580000,48491.60000000,0.6554
1749260638,0.65590000,31991.50000000,0.6554
1749260638,0.65600000,63122.80000000,0.6554
1749260638,0.65610000,67577.90000000,0.6554
1749260638,0.65620000,66987.80000000,0.6554
1749260638,0.65630000,62039.20000000,0.6554
1749260638,0.65640000,34125.60000000,0.6554
1749260638,0.65650000,34664.10000000,0.6554
1749260638,0.65660000,88291.70000000,0.6554
1749260638,0.65670000,79941.60000000,0.6554
1749260638,0.65680000,61856.80000000,0.6554
1749260638,0.65690000,29966.00000000,0.6554
1749260638,0.65700000,49593.20000000,0.6554
1749260638,0.65710000,5497.60000000,0.6554
1749260638,0.65720000,10940.80000000,0.6554
1749260638,0.65730000,5519.30000000,0.6554
1749260638,0.65740000,95830.70000000,0.6554
1749260638,0.65750000,5821.20000000,0.6554
1749260638,0.65760000,11130.70000000,0.6554
1749260638,0.65770000,33551.00000000,0.6554
1749260638,0.65780000,6726.10000000,0.6554
1749260638,0.65790000,4481.80000000,0.6554
1749260638,0.65800000,122393.80000000,0.6554
1749260638,0.65810000,145857.80000000,0.6554
1749260638,0.65820000,10088.90000000,0.6554
1749260638,0.65830000,7054.10000000,0.6554
1749260638,0.65840000,5782.40000000,0.6554
1749260638,0.65850000,17346.20000000,0.6554
1749260638,0.65860000,5209.80000000,0.6554
1749260638,0.65870000,4434.90000000,0.6554
1749260638,0.65880000,2393.90000000,0.6554
1749260638,0.65890000,6447.40000000,0.6554
1749260638,0.65900000,5101.60000000,0.6554
1749260638,0.65910000,2189.70000000,0.6554
1749260638,0.65920000,2223.70000000,0.6554
1749260638,0.65930000,2079.00000000,0.6554
1749260638,0.65940000,5902.10000000,0.6554
1749260638,0.65950000,2280.30000000,0.6554
1749260638,0.65960000,13659.70000000,0.6554
1749260638,0.65970000,327.20000000,0.6554
1749260638,0.65980000,907.90000000,0.6554
1749260638,0.65990000,3091.50000000,0.6554
1749260638,0.66000000,41180.30000000,0.6554
1749260638,0.66010000,66302.40000000,0.6554
1749260638,0.66020000,319.60000000,0.6554
1749260638,0.66030000,119.80000000,0.6554
1749260638,0.66040000,92.80000000,0.6554
1749260638,0.66050000,94.20000000,0.6554
1749260638,0.66060000,987.40000000,0.6554
1749260638,0.66070000,17507.70000000,0.6554
1749260638,0.66080000,231.20000000,0.6554
1749260638,0.66090000,1078.60000000,0.6554
1749260638,0.66100000,2711.30000000,0.6554
1749260638,0.66110000,26756.00000000,0.6554
1749260638,0.66120000,245.60000000,0.6554
1749260638,0.66130000,90.90000000,0.6554
1749260638,0.66140000,685.90000000,0.6554
1749260638,0.66150000,29495.80000000,0.6554
1749260638,0.66160000,1033.80000000,0.6554
1749260638,0.66170000,1177.80000000,0.6554
1749260638,0.66180000,3849.00000000,0.6554
1749260638,0.66190000,72.20000000,0.6554
1749260638,0.66200000,4195.50000000,0.6554
1749260638,0.66210000,2761.20000000,0.6554
1749260638,0.66220000,97.90000000,0.6554
1749260638,0.66230000,7840.40000000,0.6554
1749260638,0.66240000,1216.40000000,0.6554
1749260638,0.66250000,151.40000000,0.6554
1749260638,0.66260000,406.50000000,0.6554
1749260638,0.66270000,174.60000000,0.6554
1749260638,0.66280000,93.70000000,0.6554
1749260638,0.66290000,61.90000000,0.6554
1749260638,0.66300000,105.10000000,0.6554
1749260638,0.66310000,61.60000000,0.6554
1749260638,0.66320000,19.30000000,0.6554
1749260638,0.66330000,282.20000000,0.6554
1749260638,0.66340000,32.50000000,0.6554
1749260638,0.66350000,691.30000000,0.6554
1749260638,0.66360000,1721.20000000,0.6554
1749260638,0.66370000,45.40000000,0.6554
1749260638,0.66380000,593.80000000,0.6554
1749260638,0.66390000,2493.10000000,0.6554
1749260638,0.66400000,566.50000000,0.6554
1749260638,0.66410000,466.80000000,0.6554
1749260638,0.66420000,313.70000000,0.6554
1749260638,0.66440000,1624.70000000,0.6554
1749260638,0.66450000,309.40000000,0.6554
1749260638,0.66460000,158.10000000,0.6554
1749260638,0.66470000,413.50000000,0.6554
1749260638,0.66480000,46003.60000000,0.6554
1749260638,0.66490000,67181.40000000,0.6554
1749260638,0.66500000,60921.60000000,0.6554
1749260638,0.66510000,257.30000000,0.6554
1749260638,0.66520000,371.50000000,0.6554
1749260638,0.66530000,2298.10000000,0.6554
1749260638,0.66540000,551.00000000,0.6554
1749260638,0.66550000,452.50000000,0.6554
1749260941,0.65550000,1790.00000000,0.6554
1749260941,0.65560000,25372.70000000,0.6554
1749260941,0.65570000,45593.00000000,0.6554
1749260941,0.65580000,38717.60000000,0.6554
1749260941,0.65590000,28693.30000000,0.6554
1749260941,0.65600000,51930.60000000,0.6554
1749260941,0.65610000,59320.90000000,0.6554
1749260941,0.65620000,74079.80000000,0.6554
1749260941,0.65630000,39821.50000000,0.6554
1749260941,0.65640000,37276.10000000,0.6554
1749260941,0.65650000,41669.20000000,0.6554
1749260941,0.65660000,62940.30000000,0.6554
1749260941,0.65670000,89811.60000000,0.6554
1749260941,0.65680000,114294.50000000,0.6554
1749260941,0.65690000,52274.50000000,0.6554
1749260941,0.65700000,29518.70000000,0.6554
1749260941,0.65710000,23872.80000000,0.6554
1749260941,0.65720000,109464.60000000,0.6554
1749260941,0.65730000,5814.10000000,0.6554
1749260941,0.65740000,12367.60000000,0.6554
1749260941,0.65750000,5741.50000000,0.6554
1749260941,0.65760000,11130.70000000,0.6554
1749260941,0.65770000,8572.60000000,0.6554
1749260941,0.65780000,13187.10000000,0.6554
1749260941,0.65790000,5693.60000000,0.6554
1749260941,0.65800000,16107.00000000,0.6554
1749260941,0.65810000,113569.70000000,0.6554
1749260941,0.65820000,19843.90000000,0.6554
1749260941,0.65830000,19958.50000000,0.6554
1749260941,0.65840000,5281.90000000,0.6554
1749260941,0.65850000,2170.50000000,0.6554
1749260941,0.65860000,11518.50000000,0.6554
1749260941,0.65870000,4482.80000000,0.6554
1749260941,0.65880000,2393.90000000,0.6554
1749260941,0.65890000,6777.00000000,0.6554
1749260941,0.65900000,10014.30000000,0.6554
1749260941,0.65910000,140606.90000000,0.6554
1749260941,0.65920000,2223.70000000,0.6554
1749260941,0.65930000,2079.30000000,0.6554
1749260941,0.65940000,5902.10000000,0.6554
1749260941,0.65950000,2780.80000000,0.6554
1749260941,0.65960000,14721.40000000,0.6554
1749260941,0.65970000,445.80000000,0.6554
1749260941,0.65980000,67.90000000,0.6554
1749260941,0.65990000,15331.00000000,0.6554
1749260941,0.66000000,96388.40000000,0.6554
1749260941,0.66010000,17721.30000000,0.6554
1749260941,0.66020000,319.60000000,0.6554
1749260941,0.66030000,272.10000000,0.6554
1749260941,0.66040000,804.10000000,0.6554
1749260941,0.66050000,94.20000000,0.6554
1749260941,0.66060000,247.60000000,0.6554
1749260941,0.66070000,173.90000000,0.6554
1749260941,0.66080000,231.20000000,0.6554
1749260941,0.66090000,79.60000000,0.6554
1749260941,0.66100000,484.30000000,0.6554
1749260941,0.66110000,26756.00000000,0.6554
1749260941,0.66120000,245.60000000,0.6554
1749260941,0.66130000,90.90000000,0.6554
1749260941,0.66140000,531.90000000,0.6554
1749260941,0.66150000,29403.30000000,0.6554
1749260941,0.66160000,220.20000000,0.6554
1749260941,0.66170000,378.10000000,0.6554
1749260941,0.66180000,3849.00000000,0.6554
1749260941,0.66190000,17308.60000000,0.6554
1749260941,0.66200000,3323.00000000,0.6554
1749260941,0.66210000,1106.40000000,0.6554
1749260941,0.66220000,97.90000000,0.6554
1749260941,0.66230000,819.20000000,0.6554
1749260941,0.66240000,357.80000000,0.6554
1749260941,0.66250000,151.40000000,0.6554
1749260941,0.66260000,336.10000000,0.6554
1749260941,0.66270000,2401.60000000,0.6554
1749260941,0.66280000,93.70000000,0.6554
1749260941,0.66290000,61.90000000,0.6554
1749260941,0.66300000,105.10000000,0.6554
1749260941,0.66310000,61.60000000,0.6554
1749260941,0.66320000,27.00000000,0.6554
1749260941,0.66330000,1951.80000000,0.6554
1749260941,0.66340000,40.20000000,0.6554
1749260941,0.66350000,699.00000000,0.6554
1749260941,0.66360000,1717.00000000,0.6554
1749260941,0.66370000,865.40000000,0.6554
1749260941,0.66380000,9307.40000000,0.6554
1749260941,0.66390000,2493.10000000,0.6554
1749260941,0.66400000,566.50000000,0.6554
1749260941,0.66410000,1325.40000000,0.6554
1749260941,0.66420000,313.70000000,0.6554
1749260941,0.66440000,91.80000000,0.6554
1749260941,0.66450000,309.40000000,0.6554
1749260941,0.66460000,158.10000000,0.6554
1749260941,0.66470000,413.50000000,0.6554
1749260941,0.66480000,23836.40000000,0.6554
1749260941,0.66490000,89386.90000000,0.6554
1749260941,0.66500000,60921.60000000,0.6554
1749260941,0.66510000,257.30000000,0.6554
1749260941,0.66520000,371.50000000,0.6554
1749260941,0.66530000,2298.10000000,0.6554
1749260941,0.66540000,1415.10000000,0.6554
1749260941,0.66550000,1260.20000000,0.6554
1749261243,0.65560000,6245.60000000,0.6555
1749261243,0.65570000,32237.80000000,0.6555
1749261243,0.65580000,44331.30000000,0.6555
1749261243,0.65590000,29059.90000000,0.6555
1749261243,0.65600000,67615.70000000,0.6555
1749261243,0.65610000,55869.80000000,0.6555
1749261243,0.65620000,67555.80000000,0.6555
1749261243,0.65630000,54414.40000000,0.6555
1749261243,0.65640000,27380.70000000,0.6555
1749261243,0.65650000,40033.10000000,0.6555
1749261243,0.65660000,61273.40000000,0.6555
1749261243,0.65670000,93488.70000000,0.6555
1749261243,0.65680000,103743.10000000,0.6555
1749261243,0.65690000,23522.60000000,0.6555
1749261243,0.65700000,26057.50000000,0.6555
1749261243,0.65710000,23734.70000000,0.6555
1749261243,0.65720000,101552.50000000,0.6555
1749261243,0.65730000,22947.20000000,0.6555
1749261243,0.65740000,12356.10000000,0.6555
1749261243,0.65750000,11809.30000000,0.6555
1749261243,0.65760000,11130.70000000,0.6555
1749261243,0.65770000,5917.60000000,0.6555
1749261243,0.65780000,10523.70000000,0.6555
1749261243,0.65790000,3049.10000000,0.6555
1749261243,0.65800000,17625.70000000,0.6555
1749261243,0.65810000,113569.70000000,0.6555
1749261243,0.65820000,2497.80000000,0.6555
1749261243,0.65830000,12368.80000000,0.6555
1749261243,0.65840000,5782.40000000,0.6555
1749261243,0.65850000,2178.20000000,0.6555
1749261243,0.65860000,24938.10000000,0.6555
1749261243,0.65870000,4482.80000000,0.6555
1749261243,0.65880000,3951.30000000,0.6555
1749261243,0.65890000,6777.00000000,0.6555
1749261243,0.65900000,10084.50000000,0.6555
1749261243,0.65910000,140606.90000000,0.6555
1749261243,0.65920000,2223.70000000,0.6555
1749261243,0.65930000,2079.30000000,0.6555
1749261243,0.65940000,5902.10000000,0.6555
1749261243,0.65950000,2280.30000000,0.6555
1749261243,0.65960000,14721.10000000,0.6555
1749261243,0.65970000,2445.60000000,0.6555
1749261243,0.65980000,67.90000000,0.6555
1749261243,0.65990000,187.00000000,0.6555
1749261243,0.66000000,96543.80000000,0.6555
1749261243,0.66010000,17721.30000000,0.6555
1749261243,0.66020000,319.60000000,0.6555
1749261243,0.66030000,119.80000000,0.6555
1749261243,0.66040000,804.10000000,0.6555
1749261243,0.66050000,94.20000000,0.6555
1749261243,0.66060000,247.60000000,0.6555
1749261243,0.66070000,173.90000000,0.6555
1749261243,0.66080000,231.20000000,0.6555
1749261243,0.66090000,79.60000000,0.6555
1749261243,0.66100000,484.30000000,0.6555
1749261243,0.66110000,26756.00000000,0.6555
1749261243,0.66120000,245.60000000,0.6555
1749261243,0.66130000,90.90000000,0.6555
1749261243,0.66140000,531.90000000,0.6555
1749261243,0.66150000,29403.30000000,0.6555
1749261243,0.66160000,212.60000000,0.6555
1749261243,0.66170000,378.10000000,0.6555
1749261243,0.66180000,3849.00000000,0.6555
1749261243,0.66190000,72.20000000,0.6555
1749261243,0.66200000,3323.00000000,0.6555
1749261243,0.66210000,1106.40000000,0.6555
1749261243,0.66220000,97.90000000,0.6555
1749261243,0.66230000,819.20000000,0.6555
1749261243,0.66240000,357.80000000,0.6555
1749261243,0.66250000,151.40000000,0.6555
1749261243,0.66260000,17482.90000000,0.6555
1749261243,0.66270000,2401.60000000,0.6555
1749261243,0.66280000,93.70000000,0.6555
1749261243,0.66290000,61.90000000,0.6555
1749261243,0.66300000,105.10000000,0.6555
1749261243,0.66310000,76.90000000,0.6555
1749261243,0.66320000,27.00000000,0.6555
1749261243,0.66330000,1951.80000000,0.6555
1749261243,0.66340000,40.20000000,0.6555
1749261243,0.66350000,699.00000000,0.6555
1749261243,0.66360000,1717.00000000,0.6555
1749261243,0.66370000,925.60000000,0.6555
1749261243,0.66380000,10115.10000000,0.6555
1749261243,0.66390000,3340.20000000,0.6555
1749261243,0.66400000,566.50000000,0.6555
1749261243,0.66410000,1325.40000000,0.6555
1749261243,0.66420000,313.70000000,0.6555
1749261243,0.66430000,70.40000000,0.6555
1749261243,0.66440000,91.80000000,0.6555
1749261243,0.66450000,309.40000000,0.6555
1749261243,0.66460000,158.10000000,0.6555
1749261243,0.66470000,413.50000000,0.6555
1749261243,0.66480000,23949.30000000,0.6555
1749261243,0.66490000,67065.50000000,0.6555
1749261243,0.66500000,83243.00000000,0.6555
1749261243,0.66510000,257.30000000,0.6555
1749261243,0.66520000,371.50000000,0.6555
1749261243,0.66530000,2298.10000000,0.6555
1749261243,0.66540000,1354.90000000,0.6555
1749261243,0.66550000,452.50000000,0.6555
1749261544,0.65570000,13325.10000000,0.6556
1749261544,0.65580000,45279.80000000,0.6556
1749261544,0.65590000,50569.60000000,0.6556
1749261544,0.65600000,56869.50000000,0.6556
1749261544,0.65610000,31425.00000000,0.6556
1749261544,0.65620000,33094.00000000,0.6556
1749261544,0.65630000,42566.00000000,0.6556
1749261544,0.65640000,60400.60000000,0.6556
1749261544,0.65650000,131195.00000000,0.6556
1749261544,0.65660000,88993.90000000,0.6556
1749261544,0.65670000,47427.10000000,0.6556
1749261544,0.65680000,40949.90000000,0.6556
1749261544,0.65690000,52350.30000000,0.6556
1749261544,0.65700000,37913.10000000,0.6556
1749261544,0.65710000,43287.40000000,0.6556
1749261544,0.65720000,18232.50000000,0.6556
1749261544,0.65730000,9406.20000000,0.6556
1749261544,0.65740000,17577.50000000,0.6556
1749261544,0.65750000,16923.80000000,0.6556
1749261544,0.65760000,14978.60000000,0.6556
1749261544,0.65770000,8725.00000000,0.6556
1749261544,0.65780000,98481.90000000,0.6556
1749261544,0.65790000,5704.40000000,0.6556
1749261544,0.65800000,16107.20000000,0.6556
1749261544,0.65810000,113569.60000000,0.6556
1749261544,0.65820000,19864.80000000,0.6556
1749261544,0.65830000,12217.00000000,0.6556
1749261544,0.65840000,5434.30000000,0.6556
1749261544,0.65850000,9614.00000000,0.6556
1749261544,0.65860000,24938.10000000,0.6556
1749261544,0.65870000,4482.50000000,0.6556
1749261544,0.65880000,2556.80000000,0.6556
1749261544,0.65890000,6624.40000000,0.6556
1749261544,0.65900000,6013.20000000,0.6556
1749261544,0.65910000,144617.10000000,0.6556
1749261544,0.65920000,2223.60000000,0.6556
1749261544,0.65930000,2079.30000000,0.6556
1749261544,0.65940000,5894.40000000,0.6556
1749261544,0.65950000,2788.40000000,0.6556
1749261544,0.65960000,14721.00000000,0.6556
1749261544,0.65970000,2438.30000000,0.6556
1749261544,0.65980000,2075.10000000,0.6556
1749261544,0.65990000,186.90000000,0.6556
1749261544,0.66000000,93493.20000000,0.6556
1749261544,0.66010000,17729.00000000,0.6556
1749261544,0.66020000,319.50000000,0.6556
1749261544,0.66030000,3163.40000000,0.6556
1749261544,0.66040000,811.80000000,0.6556
1749261544,0.66050000,94.10000000,0.6556
1749261544,0.66060000,987.30000000,0.6556
1749261544,0.66070000,166.20000000,0.6556
1749261544,0.66080000,238.90000000,0.6556
1749261544,0.66090000,79.50000000,0.6556
1749261544,0.66100000,476.60000000,0.6556
1749261544,0.66110000,26763.70000000,0.6556
1749261544,0.66120000,245.50000000,0.6556
1749261544,0.66130000,83.20000000,0.6556
1749261544,0.66140000,539.60000000,0.6556
1749261544,0.66150000,29403.20000000,0.6556
1749261544,0.66160000,212.50000000,0.6556
1749261544,0.66170000,385.80000000,0.6556
1749261544,0.66180000,3848.90000000,0.6556
1749261544,0.66190000,72.10000000,0.6556
1749261544,0.66200000,4127.60000000,0.6556
1749261544,0.66210000,1114.10000000,0.6556
1749261544,0.66220000,97.80000000,0.6556
1749261544,0.66230000,79.40000000,0.6556
1749261544,0.66240000,357.70000000,0.6556
1749261544,0.66250000,151.40000000,0.6556
1749261544,0.66260000,17482.90000000,0.6556
1749261544,0.66270000,2401.60000000,0.6556
1749261544,0.66280000,93.70000000,0.6556
1749261544,0.66290000,61.90000000,0.6556
1749261544,0.66300000,105.10000000,0.6556
1749261544,0.66310000,76.90000000,0.6556
1749261544,0.66320000,57.30000000,0.6556
1749261544,0.66330000,1951.80000000,0.6556
1749261544,0.66340000,40.20000000,0.6556
1749261544,0.66350000,691.30000000,0.6556
1749261544,0.66360000,1717.00000000,0.6556
1749261544,0.66370000,105.60000000,0.6556
1749261544,0.66380000,10115.10000000,0.6556
1749261544,0.66390000,3340.20000000,0.6556
1749261544,0.66400000,566.50000000,0.6556
1749261544,0.66410000,1325.40000000,0.6556
1749261544,0.66420000,313.70000000,0.6556
1749261544,0.66430000,70.40000000,0.6556
1749261544,0.66440000,91.80000000,0.6556
1749261544,0.66450000,309.40000000,0.6556
1749261544,0.66460000,158.10000000,0.6556
1749261544,0.66470000,413.50000000,0.6556
1749261544,0.66480000,23836.40000000,0.6556
1749261544,0.66490000,67065.50000000,0.6556
1749261544,0.66500000,60921.60000000,0.6556
1749261544,0.66510000,257.30000000,0.6556
1749261544,0.66520000,371.50000000,0.6556
1749261544,0.66530000,2298.10000000,0.6556
1749261544,0.66540000,1354.90000000,0.6556
1749261544,0.66550000,452.50000000,0.6556
1749261544,0.66560000,42.10000000,0.6556
1749261845,0.65390000,8095.80000000,0.6539
1749261845,0.65400000,55846.30000000,0.6539
1749261845,0.65410000,57626.70000000,0.6539
1749261845,0.65420000,48434.60000000,0.6539
1749261845,0.65430000,43932.30000000,0.6539
1749261845,0.65440000,48088.30000000,0.6539
1749261845,0.65450000,43741.70000000,0.6539
1749261845,0.65460000,66235.00000000,0.6539
1749261845,0.65470000,54799.10000000,0.6539
1749261845,0.65480000,33994.20000000,0.6539
1749261845,0.65490000,75760.40000000,0.6539
1749261845,0.65500000,69039.80000000,0.6539
1749261845,0.65510000,69452.00000000,0.6539
1749261845,0.65520000,40441.50000000,0.6539
1749261845,0.65530000,18949.80000000,0.6539
1749261845,0.65540000,18502.10000000,0.6539
1749261845,0.65550000,15901.90000000,0.6539
1749261845,0.65560000,21259.60000000,0.6539
1749261845,0.65570000,6023.00000000,0.6539
1749261845,0.65580000,22746.50000000,0.6539
1749261845,0.65590000,5707.80000000,0.6539
1749261845,0.65600000,12310.10000000,0.6539
1749261845,0.65610000,8625.00000000,0.6539
1749261845,0.65620000,10196.50000000,0.6539
1749261845,0.65630000,43851.70000000,0.6539
1749261845,0.65640000,99501.20000000,0.6539
1749261845,0.65650000,23874.70000000,0.6539
1749261845,0.65660000,9269.10000000,0.6539
1749261845,0.65670000,13217.70000000,0.6539
1749261845,0.65680000,14722.30000000,0.6539
1749261845,0.65690000,12274.90000000,0.6539
1749261845,0.65700000,10570.20000000,0.6539
1749261845,0.65710000,2769.80000000,0.6539
1749261845,0.65720000,118092.20000000,0.6539
1749261845,0.65730000,18730.40000000,0.6539
1749261845,0.65740000,9700.40000000,0.6539
1749261845,0.65750000,3067.40000000,0.6539
1749261845,0.65760000,8323.60000000,0.6539
1749261845,0.65770000,13375.60000000,0.6539
1749261845,0.65780000,145135.50000000,0.6539
1749261845,0.65790000,2290.20000000,0.6539
1749261845,0.65800000,5595.80000000,0.6539
1749261845,0.65810000,1582.00000000,0.6539
1749261845,0.65820000,17927.40000000,0.6539
1749261845,0.65830000,45071.30000000,0.6539
1749261845,0.65840000,3430.50000000,0.6539
1749261845,0.65850000,15.20000000,0.6539
1749261845,0.65860000,3227.40000000,0.6539
1749261845,0.65870000,2279.30000000,0.6539
1749261845,0.65880000,393.40000000,0.6539
1749261845,0.65890000,66.60000000,0.6539
1749261845,0.65900000,70.90000000,0.6539
1749261845,0.65910000,35.40000000,0.6539
1749261845,0.65920000,61.40000000,0.6539
1749261845,0.65930000,77.90000000,0.6539
1749261845,0.65940000,28528.30000000,0.6539
1749261845,0.65950000,135.00000000,0.6539
1749261845,0.65960000,11651.00000000,0.6539
1749261845,0.65970000,319.50000000,0.6539
1749261845,0.65980000,75.60000000,0.6539
1749261845,0.65990000,22355.90000000,0.6539
1749261845,0.66000000,55630.60000000,0.6539
1749261845,0.66010000,18728.00000000,0.6539
1749261845,0.66020000,319.50000000,0.6539
1749261845,0.66030000,112.10000000,0.6539
1749261845,0.66040000,100.50000000,0.6539
1749261845,0.66050000,94.10000000,0.6539
1749261845,0.66060000,987.30000000,0.6539
1749261845,0.66070000,166.20000000,0.6539
1749261845,0.66080000,238.90000000,0.6539
1749261845,0.66090000,79.50000000,0.6539
1749261845,0.66100000,2703.60000000,0.6539
1749261845,0.66110000,150.60000000,0.6539
1749261845,0.66120000,245.50000000,0.6539
1749261845,0.66130000,83.20000000,0.6539
1749261845,0.66140000,22861.00000000,0.6539
1749261845,0.66150000,51709.30000000,0.6539
1749261845,0.66160000,1859.20000000,0.6539
1749261845,0.66170000,370.50000000,0.6539
1749261845,0.66180000,3833.60000000,0.6539
1749261845,0.66190000,856.50000000,0.6539
1749261845,0.66200000,4172.50000000,0.6539
1749261845,0.66210000,1906.50000000,0.6539
1749261845,0.66220000,8735.90000000,0.6539
1749261845,0.66230000,64.10000000,0.6539
1749261845,0.66240000,1201.00000000,0.6539
1749261845,0.66250000,136.10000000,0.6539
1749261845,0.66260000,391.20000000,0.6539
1749261845,0.66270000,159.30000000,0.6539
1749261845,0.66280000,78.40000000,0.6539
1749261845,0.66290000,46.60000000,0.6539
1749261845,0.66300000,89.80000000,0.6539
1749261845,0.66310000,61.60000000,0.6539
1749261845,0.66320000,34.30000000,0.6539
1749261845,0.66330000,282.20000000,0.6539
1749261845,0.66340000,32.50000000,0.6539
1749261845,0.66350000,691.30000000,0.6539
1749261845,0.66360000,917.30000000,0.6539
1749261845,0.66370000,849.30000000,0.6539
1749261845,0.66380000,708.50000000,0.6539
1749262147,0.65290000,12707.30000000,0.6529
1749262147,0.65300000,13949.30000000,0.6529
1749262147,0.65310000,47297.50000000,0.6529
1749262147,0.65320000,97139.20000000,0.6529
1749262147,0.65330000,30022.80000000,0.6529
1749262147,0.65340000,32679.30000000,0.6529
1749262147,0.65350000,41546.10000000,0.6529
1749262147,0.65360000,57386.70000000,0.6529
1749262147,0.65370000,100289.80000000,0.6529
1749262147,0.65380000,69637.00000000,0.6529
1749262147,0.65390000,46981.50000000,0.6529
1749262147,0.65400000,37857.70000000,0.6529
1749262147,0.65410000,28930.30000000,0.6529
1749262147,0.65420000,27812.90000000,0.6529
1749262147,0.65430000,17463.50000000,0.6529
1749262147,0.65440000,6376.10000000,0.6529
1749262147,0.65450000,11001.60000000,0.6529
1749262147,0.65460000,7737.70000000,0.6529
1749262147,0.65470000,27605.70000000,0.6529
1749262147,0.65480000,41402.30000000,0.6529
1749262147,0.65490000,17087.20000000,0.6529
1749262147,0.65500000,91915.40000000,0.6529
1749262147,0.65510000,10372.20000000,0.6529
1749262147,0.65520000,12143.00000000,0.6529
1749262147,0.65530000,16263.90000000,0.6529
1749262147,0.65540000,4959.50000000,0.6529
1749262147,0.65550000,10347.50000000,0.6529
1749262147,0.65560000,9254.10000000,0.6529
1749262147,0.65570000,23195.50000000,0.6529
1749262147,0.65580000,16635.40000000,0.6529
1749262147,0.65590000,5707.80000000,0.6529
1749262147,0.65600000,12319.20000000,0.6529
1749262147,0.65610000,8939.90000000,0.6529
1749262147,0.65620000,9739.60000000,0.6529
1749262147,0.65630000,120471.10000000,0.6529
1749262147,0.65640000,11977.40000000,0.6529
1749262147,0.65650000,142259.80000000,0.6529
1749262147,0.65660000,6623.60000000,0.6529
1749262147,0.65670000,5979.30000000,0.6529
1749262147,0.65680000,8281.90000000,0.6529
1749262147,0.65690000,2095.60000000,0.6529
1749262147,0.65700000,5288.40000000,0.6529
1749262147,0.65710000,80.50000000,0.6529
1749262147,0.65720000,1585.30000000,0.6529
1749262147,0.65730000,15761.40000000,0.6529
1749262147,0.65740000,30.70000000,0.6529
1749262147,0.65750000,3125.90000000,0.6529
1749262147,0.65760000,1672.70000000,0.6529
1749262147,0.65770000,3186.30000000,0.6529
1749262147,0.65780000,79.90000000,0.6529
1749262147,0.65790000,72.00000000,0.6529
1749262147,0.65800000,26962.00000000,0.6529
1749262147,0.65810000,1582.00000000,0.6529
1749262147,0.65820000,17787.30000000,0.6529
1749262147,0.65830000,39817.90000000,0.6529
1749262147,0.65840000,365.20000000,0.6529
1749262147,0.65850000,15.20000000,0.6529
1749262147,0.65860000,1101.00000000,0.6529
1749262147,0.65870000,753.80000000,0.6529
1749262147,0.65880000,393.40000000,0.6529
1749262147,0.65890000,795.20000000,0.6529
1749262147,0.65900000,70.90000000,0.6529
1749262147,0.65910000,35.40000000,0.6529
1749262147,0.65920000,61.40000000,0.6529
1749262147,0.65930000,77.90000000,0.6529
1749262147,0.65940000,1846.60000000,0.6529
1749262147,0.65950000,123.80000000,0.6529
1749262147,0.65960000,11651.00000000,0.6529
1749262147,0.65970000,319.50000000,0.6529
1749262147,0.65980000,22397.00000000,0.6529
1749262147,0.65990000,45001.30000000,0.6529
1749262147,0.66000000,55613.90000000,0.6529
1749262147,0.66010000,1547.10000000,0.6529
1749262147,0.66020000,1119.20000000,0.6529
1749262147,0.66030000,924.40000000,0.6529
1749262147,0.66040000,89.30000000,0.6529
1749262147,0.66050000,78.70000000,0.6529
1749262147,0.66060000,232.10000000,0.6529
1749262147,0.66070000,7918.50000000,0.6529
1749262147,0.66080000,223.50000000,0.6529
1749262147,0.66090000,64.10000000,0.6529
1749262147,0.66100000,2688.20000000,0.6529
1749262147,0.66110000,104.00000000,0.6529
1749262147,0.66120000,230.10000000,0.6529
1749262147,0.66130000,67.80000000,0.6529
1749262147,0.66140000,22845.60000000,0.6529
1749262147,0.66150000,29376.70000000,0.6529
1749262147,0.66160000,1859.20000000,0.6529
1749262147,0.66170000,370.50000000,0.6529
1749262147,0.66180000,3833.60000000,0.6529
1749262147,0.66190000,49.10000000,0.6529
1749262147,0.66200000,3360.20000000,0.6529
1749262147,0.66210000,967.40000000,0.6529
1749262147,0.66220000,921.90000000,0.6529
1749262147,0.66230000,64.10000000,0.6529
1749262147,0.66240000,1193.30000000,0.6529
1749262147,0.66250000,128.40000000,0.6529
1749262147,0.66260000,391.20000000,0.6529
1749262147,0.66270000,269.50000000,0.6529
1749262147,0.66280000,1603.60000000,0.6529
1749262449,0.65480000,14823.10000000,0.6548
1749262449,0.65490000,47587.00000000,0.6548
1749262449,0.65500000,62277.50000000,0.6548
1749262449,0.65510000,38066.50000000,0.6548
1749262449,0.65520000,53538.40000000,0.6548
1749262449,0.65530000,67506.90000000,0.6548
1749262449,0.65540000,91465.40000000,0.6548
1749262449,0.65550000,69066.60000000,0.6548
1749262449,0.65560000,36714.20000000,0.6548
1749262449,0.65570000,29990.50000000,0.6548
1749262449,0.65580000,58325.00000000,0.6548
1749262449,0.65590000,82231.10000000,0.6548
1749262449,0.65600000,53059.00000000,0.6548
1749262449,0.65610000,47497.50000000,0.6548
1749262449,0.65620000,23406.00000000,0.6548
1749262449,0.65630000,22287.70000000,0.6548
1749262449,0.65640000,18759.30000000,0.6548
1749262449,0.65650000,15928.70000000,0.6548
1749262449,0.65660000,9287.00000000,0.6548
1749262449,0.65670000,37557.30000000,0.6548
1749262449,0.65680000,100037.20000000,0.6548
1749262449,0.65690000,30349.50000000,0.6548
1749262449,0.65700000,117927.00000000,0.6548
1749262449,0.65710000,10065.80000000,0.6548
1749262449,0.65720000,6247.80000000,0.6548
1749262449,0.65730000,20288.00000000,0.6548
1749262449,0.65740000,17001.00000000,0.6548
1749262449,0.65750000,140499.70000000,0.6548
1749262449,0.65760000,6495.30000000,0.6548
1749262449,0.65770000,12402.80000000,0.6548
1749262449,0.65780000,2093.40000000,0.6548
1749262449,0.65790000,2230.30000000,0.6548
1749262449,0.65800000,2355.50000000,0.6548
1749262449,0.65810000,3739.60000000,0.6548
1749262449,0.65820000,19944.50000000,0.6548
1749262449,0.65830000,41822.00000000,0.6548
1749262449,0.65840000,7140.20000000,0.6548
1749262449,0.65850000,2171.50000000,0.6548
1749262449,0.65860000,3104.20000000,0.6548
1749262449,0.65870000,2909.40000000,0.6548
1749262449,0.65880000,2557.10000000,0.6548
1749262449,0.65890000,2797.50000000,0.6548
1749262449,0.65900000,223.50000000,0.6548
1749262449,0.65910000,35.40000000,0.6548
1749262449,0.65920000,61.40000000,0.6548
1749262449,0.65930000,3135.70000000,0.6548
1749262449,0.65940000,1860.60000000,0.6548
1749262449,0.65950000,123.80000000,0.6548
1749262449,0.65960000,11651.00000000,0.6548
1749262449,0.65970000,319.50000000,0.6548
1749262449,0.65980000,17366.10000000,0.6548
1749262449,0.65990000,26696.00000000,0.6548
1749262449,0.66000000,55629.10000000,0.6548
1749262449,0.66010000,1547.10000000,0.6548
1749262449,0.66020000,319.50000000,0.6548
1749262449,0.66030000,112.10000000,0.6548
1749262449,0.66040000,89.30000000,0.6548
1749262449,0.66050000,94.10000000,0.6548
1749262449,0.66060000,247.50000000,0.6548
1749262449,0.66070000,166.20000000,0.6548
1749262449,0.66080000,238.90000000,0.6548
1749262449,0.66090000,79.50000000,0.6548
1749262449,0.66100000,2703.60000000,0.6548
1749262449,0.66110000,119.40000000,0.6548
1749262449,0.66120000,245.40000000,0.6548
1749262449,0.66130000,83.20000000,0.6548
1749262449,0.66140000,22861.00000000,0.6548
1749262449,0.66150000,29392.00000000,0.6548
1749262449,0.66160000,1874.50000000,0.6548
1749262449,0.66170000,385.80000000,0.6548
1749262449,0.66180000,3848.90000000,0.6548
1749262449,0.66190000,871.90000000,0.6548
1749262449,0.66200000,1470.40000000,0.6548
1749262449,0.66210000,990.50000000,0.6548
1749262449,0.66220000,8723.20000000,0.6548
1749262449,0.66230000,79.40000000,0.6548
1749262449,0.66240000,1193.30000000,0.6548
1749262449,0.66250000,128.40000000,0.6548
1749262449,0.66260000,391.20000000,0.6548
1749262449,0.66270000,151.60000000,0.6548
1749262449,0.66280000,70.70000000,0.6548
1749262449,0.66290000,46.60000000,0.6548
1749262449,0.66300000,82.10000000,0.6548
1749262449,0.66310000,53.90000000,0.6548
1749262449,0.66320000,34.30000000,0.6548
1749262449,0.66330000,282.20000000,0.6548
1749262449,0.66340000,32.50000000,0.6548
1749262449,0.66350000,691.30000000,0.6548
1749262449,0.66360000,917.30000000,0.6548
1749262449,0.66370000,849.30000000,0.6548
1749262449,0.66380000,711.40000000,0.6548
1749262449,0.66390000,2493.10000000,0.6548
1749262449,0.66400000,566.50000000,0.6548
1749262449,0.66410000,466.80000000,0.6548
1749262449,0.66420000,313.70000000,0.6548
1749262449,0.66440000,91.80000000,0.6548
1749262449,0.66450000,1842.30000000,0.6548
1749262449,0.66460000,158.10000000,0.6548
1749262449,0.66470000,413.50000000,0.6548
1749262449,0.66480000,46157.90000000,0.6548
1749262750,0.65570000,13129.00000000,0.6557
1749262750,0.65580000,38721.60000000,0.6557
1749262750,0.65590000,62775.00000000,0.6557
1749262750,0.65600000,50372.90000000,0.6557
1749262750,0.65610000,37684.30000000,0.6557
1749262750,0.65620000,43101.40000000,0.6557
1749262750,0.65630000,87672.10000000,0.6557
1749262750,0.65640000,112930.00000000,0.6557
1749262750,0.65650000,24903.30000000,0.6557
1749262750,0.65660000,46881.70000000,0.6557
1749262750,0.65670000,77669.20000000,0.6557
1749262750,0.65680000,81669.60000000,0.6557
1749262750,0.65690000,69252.10000000,0.6557
1749262750,0.65700000,22752.70000000,0.6557
1749262750,0.65710000,14440.70000000,0.6557
1749262750,0.65720000,7759.90000000,0.6557
1749262750,0.65730000,31394.80000000,0.6557
1749262750,0.65740000,98500.60000000,0.6557
1749262750,0.65750000,22087.80000000,0.6557
1749262750,0.65760000,6596.30000000,0.6557
1749262750,0.65770000,9294.40000000,0.6557
1749262750,0.65780000,9313.60000000,0.6557
1749262750,0.65790000,12694.10000000,0.6557
1749262750,0.65800000,12603.00000000,0.6557
1749262750,0.65810000,6402.30000000,0.6557
1749262750,0.65820000,10280.80000000,0.6557
1749262750,0.65830000,113849.10000000,0.6557
1749262750,0.65840000,21071.20000000,0.6557
1749262750,0.65850000,140596.40000000,0.6557
1749262750,0.65860000,2172.80000000,0.6557
1749262750,0.65870000,25664.30000000,0.6557
1749262750,0.65880000,3316.30000000,0.6557
1749262750,0.65890000,2057.70000000,0.6557
1749262750,0.65900000,6628.40000000,0.6557
1749262750,0.65910000,6358.80000000,0.6557
1749262750,0.65920000,2983.00000000,0.6557
1749262750,0.65930000,2079.00000000,0.6557
1749262750,0.65940000,8693.10000000,0.6557
1749262750,0.65950000,2777.30000000,0.6557
1749262750,0.65960000,13659.60000000,0.6557
1749262750,0.65970000,2471.80000000,0.6557
1749262750,0.65980000,2227.80000000,0.6557
1749262750,0.65990000,26696.00000000,0.6557
1749262750,0.66000000,56142.00000000,0.6557
1749262750,0.66010000,38395.20000000,0.6557
1749262750,0.66020000,3370.80000000,0.6557
1749262750,0.66030000,112.10000000,0.6557
1749262750,0.66040000,89.30000000,0.6557
1749262750,0.66050000,94.10000000,0.6557
1749262750,0.66060000,987.30000000,0.6557
1749262750,0.66070000,166.20000000,0.6557
1749262750,0.66080000,238.90000000,0.6557
1749262750,0.66090000,79.50000000,0.6557
1749262750,0.66100000,19815.60000000,0.6557
1749262750,0.66110000,119.40000000,0.6557
1749262750,0.66120000,245.40000000,0.6557
1749262750,0.66130000,1014.60000000,0.6557
1749262750,0.66140000,539.60000000,0.6557
1749262750,0.66150000,29547.50000000,0.6557
1749262750,0.66160000,1882.10000000,0.6557
1749262750,0.66170000,385.80000000,0.6557
1749262750,0.66180000,3848.90000000,0.6557
1749262750,0.66190000,871.90000000,0.6557
1749262750,0.66200000,1410.20000000,0.6557
1749262750,0.66210000,182.80000000,0.6557
1749262750,0.66220000,7876.10000000,0.6557
1749262750,0.66230000,79.40000000,0.6557
1749262750,0.66240000,1216.40000000,0.6557
1749262750,0.66250000,151.50000000,0.6557
1749262750,0.66260000,336.10000000,0.6557
1749262750,0.66270000,174.60000000,0.6557
1749262750,0.66280000,17314.40000000,0.6557
1749262750,0.66290000,61.90000000,0.6557
1749262750,0.66300000,105.10000000,0.6557
1749262750,0.66310000,76.90000000,0.6557
1749262750,0.66320000,57.30000000,0.6557
1749262750,0.66330000,282.20000000,0.6557
1749262750,0.66340000,32.50000000,0.6557
1749262750,0.66350000,691.30000000,0.6557
1749262750,0.66360000,917.30000000,0.6557
1749262750,0.66370000,105.60000000,0.6557
1749262750,0.66380000,1401.50000000,0.6557
1749262750,0.66390000,2493.10000000,0.6557
1749262750,0.66400000,1413.60000000,0.6557
1749262750,0.66410000,1465.80000000,0.6557
1749262750,0.66420000,313.70000000,0.6557
1749262750,0.66430000,70.40000000,0.6557
1749262750,0.66440000,91.80000000,0.6557
1749262750,0.66450000,1842.30000000,0.6557
1749262750,0.66460000,158.10000000,0.6557
1749262750,0.66470000,413.50000000,0.6557
1749262750,0.66480000,23682.00000000,0.6557
1749262750,0.66490000,67065.50000000,0.6557
1749262750,0.66500000,60910.20000000,0.6557
1749262750,0.66510000,257.30000000,0.6557
1749262750,0.66520000,371.50000000,0.6557
1749262750,0.66530000,2405.60000000,0.6557
1749262750,0.66540000,1354.90000000,0.6557
1749262750,0.66550000,452.50000000,0.6557
1749262750,0.66560000,42.10000000,0.6557
1749263052,0.65590000,13613.60000000,0.6558
1749263052,0.65600000,29272.40000000,0.6558
1749263052,0.65610000,43895.10000000,0.6558
1749263052,0.65620000,58294.10000000,0.6558
1749263052,0.65630000,35603.00000000,0.6558
1749263052,0.65640000,61703.50000000,0.6558
1749263052,0.65650000,61881.90000000,0.6558
1749263052,0.65660000,52706.30000000,0.6558
1749263052,0.65670000,28106.00000000,0.6558
1749263052,0.65680000,53683.40000000,0.6558
1749263052,0.65690000,54491.10000000,0.6558
1749263052,0.65700000,73474.60000000,0.6558
1749263052,0.65710000,71697.10000000,0.6558
1749263052,0.65720000,26215.00000000,0.6558
1749263052,0.65730000,44732.20000000,0.6558
1749263052,0.65740000,30985.90000000,0.6558
1749263052,0.65750000,29986.70000000,0.6558
1749263052,0.65760000,7254.50000000,0.6558
1749263052,0.65770000,92881.50000000,0.6558
1749263052,0.65780000,5516.00000000,0.6558
1749263052,0.65790000,10960.50000000,0.6558
1749263052,0.65800000,12484.40000000,0.6558
1749263052,0.65810000,6402.30000000,0.6558
1749263052,0.65820000,10271.50000000,0.6558
1749263052,0.65830000,262969.00000000,0.6558
1749263052,0.65840000,16137.70000000,0.6558
1749263052,0.65850000,4834.20000000,0.6558
1749263052,0.65860000,4827.80000000,0.6558
1749263052,0.65870000,28319.30000000,0.6558
1749263052,0.65880000,13562.80000000,0.6558
1749263052,0.65890000,2057.70000000,0.6558
1749263052,0.65900000,6628.40000000,0.6558
1749263052,0.65910000,6411.30000000,0.6558
1749263052,0.65920000,2983.00000000,0.6558
1749263052,0.65930000,2079.30000000,0.6558
1749263052,0.65940000,6963.50000000,0.6558
1749263052,0.65950000,2886.90000000,0.6558
1749263052,0.65960000,13659.60000000,0.6558
1749263052,0.65970000,2471.80000000,0.6558
1749263052,0.65980000,2227.50000000,0.6558
1749263052,0.65990000,28695.20000000,0.6558
1749263052,0.66000000,36055.00000000,0.6558
1749263052,0.66010000,38395.20000000,0.6558
1749263052,0.66020000,319.50000000,0.6558
1749263052,0.66030000,47147.20000000,0.6558
1749263052,0.66040000,89.30000000,0.6558
1749263052,0.66050000,94.10000000,0.6558
1749263052,0.66060000,987.30000000,0.6558
1749263052,0.66070000,166.20000000,0.6558
1749263052,0.66080000,238.90000000,0.6558
1749263052,0.66090000,79.50000000,0.6558
1749263052,0.66100000,19815.60000000,0.6558
1749263052,0.66110000,110.10000000,0.6558
1749263052,0.66120000,245.40000000,0.6558
1749263052,0.66130000,1014.60000000,0.6558
1749263052,0.66140000,539.60000000,0.6558
1749263052,0.66150000,29392.00000000,0.6558
1749263052,0.66160000,1882.10000000,0.6558
1749263052,0.66170000,17671.80000000,0.6558
1749263052,0.66180000,3848.90000000,0.6558
1749263052,0.66190000,871.90000000,0.6558
1749263052,0.66200000,1470.40000000,0.6558
1749263052,0.66210000,182.80000000,0.6558
1749263052,0.66220000,97.90000000,0.6558
1749263052,0.66230000,926.50000000,0.6558
1749263052,0.66240000,1216.40000000,0.6558
1749263052,0.66250000,151.50000000,0.6558
1749263052,0.66260000,406.50000000,0.6558
1749263052,0.66270000,174.60000000,0.6558
1749263052,0.66280000,93.70000000,0.6558
1749263052,0.66290000,61.90000000,0.6558
1749263052,0.66300000,95.80000000,0.6558
1749263052,0.66310000,76.90000000,0.6558
1749263052,0.66320000,57.30000000,0.6558
1749263052,0.66330000,297.50000000,0.6558
1749263052,0.66340000,55.50000000,0.6558
1749263052,0.66350000,691.30000000,0.6558
1749263052,0.66360000,917.30000000,0.6558
1749263052,0.66370000,7796.20000000,0.6558
1749263052,0.66380000,1401.50000000,0.6558
1749263052,0.66390000,2493.10000000,0.6558
1749263052,0.66400000,566.50000000,0.6558
1749263052,0.66410000,1465.80000000,0.6558
1749263052,0.66420000,313.70000000,0.6558
1749263052,0.66440000,91.80000000,0.6558
1749263052,0.66450000,1842.30000000,0.6558
1749263052,0.66460000,158.10000000,0.6558
1749263052,0.66470000,413.50000000,0.6558
1749263052,0.66480000,23836.10000000,0.6558
1749263052,0.66490000,67037.60000000,0.6558
1749263052,0.66500000,60910.20000000,0.6558
1749263052,0.66510000,257.30000000,0.6558
1749263052,0.66520000,371.50000000,0.6558
1749263052,0.66530000,2401.00000000,0.6558
1749263052,0.66540000,1354.90000000,0.6558
1749263052,0.66550000,452.50000000,0.6558
1749263052,0.66560000,42.10000000,0.6558
1749263052,0.66570000,1347.70000000,0.6558
1749263052,0.66580000,383.70000000,0.6558
1749263052,0.66590000,179.90000000,0.6558
1749263354,0.65690000,17926.00000000,0.6568
1749263354,0.65700000,29908.60000000,0.6568
1749263354,0.65710000,68977.30000000,0.6568
1749263354,0.65720000,53928.60000000,0.6568
1749263354,0.65730000,67586.10000000,0.6568
1749263354,0.65740000,84008.80000000,0.6568
1749263354,0.65750000,46336.90000000,0.6568
1749263354,0.65760000,38974.10000000,0.6568
1749263354,0.65770000,36789.70000000,0.6568
1749263354,0.65780000,55151.30000000,0.6568
1749263354,0.65790000,109757.00000000,0.6568
1749263354,0.65800000,89991.90000000,0.6568
1749263354,0.65810000,26419.20000000,0.6568
1749263354,0.65820000,50158.80000000,0.6568
1749263354,0.65830000,90331.50000000,0.6568
1749263354,0.65840000,33521.80000000,0.6568
1749263354,0.65850000,12723.00000000,0.6568
1749263354,0.65860000,4836.20000000,0.6568
1749263354,0.65870000,12665.10000000,0.6568
1749263354,0.65880000,9784.20000000,0.6568
1749263354,0.65890000,4712.70000000,0.6568
1749263354,0.65900000,16116.70000000,0.6568
1749263354,0.65910000,127374.00000000,0.6568
1749263354,0.65920000,10193.50000000,0.6568
1749263354,0.65930000,147873.10000000,0.6568
1749263354,0.65940000,9626.20000000,0.6568
1749263354,0.65950000,17673.70000000,0.6568
1749263354,0.65960000,23139.50000000,0.6568
1749263354,0.65970000,5134.50000000,0.6568
1749263354,0.65980000,9438.00000000,0.6568
1749263354,0.65990000,5447.90000000,0.6568
1749263354,0.66000000,36063.00000000,0.6568
1749263354,0.66010000,55526.30000000,0.6568
1749263354,0.66020000,2470.20000000,0.6568
1749263354,0.66030000,2110.40000000,0.6568
1749263354,0.66040000,2806.70000000,0.6568
1749263354,0.66050000,6437.30000000,0.6568
1749263354,0.66060000,2984.40000000,0.6568
1749263354,0.66070000,2315.60000000,0.6568
1749263354,0.66080000,2244.40000000,0.6568
1749263354,0.66090000,2228.80000000,0.6568
1749263354,0.66100000,19584.50000000,0.6568
1749263354,0.66110000,141.30000000,0.6568
1749263354,0.66120000,3296.70000000,0.6568
1749263354,0.66130000,1014.60000000,0.6568
1749263354,0.66140000,539.60000000,0.6568
1749263354,0.66150000,29392.00000000,0.6568
1749263354,0.66160000,28475.10000000,0.6568
1749263354,0.66170000,17671.80000000,0.6568
1749263354,0.66180000,3848.90000000,0.6568
1749263354,0.66190000,44855.70000000,0.6568
1749263354,0.66200000,1470.40000000,0.6568
1749263354,0.66210000,182.80000000,0.6568
1749263354,0.66220000,97.90000000,0.6568
1749263354,0.66230000,926.50000000,0.6568
1749263354,0.66240000,1216.40000000,0.6568
1749263354,0.66250000,151.50000000,0.6568
1749263354,0.66260000,406.50000000,0.6568
1749263354,0.66270000,2401.60000000,0.6568
1749263354,0.66280000,93.70000000,0.6568
1749263354,0.66290000,61.90000000,0.6568
1749263354,0.66300000,95.80000000,0.6568
1749263354,0.66310000,76.90000000,0.6568
1749263354,0.66320000,57.30000000,0.6568
1749263354,0.66330000,297.50000000,0.6568
1749263354,0.66340000,55.50000000,0.6568
1749263354,0.66350000,714.30000000,0.6568
1749263354,0.66360000,932.60000000,0.6568
1749263354,0.66370000,7819.20000000,0.6568
1749263354,0.66380000,1424.50000000,0.6568
1749263354,0.66390000,2508.40000000,0.6568
1749263354,0.66400000,589.50000000,0.6568
1749263354,0.66410000,1488.80000000,0.6568
1749263354,0.66420000,329.00000000,0.6568
1749263354,0.66430000,23.00000000,0.6568
1749263354,0.66440000,107.10000000,0.6568
1749263354,0.66450000,1842.30000000,0.6568
1749263354,0.66460000,158.10000000,0.6568
1749263354,0.66470000,413.50000000,0.6568
1749263354,0.66480000,23512.70000000,0.6568
1749263354,0.66490000,45039.30000000,0.6568
1749263354,0.66500000,60910.20000000,0.6568
1749263354,0.66510000,257.30000000,0.6568
1749263354,0.66520000,371.50000000,0.6568
1749263354,0.66530000,2286.70000000,0.6568
1749263354,0.66540000,1354.90000000,0.6568
1749263354,0.66550000,452.50000000,0.6568
1749263354,0.66560000,42.10000000,0.6568
1749263354,0.66570000,1347.70000000,0.6568
1749263354,0.66580000,383.70000000,0.6568
1749263354,0.66590000,179.90000000,0.6568
1749263354,0.66600000,19830.00000000,0.6568
1749263354,0.66610000,216.40000000,0.6568
1749263354,0.66620000,226.90000000,0.6568
1749263354,0.66630000,45.00000000,0.6568
1749263354,0.66640000,278.60000000,0.6568
1749263354,0.66650000,159.80000000,0.6568
1749263354,0.66660000,12258.40000000,0.6568
1749263354,0.66670000,548.20000000,0.6568
1749263354,0.66680000,127.10000000,0.6568
1749263655,0.65600000,439.10000000,0.6559
1749263655,0.65610000,30119.90000000,0.6559
1749263655,0.65620000,59702.50000000,0.6559
1749263655,0.65630000,58951.40000000,0.6559
1749263655,0.65640000,62431.50000000,0.6559
1749263655,0.65650000,32481.60000000,0.6559
1749263655,0.65660000,29577.30000000,0.6559
1749263655,0.65670000,28973.30000000,0.6559
1749263655,0.65680000,70339.50000000,0.6559
1749263655,0.65690000,96551.60000000,0.6559
1749263655,0.65700000,39524.00000000,0.6559
1749263655,0.65710000,85183.90000000,0.6559
1749263655,0.65720000,63609.60000000,0.6559
1749263655,0.65730000,16325.10000000,0.6559
1749263655,0.65740000,28951.40000000,0.6559
1749263655,0.65750000,34522.20000000,0.6559
1749263655,0.65760000,97000.30000000,0.6559
1749263655,0.65770000,15640.60000000,0.6559
1749263655,0.65780000,10161.20000000,0.6559
1749263655,0.65790000,4885.30000000,0.6559
1749263655,0.65800000,13370.70000000,0.6559
1749263655,0.65810000,13994.30000000,0.6559
1749263655,0.65820000,125212.60000000,0.6559
1749263655,0.65830000,6528.90000000,0.6559
1749263655,0.65840000,24226.70000000,0.6559
1749263655,0.65850000,4834.20000000,0.6559
1749263655,0.65860000,4827.80000000,0.6559
1749263655,0.65870000,13148.60000000,0.6559
1749263655,0.65880000,18492.50000000,0.6559
1749263655,0.65890000,2057.70000000,0.6559
1749263655,0.65900000,17649.00000000,0.6559
1749263655,0.65910000,2189.70000000,0.6559
1749263655,0.65920000,10043.30000000,0.6559
1749263655,0.65930000,147873.10000000,0.6559
1749263655,0.65940000,6971.80000000,0.6559
1749263655,0.65950000,2378.40000000,0.6559
1749263655,0.65960000,43370.50000000,0.6559
1749263655,0.65970000,2479.50000000,0.6559
1749263655,0.65980000,2067.70000000,0.6559
1749263655,0.65990000,2186.10000000,0.6559
1749263655,0.66000000,35901.90000000,0.6559
1749263655,0.66010000,17678.60000000,0.6559
1749263655,0.66020000,319.50000000,0.6559
1749263655,0.66030000,112.10000000,0.6559
1749263655,0.66040000,3140.60000000,0.6559
1749263655,0.66050000,94.10000000,0.6559
1749263655,0.66060000,1986.30000000,0.6559
1749263655,0.66070000,166.20000000,0.6559
1749263655,0.66080000,238.90000000,0.6559
1749263655,0.66090000,79.50000000,0.6559
1749263655,0.66100000,17588.60000000,0.6559
1749263655,0.66110000,141.30000000,0.6559
1749263655,0.66120000,245.40000000,0.6559
1749263655,0.66130000,1014.60000000,0.6559
1749263655,0.66140000,539.60000000,0.6559
1749263655,0.66150000,29392.00000000,0.6559
1749263655,0.66160000,1882.10000000,0.6559
1749263655,0.66170000,385.80000000,0.6559
1749263655,0.66180000,3848.90000000,0.6559
1749263655,0.66190000,44855.70000000,0.6559
1749263655,0.66200000,1470.40000000,0.6559
1749263655,0.66210000,182.80000000,0.6559
1749263655,0.66220000,97.90000000,0.6559
1749263655,0.66230000,926.50000000,0.6559
1749263655,0.66240000,1216.40000000,0.6559
1749263655,0.66250000,17278.10000000,0.6559
1749263655,0.66260000,406.50000000,0.6559
1749263655,0.66270000,2401.60000000,0.6559
1749263655,0.66280000,93.70000000,0.6559
1749263655,0.66290000,61.90000000,0.6559
1749263655,0.66300000,95.80000000,0.6559
1749263655,0.66310000,76.90000000,0.6559
1749263655,0.66320000,57.30000000,0.6559
1749263655,0.66330000,297.50000000,0.6559
1749263655,0.66340000,55.50000000,0.6559
1749263655,0.66350000,699.00000000,0.6559
1749263655,0.66360000,917.30000000,0.6559
1749263655,0.66370000,8607.80000000,0.6559
1749263655,0.66380000,1409.20000000,0.6559
1749263655,0.66390000,2493.10000000,0.6559
1749263655,0.66400000,574.20000000,0.6559
1749263655,0.66410000,474.50000000,0.6559
1749263655,0.66420000,313.70000000,0.6559
1749263655,0.66430000,7.70000000,0.6559
1749263655,0.66440000,91.80000000,0.6559
1749263655,0.66450000,1842.30000000,0.6559
1749263655,0.66460000,158.10000000,0.6559
1749263655,0.66470000,739.30000000,0.6559
1749263655,0.66480000,45834.10000000,0.6559
1749263655,0.66490000,44716.20000000,0.6559
1749263655,0.66500000,60910.20000000,0.6559
1749263655,0.66510000,257.30000000,0.6559
1749263655,0.66520000,485.90000000,0.6559
1749263655,0.66530000,2286.70000000,0.6559
1749263655,0.66540000,551.00000000,0.6559
1749263655,0.66550000,452.50000000,0.6559
1749263655,0.66560000,42.10000000,0.6559
1749263655,0.66570000,1347.70000000,0.6559
1749263655,0.66580000,383.70000000,0.6559
1749263655,0.66590000,179.90000000,0.6559
1749263957,0.65720000,17184.60000000,0.6572
1749263957,0.65730000,17107.10000000,0.6572
1749263957,0.65740000,37034.30000000,0.6572
1749263957,0.65750000,67486.50000000,0.6572
1749263957,0.65760000,48337.70000000,0.6572
1749263957,0.65770000,56703.70000000,0.6572
1749263957,0.65780000,34330.20000000,0.6572
1749263957,0.65790000,33041.20000000,0.6572
1749263957,0.65800000,56832.90000000,0.6572
1749263957,0.65810000,71323.60000000,0.6572
1749263957,0.65820000,76446.30000000,0.6572
1749263957,0.65830000,63921.10000000,0.6572
1749263957,0.65840000,114387.20000000,0.6572
1749263957,0.65850000,40240.00000000,0.6572
1749263957,0.65860000,18474.80000000,0.6572
1749263957,0.65870000,39858.80000000,0.6572
1749263957,0.65880000,93371.30000000,0.6572
1749263957,0.65890000,4712.70000000,0.6572
1749263957,0.65900000,148333.40000000,0.6572
1749263957,0.65910000,4852.40000000,0.6572
1749263957,0.65920000,10193.50000000,0.6572
1749263957,0.65930000,147873.10000000,0.6572
1749263957,0.65940000,17330.90000000,0.6572
1749263957,0.65950000,9596.60000000,0.6572
1749263957,0.65960000,23139.80000000,0.6572
1749263957,0.65970000,5134.50000000,0.6572
1749263957,0.65980000,9285.90000000,0.6572
1749263957,0.65990000,15441.10000000,0.6572
1749263957,0.66000000,36669.50000000,0.6572
1749263957,0.66010000,22394.10000000,0.6572
1749263957,0.66020000,17606.50000000,0.6572
1749263957,0.66030000,2110.10000000,0.6572
1749263957,0.66040000,7696.70000000,0.6572
1749263957,0.66050000,2091.50000000,0.6572
1749263957,0.66060000,2984.70000000,0.6572
1749263957,0.66070000,2315.90000000,0.6572
1749263957,0.66080000,2243.80000000,0.6572
1749263957,0.66090000,2227.90000000,0.6572
1749263957,0.66100000,19584.50000000,0.6572
1749263957,0.66110000,2289.10000000,0.6572
1749263957,0.66120000,2401.20000000,0.6572
1749263957,0.66130000,3009.60000000,0.6572
1749263957,0.66140000,27140.60000000,0.6572
1749263957,0.66150000,29392.00000000,0.6572
1749263957,0.66160000,4932.00000000,0.6572
1749263957,0.66170000,385.80000000,0.6572
1749263957,0.66180000,3848.90000000,0.6572
1749263957,0.66190000,44855.70000000,0.6572
1749263957,0.66200000,1470.40000000,0.6572
1749263957,0.66210000,182.80000000,0.6572
1749263957,0.66220000,97.90000000,0.6572
1749263957,0.66230000,926.50000000,0.6572
1749263957,0.66240000,1216.40000000,0.6572
1749263957,0.66250000,17278.10000000,0.6572
1749263957,0.66260000,406.50000000,0.6572
1749263957,0.66270000,2401.60000000,0.6572
1749263957,0.66280000,93.70000000,0.6572
1749263957,0.66290000,61.90000000,0.6572
1749263957,0.66300000,95.80000000,0.6572
1749263957,0.66310000,76.90000000,0.6572
1749263957,0.66320000,57.30000000,0.6572
1749263957,0.66330000,297.50000000,0.6572
1749263957,0.66340000,55.50000000,0.6572
1749263957,0.66350000,1713.30000000,0.6572
1749263957,0.66360000,932.60000000,0.6572
1749263957,0.66370000,7819.20000000,0.6572
1749263957,0.66380000,1424.50000000,0.6572
1749263957,0.66390000,2508.40000000,0.6572
1749263957,0.66400000,589.50000000,0.6572
1749263957,0.66410000,489.80000000,0.6572
1749263957,0.66420000,329.00000000,0.6572
1749263957,0.66430000,23.00000000,0.6572
1749263957,0.66440000,114.80000000,0.6572
1749263957,0.66450000,1865.30000000,0.6572
1749263957,0.66460000,173.40000000,0.6572
1749263957,0.66470000,428.80000000,0.6572
1749263957,0.66480000,1516.20000000,0.6572
1749263957,0.66490000,67037.60000000,0.6572
1749263957,0.66500000,60910.20000000,0.6572
1749263957,0.66510000,257.30000000,0.6572
1749263957,0.66520000,371.50000000,0.6572
1749263957,0.66530000,2286.70000000,0.6572
1749263957,0.66540000,551.00000000,0.6572
1749263957,0.66550000,1256.40000000,0.6572
1749263957,0.66560000,42.10000000,0.6572
1749263957,0.66570000,1347.70000000,0.6572
1749263957,0.66580000,383.70000000,0.6572
1749263957,0.66590000,179.90000000,0.6572
1749263957,0.66600000,19830.00000000,0.6572
1749263957,0.66610000,216.40000000,0.6572
1749263957,0.66620000,226.90000000,0.6572
1749263957,0.66630000,45.00000000,0.6572
1749263957,0.66640000,278.60000000,0.6572
1749263957,0.66650000,162.90000000,0.6572
1749263957,0.66660000,12258.40000000,0.6572
1749263957,0.66670000,548.20000000,0.6572
1749263957,0.66680000,127.10000000,0.6572
1749263957,0.66690000,241.30000000,0.6572
1749263957,0.66700000,1248.10000000,0.6572
1749263957,0.66710000,161.70000000,0.6572
1749264258,0.65670000,18669.20000000,0.6567
1749264258,0.65680000,40650.50000000,0.6567
1749264258,0.65690000,48875.30000000,0.6567
1749264258,0.65700000,35086.00000000,0.6567
1749264258,0.65710000,55834.40000000,0.6567
1749264258,0.65720000,76982.00000000,0.6567
1749264258,0.65730000,54824.10000000,0.6567
1749264258,0.65740000,32185.10000000,0.6567
1749264258,0.65750000,41056.30000000,0.6567
1749264258,0.65760000,42080.30000000,0.6567
1749264258,0.65770000,35519.70000000,0.6567
1749264258,0.65780000,112192.20000000,0.6567
1749264258,0.65790000,75130.40000000,0.6567
1749264258,0.65800000,27633.60000000,0.6567
1749264258,0.65810000,28476.30000000,0.6567
1749264258,0.65820000,46208.60000000,0.6567
1749264258,0.65830000,43021.30000000,0.6567
1749264258,0.65840000,28037.50000000,0.6567
1749264258,0.65850000,5809.70000000,0.6567
1749264258,0.65860000,5707.90000000,0.6567
1749264258,0.65870000,99199.70000000,0.6567
1749264258,0.65880000,9773.70000000,0.6567
1749264258,0.65890000,125719.90000000,0.6567
1749264258,0.65900000,33392.30000000,0.6567
1749264258,0.65910000,4852.40000000,0.6567
1749264258,0.65920000,10193.50000000,0.6567
1749264258,0.65930000,9411.10000000,0.6567
1749264258,0.65940000,12579.90000000,0.6567
1749264258,0.65950000,9637.40000000,0.6567
1749264258,0.65960000,23139.80000000,0.6567
1749264258,0.65970000,5134.50000000,0.6567
1749264258,0.65980000,10118.20000000,0.6567
1749264258,0.65990000,8699.40000000,0.6567
1749264258,0.66000000,36677.10000000,0.6567
1749264258,0.66010000,7246.80000000,0.6567
1749264258,0.66020000,24431.40000000,0.6567
1749264258,0.66030000,146332.00000000,0.6567
1749264258,0.66040000,12191.30000000,0.6567
1749264258,0.66050000,2091.50000000,0.6567
1749264258,0.66060000,3092.00000000,0.6567
1749264258,0.66070000,2315.90000000,0.6567
1749264258,0.66080000,2243.80000000,0.6567
1749264258,0.66090000,302.10000000,0.6567
1749264258,0.66100000,17588.60000000,0.6567
1749264258,0.66110000,5390.40000000,0.6567
1749264258,0.66120000,1467.30000000,0.6567
1749264258,0.66130000,1014.60000000,0.6567
1749264258,0.66140000,27292.70000000,0.6567
1749264258,0.66150000,29392.00000000,0.6567
1749264258,0.66160000,212.50000000,0.6567
1749264258,0.66170000,385.80000000,0.6567
1749264258,0.66180000,138.10000000,0.6567
1749264258,0.66190000,82601.10000000,0.6567
1749264258,0.66200000,1410.20000000,0.6567
1749264258,0.66210000,182.80000000,0.6567
1749264258,0.66220000,97.90000000,0.6567
1749264258,0.66230000,79.40000000,0.6567
1749264258,0.66240000,1216.40000000,0.6567
1749264258,0.66250000,18017.90000000,0.6567
1749264258,0.66260000,336.10000000,0.6567
1749264258,0.66270000,2401.60000000,0.6567
1749264258,0.66280000,93.70000000,0.6567
1749264258,0.66290000,61.90000000,0.6567
1749264258,0.66300000,95.80000000,0.6567
1749264258,0.66310000,76.90000000,0.6567
1749264258,0.66320000,57.30000000,0.6567
1749264258,0.66330000,297.50000000,0.6567
1749264258,0.66340000,55.50000000,0.6567
1749264258,0.66350000,1713.30000000,0.6567
1749264258,0.66360000,1736.50000000,0.6567
1749264258,0.66370000,7819.20000000,0.6567
1749264258,0.66380000,1424.50000000,0.6567
1749264258,0.66390000,2508.40000000,0.6567
1749264258,0.66400000,589.50000000,0.6567
1749264258,0.66410000,4200.60000000,0.6567
1749264258,0.66420000,329.00000000,0.6567
1749264258,0.66430000,7.70000000,0.6567
1749264258,0.66440000,99.50000000,0.6567
1749264258,0.66450000,1850.00000000,0.6567
1749264258,0.66460000,158.10000000,0.6567
1749264258,0.66470000,421.20000000,0.6567
1749264258,0.66480000,23846.10000000,0.6567
1749264258,0.66490000,44716.20000000,0.6567
1749264258,0.66500000,60917.90000000,0.6567
1749264258,0.66510000,257.30000000,0.6567
1749264258,0.66520000,371.50000000,0.6567
1749264258,0.66530000,2286.70000000,0.6567
1749264258,0.66540000,551.00000000,0.6567
1749264258,0.66550000,452.50000000,0.6567
1749264258,0.66560000,42.10000000,0.6567
1749264258,0.66570000,1347.70000000,0.6567
1749264258,0.66580000,383.70000000,0.6567
1749264258,0.66590000,179.90000000,0.6567
1749264258,0.66600000,19830.00000000,0.6567
1749264258,0.66610000,216.40000000,0.6567
1749264258,0.66620000,226.90000000,0.6567
1749264258,0.66630000,45.00000000,0.6567
1749264258,0.66640000,278.60000000,0.6567
1749264258,0.66650000,162.80000000,0.6567
1749264258,0.66660000,12258.40000000,0.6567
1749264562,0.65710000,5804.10000000,0.657
1749264562,0.65720000,41919.00000000,0.657
1749264562,0.65730000,66883.00000000,0.657
1749264562,0.65740000,49228.20000000,0.657
1749264562,0.65750000,42144.50000000,0.657
1749264562,0.65760000,49523.40000000,0.657
1749264562,0.65770000,60414.70000000,0.657
1749264562,0.65780000,69718.90000000,0.657
1749264562,0.65790000,21833.00000000,0.657
1749264562,0.65800000,47766.10000000,0.657
1749264562,0.65810000,63372.70000000,0.657
1749264562,0.65820000,67040.10000000,0.657
1749264562,0.65830000,86649.00000000,0.657
1749264562,0.65840000,62078.30000000,0.657
1749264562,0.65850000,41745.90000000,0.657
1749264562,0.65860000,12173.60000000,0.657
1749264562,0.65870000,110654.20000000,0.657
1749264562,0.65880000,9773.70000000,0.657
1749264562,0.65890000,119653.80000000,0.657
1749264562,0.65900000,16116.70000000,0.657
1749264562,0.65910000,22146.40000000,0.657
1749264562,0.65920000,17772.80000000,0.657
1749264562,0.65930000,9411.10000000,0.657
1749264562,0.65940000,6645.20000000,0.657
1749264562,0.65950000,9596.60000000,0.657
1749264562,0.65960000,23139.80000000,0.657
1749264562,0.65970000,12763.70000000,0.657
1749264562,0.65980000,10125.90000000,0.657
1749264562,0.65990000,6044.40000000,0.657
1749264562,0.66000000,36978.80000000,0.657
1749264562,0.66010000,7246.80000000,0.657
1749264562,0.66020000,21402.70000000,0.657
1749264562,0.66030000,184670.20000000,0.657
1749264562,0.66040000,10958.40000000,0.657
1749264562,0.66050000,3522.70000000,0.657
1749264562,0.66060000,3092.00000000,0.657
1749264562,0.66070000,2315.30000000,0.657
1749264562,0.66080000,2983.60000000,0.657
1749264562,0.66090000,2298.30000000,0.657
1749264562,0.66100000,21811.50000000,0.657
1749264562,0.66110000,4336.40000000,0.657
1749264562,0.66120000,3310.50000000,0.657
1749264562,0.66130000,1166.70000000,0.657
1749264562,0.66140000,27140.60000000,0.657
1749264562,0.66150000,32435.40000000,0.657
1749264562,0.66160000,212.50000000,0.657
1749264562,0.66170000,737.90000000,0.657
1749264562,0.66180000,138.10000000,0.657
1749264562,0.66190000,44855.70000000,0.657
1749264562,0.66200000,1410.20000000,0.657
1749264562,0.66210000,990.50000000,0.657
1749264562,0.66220000,97.90000000,0.657
1749264562,0.66230000,79.40000000,0.657
1749264562,0.66240000,1216.40000000,0.657
1749264562,0.66250000,151.50000000,0.657
1749264562,0.66260000,336.10000000,0.657
1749264562,0.66270000,174.60000000,0.657
1749264562,0.66280000,1626.60000000,0.657
1749264562,0.66290000,61.90000000,0.657
1749264562,0.66300000,95.80000000,0.657
1749264562,0.66310000,17262.10000000,0.657
1749264562,0.66320000,64.90000000,0.657
1749264562,0.66330000,297.50000000,0.657
1749264562,0.66340000,55.50000000,0.657
1749264562,0.66350000,1713.30000000,0.657
1749264562,0.66360000,1736.50000000,0.657
1749264562,0.66370000,7819.20000000,0.657
1749264562,0.66380000,616.80000000,0.657
1749264562,0.66390000,2508.40000000,0.657
1749264562,0.66400000,589.50000000,0.657
1749264562,0.66410000,4200.60000000,0.657
1749264562,0.66420000,329.00000000,0.657
1749264562,0.66430000,23.00000000,0.657
1749264562,0.66440000,114.80000000,0.657
1749264562,0.66450000,332.40000000,0.657
1749264562,0.66460000,173.40000000,0.657
1749264562,0.66470000,421.20000000,0.657
1749264562,0.66480000,1523.50000000,0.657
1749264562,0.66490000,44716.20000000,0.657
1749264562,0.66500000,83239.30000000,0.657
1749264562,0.66510000,257.30000000,0.657
1749264562,0.66520000,371.50000000,0.657
1749264562,0.66530000,2286.70000000,0.657
1749264562,0.66540000,551.00000000,0.657
1749264562,0.66550000,452.50000000,0.657
1749264562,0.66560000,42.10000000,0.657
1749264562,0.66570000,1347.70000000,0.657
1749264562,0.66580000,383.70000000,0.657
1749264562,0.66590000,179.90000000,0.657
1749264562,0.66600000,19947.10000000,0.657
1749264562,0.66610000,216.40000000,0.657
1749264562,0.66620000,226.90000000,0.657
1749264562,0.66630000,45.00000000,0.657
1749264562,0.66640000,278.60000000,0.657
1749264562,0.66650000,45.70000000,0.657
1749264562,0.66660000,12258.40000000,0.657
1749264562,0.66670000,548.20000000,0.657
1749264562,0.66680000,127.10000000,0.657
1749264562,0.66690000,241.30000000,0.657
1749264562,0.66700000,1248.10000000,0.657
1749264864,0.65860000,15109.80000000,0.6585
1749264864,0.65870000,21532.50000000,0.6585
1749264864,0.65880000,55080.40000000,0.6585
1749264864,0.65890000,69295.20000000,0.6585
1749264864,0.65900000,53615.70000000,0.6585
1749264864,0.65910000,46690.80000000,0.6585
1749264864,0.65920000,38879.80000000,0.6585
1749264864,0.65930000,44529.20000000,0.6585
1749264864,0.65940000,72628.60000000,0.6585
1749264864,0.65950000,96139.40000000,0.6585
1749264864,0.65960000,91691.40000000,0.6585
1749264864,0.65970000,92814.00000000,0.6585
1749264864,0.65980000,43745.30000000,0.6585
1749264864,0.65990000,20384.70000000,0.6585
1749264864,0.66000000,143331.90000000,0.6585
1749264864,0.66010000,17905.40000000,0.6585
1749264864,0.66020000,10924.20000000,0.6585
1749264864,0.66030000,4772.80000000,0.6585
1749264864,0.66040000,126639.00000000,0.6585
1749264864,0.66050000,7729.80000000,0.6585
1749264864,0.66060000,5659.10000000,0.6585
1749264864,0.66070000,17006.40000000,0.6585
1749264864,0.66080000,9576.60000000,0.6585
1749264864,0.66090000,4882.90000000,0.6585
1749264864,0.66100000,10449.90000000,0.6585
1749264864,0.66110000,5883.20000000,0.6585
1749264864,0.66120000,155139.90000000,0.6585
1749264864,0.66130000,7294.00000000,0.6585
1749264864,0.66140000,3445.90000000,0.6585
1749264864,0.66150000,32226.40000000,0.6585
1749264864,0.66160000,22855.70000000,0.6585
1749264864,0.66170000,2731.70000000,0.6585
1749264864,0.66180000,6538.90000000,0.6585
1749264864,0.66190000,2065.40000000,0.6585
1749264864,0.66200000,2811.30000000,0.6585
1749264864,0.66210000,39909.00000000,0.6585
1749264864,0.66220000,2090.10000000,0.6585
1749264864,0.66230000,2223.50000000,0.6585
1749264864,0.66240000,3204.90000000,0.6585
1749264864,0.66250000,3034.40000000,0.6585
1749264864,0.66260000,2397.50000000,0.6585
1749264864,0.66270000,4392.30000000,0.6585
1749264864,0.66280000,93.70000000,0.6585
1749264864,0.66290000,3105.30000000,0.6585
1749264864,0.66300000,95.80000000,0.6585
1749264864,0.66310000,17262.10000000,0.6585
1749264864,0.66320000,64.90000000,0.6585
1749264864,0.66330000,26822.30000000,0.6585
1749264864,0.66340000,145.10000000,0.6585
1749264864,0.66350000,45697.10000000,0.6585
1749264864,0.66360000,1732.30000000,0.6585
1749264864,0.66370000,880.70000000,0.6585
1749264864,0.66380000,616.80000000,0.6585
1749264864,0.66390000,3316.10000000,0.6585
1749264864,0.66400000,589.50000000,0.6585
1749264864,0.66410000,5132.00000000,0.6585
1749264864,0.66420000,1187.60000000,0.6585
1749264864,0.66430000,23.00000000,0.6585
1749264864,0.66440000,114.80000000,0.6585
1749264864,0.66450000,1865.30000000,0.6585
1749264864,0.66460000,173.40000000,0.6585
1749264864,0.66470000,436.50000000,0.6585
1749264864,0.66480000,1214.30000000,0.6585
1749264864,0.66490000,22563.50000000,0.6585
1749264864,0.66500000,60933.20000000,0.6585
1749264864,0.66510000,280.30000000,0.6585
1749264864,0.66520000,25080.00000000,0.6585
1749264864,0.66530000,3113.60000000,0.6585
1749264864,0.66540000,574.00000000,0.6585
1749264864,0.66550000,467.70000000,0.6585
1749264864,0.66560000,65.00000000,0.6585
1749264864,0.66570000,1370.60000000,0.6585
1749264864,0.66580000,406.60000000,0.6585
1749264864,0.66590000,195.10000000,0.6585
1749264864,0.66600000,19845.20000000,0.6585
1749264864,0.66610000,231.60000000,0.6585
1749264864,0.66620000,226.90000000,0.6585
1749264864,0.66630000,45.00000000,0.6585
1749264864,0.66640000,278.60000000,0.6585
1749264864,0.66650000,45.70000000,0.6585
1749264864,0.66660000,12258.40000000,0.6585
1749264864,0.66670000,548.20000000,0.6585
1749264864,0.66680000,127.10000000,0.6585
1749264864,0.66690000,241.30000000,0.6585
1749264864,0.66700000,1248.10000000,0.6585
1749264864,0.66710000,161.70000000,0.6585
1749264864,0.66720000,626.20000000,0.6585
1749264864,0.66730000,44850.60000000,0.6585
1749264864,0.66740000,22756.30000000,0.6585
1749264864,0.66750000,30246.70000000,0.6585
1749264864,0.66760000,526.50000000,0.6585
1749264864,0.66770000,42.80000000,0.6585
1749264864,0.66780000,71.70000000,0.6585
1749264864,0.66790000,371.50000000,0.6585
1749264864,0.66800000,520.10000000,0.6585
1749264864,0.66810000,711.20000000,0.6585
1749264864,0.66820000,153.90000000,0.6585
1749264864,0.66830000,151.40000000,0.6585
1749264864,0.66840000,270.80000000,0.6585
1749264864,0.66850000,466.80000000,0.6585
1749265167,0.65850000,16666.50000000,0.6585
1749265167,0.65860000,28793.80000000,0.6585
1749265167,0.65870000,65657.30000000,0.6585
1749265167,0.65880000,35770.10000000,0.6585
1749265167,0.65890000,66473.40000000,0.6585
1749265167,0.65900000,67077.90000000,0.6585
1749265167,0.65910000,35719.10000000,0.6585
1749265167,0.65920000,32696.80000000,0.6585
1749265167,0.65930000,49129.70000000,0.6585
1749265167,0.65940000,39898.50000000,0.6585
1749265167,0.65950000,99040.40000000,0.6585
1749265167,0.65960000,140671.80000000,0.6585
1749265167,0.65970000,76059.30000000,0.6585
1749265167,0.65980000,36518.50000000,0.6585
1749265167,0.65990000,98120.20000000,0.6585
1749265167,0.66000000,42508.10000000,0.6585
1749265167,0.66010000,17915.30000000,0.6585
1749265167,0.66020000,10924.20000000,0.6585
1749265167,0.66030000,4772.80000000,0.6585
1749265167,0.66040000,10177.40000000,0.6585
1749265167,0.66050000,10766.80000000,0.6585
1749265167,0.66060000,5667.50000000,0.6585
1749265167,0.66070000,32693.50000000,0.6585
1749265167,0.66080000,13374.20000000,0.6585
1749265167,0.66090000,4882.90000000,0.6585
1749265167,0.66100000,10449.90000000,0.6585
1749265167,0.66110000,11575.20000000,0.6585
1749265167,0.66120000,270081.00000000,0.6585
1749265167,0.66130000,9448.50000000,0.6585
1749265167,0.66140000,9129.60000000,0.6585
1749265167,0.66150000,5798.70000000,0.6585
1749265167,0.66160000,15312.40000000,0.6585
1749265167,0.66170000,7492.80000000,0.6585
1749265167,0.66180000,7298.10000000,0.6585
1749265167,0.66190000,6620.90000000,0.6585
1749265167,0.66200000,2751.10000000,0.6585
1749265167,0.66210000,39909.00000000,0.6585
1749265167,0.66220000,6645.60000000,0.6585
1749265167,0.66230000,2724.00000000,0.6585
1749265167,0.66240000,2357.80000000,0.6585
1749265167,0.66250000,3034.40000000,0.6585
1749265167,0.66260000,2479.20000000,0.6585
1749265167,0.66270000,2401.60000000,0.6585
1749265167,0.66280000,3145.40000000,0.6585
1749265167,0.66290000,93.00000000,0.6585
1749265167,0.66300000,247.60000000,0.6585
1749265167,0.66310000,17262.10000000,0.6585
1749265167,0.66320000,64.90000000,0.6585
1749265167,0.66330000,26822.30000000,0.6585
1749265167,0.66340000,145.10000000,0.6585
1749265167,0.66350000,45697.10000000,0.6585
1749265167,0.66360000,1732.30000000,0.6585
1749265167,0.66370000,940.90000000,0.6585
1749265167,0.66380000,616.80000000,0.6585
1749265167,0.66390000,2508.40000000,0.6585
1749265167,0.66400000,6657.90000000,0.6585
1749265167,0.66410000,5979.10000000,0.6585
1749265167,0.66420000,1187.60000000,0.6585
1749265167,0.66430000,93.40000000,0.6585
1749265167,0.66440000,114.80000000,0.6585
1749265167,0.66450000,332.40000000,0.6585
1749265167,0.66460000,173.40000000,0.6585
1749265167,0.66470000,436.50000000,0.6585
1749265167,0.66480000,1214.30000000,0.6585
1749265167,0.66490000,22563.50000000,0.6585
1749265167,0.66500000,60944.60000000,0.6585
1749265167,0.66510000,280.30000000,0.6585
1749265167,0.66520000,47573.00000000,0.6585
1749265167,0.66530000,3113.60000000,0.6585
1749265167,0.66540000,574.00000000,0.6585
1749265167,0.66550000,467.70000000,0.6585
1749265167,0.66560000,872.70000000,0.6585
1749265167,0.66570000,1370.60000000,0.6585
1749265167,0.66580000,406.60000000,0.6585
1749265167,0.66590000,195.10000000,0.6585
1749265167,0.66600000,19852.90000000,0.6585
1749265167,0.66610000,224.10000000,0.6585
1749265167,0.66620000,226.90000000,0.6585
1749265167,0.66630000,45.00000000,0.6585
1749265167,0.66640000,1811.50000000,0.6585
1749265167,0.66650000,45.70000000,0.6585
1749265167,0.66660000,12258.40000000,0.6585
1749265167,0.66670000,548.20000000,0.6585
1749265167,0.66680000,127.10000000,0.6585
1749265167,0.66690000,241.30000000,0.6585
1749265167,0.66700000,1248.10000000,0.6585
1749265167,0.66710000,161.70000000,0.6585
1749265167,0.66720000,339.10000000,0.6585
1749265167,0.66730000,22529.20000000,0.6585
1749265167,0.66740000,22874.70000000,0.6585
1749265167,0.66750000,30246.70000000,0.6585
1749265167,0.66760000,526.50000000,0.6585
1749265167,0.66770000,42.80000000,0.6585
1749265167,0.66780000,71.70000000,0.6585
1749265167,0.66790000,371.50000000,0.6585
1749265167,0.66800000,520.10000000,0.6585
1749265167,0.66810000,711.20000000,0.6585
1749265167,0.66820000,153.90000000,0.6585
1749265167,0.66830000,151.40000000,0.6585
1749265167,0.66840000,270.80000000,0.6585
1749265469,0.65900000,8239.40000000,0.659
1749265469,0.65910000,25793.70000000,0.659
1749265469,0.65920000,67982.10000000,0.659
1749265469,0.65930000,50412.20000000,0.659
1749265469,0.65940000,35988.60000000,0.659
1749265469,0.65950000,72372.70000000,0.659
1749265469,0.65960000,105106.70000000,0.659
1749265469,0.65970000,49420.30000000,0.659
1749265469,0.65980000,45352.20000000,0.659
1749265469,0.65990000,53051.30000000,0.659
1749265469,0.66000000,102645.10000000,0.659
1749265469,0.66010000,100699.60000000,0.659
1749265469,0.66020000,44614.70000000,0.659
1749265469,0.66030000,35815.30000000,0.659
1749265469,0.66040000,17635.50000000,0.659
1749265469,0.66050000,102216.80000000,0.659
1749265469,0.66060000,6729.90000000,0.659
1749265469,0.66070000,26506.50000000,0.659
1749265469,0.66080000,14851.40000000,0.659
1749265469,0.66090000,4892.60000000,0.659
1749265469,0.66100000,125539.70000000,0.659
1749265469,0.66110000,9528.20000000,0.659
1749265469,0.66120000,11068.50000000,0.659
1749265469,0.66130000,9448.50000000,0.659
1749265469,0.66140000,9129.60000000,0.659
1749265469,0.66150000,5798.70000000,0.659
1749265469,0.66160000,9585.20000000,0.659
1749265469,0.66170000,19003.60000000,0.659
1749265469,0.66180000,9495.70000000,0.659
1749265469,0.66190000,9275.90000000,0.659
1749265469,0.66200000,3527.70000000,0.659
1749265469,0.66210000,2878.80000000,0.659
1749265469,0.66220000,150799.60000000,0.659
1749265469,0.66230000,2223.60000000,0.659
1749265469,0.66240000,3010.70000000,0.659
1749265469,0.66250000,11647.90000000,0.659
1749265469,0.66260000,2478.90000000,0.659
1749265469,0.66270000,2165.30000000,0.659
1749265469,0.66280000,4139.40000000,0.659
1749265469,0.66290000,3296.30000000,0.659
1749265469,0.66300000,2237.40000000,0.659
1749265469,0.66310000,19251.60000000,0.659
1749265469,0.66320000,15294.10000000,0.659
1749265469,0.66330000,29859.20000000,0.659
1749265469,0.66340000,154.80000000,0.659
1749265469,0.66350000,45527.70000000,0.659
1749265469,0.66360000,932.60000000,0.659
1749265469,0.66370000,940.90000000,0.659
1749265469,0.66380000,616.80000000,0.659
1749265469,0.66390000,2508.40000000,0.659
1749265469,0.66400000,6657.90000000,0.659
1749265469,0.66410000,43598.00000000,0.659
1749265469,0.66420000,1187.60000000,0.659
1749265469,0.66430000,93.40000000,0.659
1749265469,0.66440000,114.80000000,0.659
1749265469,0.66450000,2559.40000000,0.659
1749265469,0.66460000,173.40000000,0.659
1749265469,0.66470000,436.50000000,0.659
1749265469,0.66480000,1221.90000000,0.659
1749265469,0.66490000,22410.10000000,0.659
1749265469,0.66500000,77961.80000000,0.659
1749265469,0.66510000,280.30000000,0.659
1749265469,0.66520000,386.80000000,0.659
1749265469,0.66530000,3120.80000000,0.659
1749265469,0.66540000,574.00000000,0.659
1749265469,0.66550000,467.80000000,0.659
1749265469,0.66560000,872.80000000,0.659
1749265469,0.66570000,1370.70000000,0.659
1749265469,0.66580000,406.70000000,0.659
1749265469,0.66590000,285.50000000,0.659
1749265469,0.66600000,19852.90000000,0.659
1749265469,0.66610000,239.30000000,0.659
1749265469,0.66620000,242.10000000,0.659
1749265469,0.66630000,67.90000000,0.659
1749265469,0.66640000,1834.40000000,0.659
1749265469,0.66650000,60.90000000,0.659
1749265469,0.66660000,12266.10000000,0.659
1749265469,0.66670000,8270.60000000,0.659
1749265469,0.66680000,127.10000000,0.659
1749265469,0.66690000,241.30000000,0.659
1749265469,0.66700000,2052.00000000,0.659
1749265469,0.66710000,161.70000000,0.659
1749265469,0.66720000,773.20000000,0.659
1749265469,0.66730000,44850.60000000,0.659
1749265469,0.66740000,22756.30000000,0.659
1749265469,0.66750000,31245.70000000,0.659
1749265469,0.66760000,526.50000000,0.659
1749265469,0.66770000,42.80000000,0.659
1749265469,0.66780000,71.70000000,0.659
1749265469,0.66790000,409.50000000,0.659
1749265469,0.66800000,520.10000000,0.659
1749265469,0.66810000,673.20000000,0.659
1749265469,0.66820000,153.90000000,0.659
1749265469,0.66830000,151.40000000,0.659
1749265469,0.66840000,270.80000000,0.659
1749265469,0.66850000,466.80000000,0.659
1749265469,0.66860000,648.60000000,0.659
1749265469,0.66870000,97.90000000,0.659
1749265469,0.66880000,9635.10000000,0.659
1749265469,0.66890000,379.90000000,0.659
1749265770,0.65800000,17053.70000000,0.658
1749265770,0.65810000,23818.90000000,0.658
1749265770,0.65820000,35604.30000000,0.658
1749265770,0.65830000,65612.80000000,0.658
1749265770,0.65840000,34858.00000000,0.658
1749265770,0.65850000,46300.20000000,0.658
1749265770,0.65860000,53891.30000000,0.658
1749265770,0.65870000,42190.70000000,0.658
1749265770,0.65880000,85695.90000000,0.658
1749265770,0.65890000,21063.10000000,0.658
1749265770,0.65900000,30728.50000000,0.658
1749265770,0.65910000,85386.60000000,0.658
1749265770,0.65920000,118655.90000000,0.658
1749265770,0.65930000,57088.90000000,0.658
1749265770,0.65940000,20408.90000000,0.658
1749265770,0.65950000,19883.90000000,0.658
1749265770,0.65960000,28025.70000000,0.658
1749265770,0.65970000,8442.80000000,0.658
1749265770,0.65980000,122307.30000000,0.658
1749265770,0.65990000,13155.80000000,0.658
1749265770,0.66000000,163538.10000000,0.658
1749265770,0.66010000,10780.40000000,0.658
1749265770,0.66020000,10915.80000000,0.658
1749265770,0.66030000,4772.80000000,0.658
1749265770,0.66040000,18494.60000000,0.658
1749265770,0.66050000,10766.80000000,0.658
1749265770,0.66060000,5659.10000000,0.658
1749265770,0.66070000,9443.90000000,0.658
1749265770,0.66080000,9450.10000000,0.658
1749265770,0.66090000,153951.70000000,0.658
1749265770,0.66100000,11651.60000000,0.658
1749265770,0.66110000,7365.40000000,0.658
1749265770,0.66120000,2367.70000000,0.658
1749265770,0.66130000,6793.50000000,0.658
1749265770,0.66140000,3938.40000000,0.658
1749265770,0.66150000,2303.70000000,0.658
1749265770,0.66160000,11154.30000000,0.658
1749265770,0.66170000,5761.30000000,0.658
1749265770,0.66180000,3042.80000000,0.658
1749265770,0.66190000,21719.40000000,0.658
1749265770,0.66200000,2769.30000000,0.658
1749265770,0.66210000,2168.50000000,0.658
1749265770,0.66220000,97.90000000,0.658
1749265770,0.66230000,79.40000000,0.658
1749265770,0.66240000,41111.90000000,0.658
1749265770,0.66250000,891.30000000,0.658
1749265770,0.66260000,336.10000000,0.658
1749265770,0.66270000,174.60000000,0.658
1749265770,0.66280000,93.70000000,0.658
1749265770,0.66290000,93.00000000,0.658
1749265770,0.66300000,95.80000000,0.658
1749265770,0.66310000,17262.10000000,0.658
1749265770,0.66320000,904.90000000,0.658
1749265770,0.66330000,26822.30000000,0.658
1749265770,0.66340000,22476.20000000,0.658
1749265770,0.66350000,45527.70000000,0.658
1749265770,0.66360000,932.60000000,0.658
1749265770,0.66370000,940.90000000,0.658
1749265770,0.66380000,616.80000000,0.658
1749265770,0.66390000,2508.40000000,0.658
1749265770,0.66400000,6657.90000000,0.658
1749265770,0.66410000,5979.10000000,0.658
1749265770,0.66420000,1187.60000000,0.658
1749265770,0.66430000,93.40000000,0.658
1749265770,0.66440000,123.80000000,0.658
1749265770,0.66450000,2559.40000000,0.658
1749265770,0.66460000,173.40000000,0.658
1749265770,0.66470000,436.50000000,0.658
1749265770,0.66480000,1367.70000000,0.658
1749265770,0.66490000,44731.50000000,0.658
1749265770,0.66500000,62505.60000000,0.658
1749265770,0.66510000,280.30000000,0.658
1749265770,0.66520000,8032.80000000,0.658
1749265770,0.66530000,20014.30000000,0.658
1749265770,0.66540000,1573.00000000,0.658
1749265770,0.66550000,467.80000000,0.658
1749265770,0.66560000,857.50000000,0.658
1749265770,0.66570000,1355.40000000,0.658
1749265770,0.66580000,391.40000000,0.658
1749265770,0.66590000,270.30000000,0.658
1749265770,0.66600000,19837.70000000,0.658
1749265770,0.66610000,224.10000000,0.658
1749265770,0.66620000,226.90000000,0.658
1749265770,0.66630000,52.70000000,0.658
1749265770,0.66640000,1819.20000000,0.658
1749265770,0.66650000,159.80000000,0.658
1749265770,0.66660000,12258.40000000,0.658
1749265770,0.66670000,577.30000000,0.658
1749265770,0.66680000,127.10000000,0.658
1749265770,0.66690000,241.30000000,0.658
1749265770,0.66700000,2052.00000000,0.658
1749265770,0.66710000,161.70000000,0.658
1749265770,0.66720000,339.10000000,0.658
1749265770,0.66730000,207.80000000,0.658
1749265770,0.66740000,22756.30000000,0.658
1749265770,0.66750000,30246.70000000,0.658
1749265770,0.66760000,526.50000000,0.658
1749265770,0.66770000,42.80000000,0.658
1749265770,0.66780000,71.70000000,0.658
1749265770,0.66790000,371.50000000,0.658
1749266072,0.65970000,9871.10000000,0.6596
1749266072,0.65980000,15056.30000000,0.6596
1749266072,0.65990000,45543.80000000,0.6596
1749266072,0.66000000,114664.10000000,0.6596
1749266072,0.66010000,60533.10000000,0.6596
1749266072,0.66020000,55997.90000000,0.6596
1749266072,0.66030000,27192.10000000,0.6596
1749266072,0.66040000,46316.70000000,0.6596
1749266072,0.66050000,61027.50000000,0.6596
1749266072,0.66060000,99915.70000000,0.6596
1749266072,0.66070000,60370.20000000,0.6596
1749266072,0.66080000,102893.90000000,0.6596
1749266072,0.66090000,49108.00000000,0.6596
1749266072,0.66100000,31026.20000000,0.6596
1749266072,0.66110000,106295.80000000,0.6596
1749266072,0.66120000,7791.50000000,0.6596
1749266072,0.66130000,9448.50000000,0.6596
1749266072,0.66140000,9147.00000000,0.6596
1749266072,0.66150000,5085.00000000,0.6596
1749266072,0.66160000,124526.30000000,0.6596
1749266072,0.66170000,9711.70000000,0.6596
1749266072,0.66180000,26542.10000000,0.6596
1749266072,0.66190000,16824.20000000,0.6596
1749266072,0.66200000,149960.70000000,0.6596
1749266072,0.66210000,5541.50000000,0.6596
1749266072,0.66220000,10059.80000000,0.6596
1749266072,0.66230000,7914.90000000,0.6596
1749266072,0.66240000,5012.70000000,0.6596
1749266072,0.66250000,15632.80000000,0.6596
1749266072,0.66260000,3094.00000000,0.6596
1749266072,0.66270000,3371.10000000,0.6596
1749266072,0.66280000,6648.50000000,0.6596
1749266072,0.66290000,4410.70000000,0.6596
1749266072,0.66300000,6492.40000000,0.6596
1749266072,0.66310000,19251.90000000,0.6596
1749266072,0.66320000,3054.70000000,0.6596
1749266072,0.66330000,2286.40000000,0.6596
1749266072,0.66340000,17710.60000000,0.6596
1749266072,0.66350000,47516.00000000,0.6596
1749266072,0.66360000,2928.90000000,0.6596
1749266072,0.66370000,2207.70000000,0.6596
1749266072,0.66380000,2604.20000000,0.6596
1749266072,0.66390000,2508.40000000,0.6596
1749266072,0.66400000,9694.80000000,0.6596
1749266072,0.66410000,1430.50000000,0.6596
1749266072,0.66420000,329.00000000,0.6596
1749266072,0.66430000,37629.90000000,0.6596
1749266072,0.66440000,123.80000000,0.6596
1749266072,0.66450000,2559.40000000,0.6596
1749266072,0.66460000,173.40000000,0.6596
1749266072,0.66470000,26905.50000000,0.6596
1749266072,0.66480000,1221.90000000,0.6596
1749266072,0.66490000,88.70000000,0.6596
1749266072,0.66500000,62505.60000000,0.6596
1749266072,0.66510000,280.30000000,0.6596
1749266072,0.66520000,386.80000000,0.6596
1749266072,0.66530000,20014.30000000,0.6596
1749266072,0.66540000,2445.50000000,0.6596
1749266072,0.66550000,467.80000000,0.6596
1749266072,0.66560000,76.50000000,0.6596
1749266072,0.66570000,1370.70000000,0.6596
1749266072,0.66580000,1253.80000000,0.6596
1749266072,0.66590000,23476.90000000,0.6596
1749266072,0.66600000,19923.30000000,0.6596
1749266072,0.66610000,3950.10000000,0.6596
1749266072,0.66620000,242.10000000,0.6596
1749266072,0.66630000,67.90000000,0.6596
1749266072,0.66640000,301.50000000,0.6596
1749266072,0.66650000,60.90000000,0.6596
1749266072,0.66660000,12281.30000000,0.6596
1749266072,0.66670000,8258.00000000,0.6596
1749266072,0.66680000,142.30000000,0.6596
1749266072,0.66690000,264.20000000,0.6596
1749266072,0.66700000,2067.20000000,0.6596
1749266072,0.66710000,176.90000000,0.6596
1749266072,0.66720000,354.30000000,0.6596
1749266072,0.66730000,1337.20000000,0.6596
1749266072,0.66740000,45077.70000000,0.6596
1749266072,0.66750000,30246.70000000,0.6596
1749266072,0.66760000,526.50000000,0.6596
1749266072,0.66770000,42.80000000,0.6596
1749266072,0.66780000,71.70000000,0.6596
1749266072,0.66790000,371.50000000,0.6596
1749266072,0.66800000,558.10000000,0.6596
1749266072,0.66810000,673.20000000,0.6596
1749266072,0.66820000,1686.80000000,0.6596
1749266072,0.66830000,151.40000000,0.6596
1749266072,0.66840000,270.80000000,0.6596
1749266072,0.66850000,466.80000000,0.6596
1749266072,0.66860000,648.60000000,0.6596
1749266072,0.66870000,97.90000000,0.6596
1749266072,0.66880000,9635.10000000,0.6596
1749266072,0.66890000,492.10000000,0.6596
1749266072,0.66900000,12434.20000000,0.6596
1749266072,0.66910000,157.60000000,0.6596
1749266072,0.66920000,56.60000000,0.6596
1749266072,0.66930000,22.60000000,0.6596
1749266072,0.66940000,711.80000000,0.6596
1749266072,0.66950000,390.80000000,0.6596
1749266072,0.66960000,234.30000000,0.6596
1749266373,0.65880000,7402.40000000,0.6588
1749266373,0.65890000,25151.80000000,0.6588
1749266373,0.65900000,56088.60000000,0.6588
1749266373,0.65910000,32896.60000000,0.6588
1749266373,0.65920000,37452.60000000,0.6588
1749266373,0.65930000,38965.40000000,0.6588
1749266373,0.65940000,54501.70000000,0.6588
1749266373,0.65950000,79003.60000000,0.6588
1749266373,0.65960000,84625.90000000,0.6588
1749266373,0.65970000,27527.10000000,0.6588
1749266373,0.65980000,27977.70000000,0.6588
1749266373,0.65990000,48561.70000000,0.6588
1749266373,0.66000000,85523.50000000,0.6588
1749266373,0.66010000,65491.30000000,0.6588
1749266373,0.66020000,16349.80000000,0.6588
1749266373,0.66030000,17309.60000000,0.6588
1749266373,0.66040000,7362.60000000,0.6588
1749266373,0.66050000,8213.80000000,0.6588
1749266373,0.66060000,46982.70000000,0.6588
1749266373,0.66070000,5061.00000000,0.6588
1749266373,0.66080000,19242.40000000,0.6588
1749266373,0.66090000,24033.00000000,0.6588
1749266373,0.66100000,112855.60000000,0.6588
1749266373,0.66110000,19859.70000000,0.6588
1749266373,0.66120000,6415.60000000,0.6588
1749266373,0.66130000,129310.40000000,0.6588
1749266373,0.66140000,12950.00000000,0.6588
1749266373,0.66150000,4958.70000000,0.6588
1749266373,0.66160000,17920.10000000,0.6588
1749266373,0.66170000,9711.70000000,0.6588
1749266373,0.66180000,26586.10000000,0.6588
1749266373,0.66190000,9275.90000000,0.6588
1749266373,0.66200000,8461.70000000,0.6588
1749266373,0.66210000,5533.80000000,0.6588
1749266373,0.66220000,10059.80000000,0.6588
1749266373,0.66230000,10951.90000000,0.6588
1749266373,0.66240000,6262.50000000,0.6588
1749266373,0.66250000,9528.70000000,0.6588
1749266373,0.66260000,5749.00000000,0.6588
1749266373,0.66270000,6026.10000000,0.6588
1749266373,0.66280000,6648.50000000,0.6588
1749266373,0.66290000,7454.50000000,0.6588
1749266373,0.66300000,145153.10000000,0.6588
1749266373,0.66310000,4632.40000000,0.6588
1749266373,0.66320000,4101.80000000,0.6588
1749266373,0.66330000,305.20000000,0.6588
1749266373,0.66340000,21029.00000000,0.6588
1749266373,0.66350000,3751.30000000,0.6588
1749266373,0.66360000,1785.70000000,0.6588
1749266373,0.66370000,68.40000000,0.6588
1749266373,0.66380000,616.80000000,0.6588
1749266373,0.66390000,2508.40000000,0.6588
1749266373,0.66400000,6657.90000000,0.6588
1749266373,0.66410000,1430.50000000,0.6588
1749266373,0.66420000,329.00000000,0.6588
1749266373,0.66430000,38369.70000000,0.6588
1749266373,0.66440000,26604.70000000,0.6588
1749266373,0.66450000,2559.40000000,0.6588
1749266373,0.66460000,173.40000000,0.6588
1749266373,0.66470000,436.50000000,0.6588
1749266373,0.66480000,1221.90000000,0.6588
1749266373,0.66490000,98.10000000,0.6588
1749266373,0.66500000,62529.10000000,0.6588
1749266373,0.66510000,1231.70000000,0.6588
1749266373,0.66520000,44370.60000000,0.6588
1749266373,0.66530000,19214.60000000,0.6588
1749266373,0.66540000,2445.50000000,0.6588
1749266373,0.66550000,467.80000000,0.6588
1749266373,0.66560000,76.50000000,0.6588
1749266373,0.66570000,1370.70000000,0.6588
1749266373,0.66580000,1253.80000000,0.6588
1749266373,0.66590000,23476.90000000,0.6588
1749266373,0.66600000,19923.30000000,0.6588
1749266373,0.66610000,3950.10000000,0.6588
1749266373,0.66620000,253.50000000,0.6588
1749266373,0.66630000,67.90000000,0.6588
1749266373,0.66640000,286.30000000,0.6588
1749266373,0.66650000,57.10000000,0.6588
1749266373,0.66660000,12266.10000000,0.6588
1749266373,0.66670000,608.50000000,0.6588
1749266373,0.66680000,127.10000000,0.6588
1749266373,0.66690000,249.00000000,0.6588
1749266373,0.66700000,2059.70000000,0.6588
1749266373,0.66710000,161.70000000,0.6588
1749266373,0.66720000,346.80000000,0.6588
1749266373,0.66730000,23344.60000000,0.6588
1749266373,0.66740000,22932.30000000,0.6588
1749266373,0.66750000,30246.70000000,0.6588
1749266373,0.66760000,534.20000000,0.6588
1749266373,0.66770000,50.50000000,0.6588
1749266373,0.66780000,71.70000000,0.6588
1749266373,0.66790000,371.50000000,0.6588
1749266373,0.66800000,558.10000000,0.6588
1749266373,0.66810000,673.20000000,0.6588
1749266373,0.66820000,1686.80000000,0.6588
1749266373,0.66830000,151.40000000,0.6588
1749266373,0.66840000,341.30000000,0.6588
1749266373,0.66850000,466.80000000,0.6588
1749266373,0.66860000,648.60000000,0.6588
1749266373,0.66870000,213.30000000,0.6588
1749266676,0.66080000,4629.60000000,0.6608
1749266676,0.66090000,14463.70000000,0.6608
1749266676,0.66100000,27989.70000000,0.6608
1749266676,0.66110000,57756.70000000,0.6608
1749266676,0.66120000,38777.70000000,0.6608
1749266676,0.66130000,32653.20000000,0.6608
1749266676,0.66140000,53617.90000000,0.6608
1749266676,0.66150000,52978.50000000,0.6608
1749266676,0.66160000,56050.50000000,0.6608
1749266676,0.66170000,93516.70000000,0.6608
1749266676,0.66180000,74453.70000000,0.6608
1749266676,0.66190000,72443.30000000,0.6608
1749266676,0.66200000,32401.50000000,0.6608
1749266676,0.66210000,70414.70000000,0.6608
1749266676,0.66220000,98108.70000000,0.6608
1749266676,0.66230000,10951.90000000,0.6608
1749266676,0.66240000,13617.20000000,0.6608
1749266676,0.66250000,9528.70000000,0.6608
1749266676,0.66260000,8786.10000000,0.6608
1749266676,0.66270000,4972.10000000,0.6608
1749266676,0.66280000,145077.30000000,0.6608
1749266676,0.66290000,13264.30000000,0.6608
1749266676,0.66300000,147159.90000000,0.6608
1749266676,0.66310000,16811.80000000,0.6608
1749266676,0.66320000,7506.10000000,0.6608
1749266676,0.66330000,5100.70000000,0.6608
1749266676,0.66340000,10527.20000000,0.6608
1749266676,0.66350000,22815.20000000,0.6608
1749266676,0.66360000,3789.70000000,0.6608
1749266676,0.66370000,14352.50000000,0.6608
1749266676,0.66380000,3514.90000000,0.6608
1749266676,0.66390000,4495.50000000,0.6608
1749266676,0.66400000,13208.80000000,0.6608
1749266676,0.66410000,3568.50000000,0.6608
1749266676,0.66420000,2324.80000000,0.6608
1749266676,0.66430000,2230.70000000,0.6608
1749266676,0.66440000,66201.00000000,0.6608
1749266676,0.66450000,6345.90000000,0.6608
1749266676,0.66460000,2309.80000000,0.6608
1749266676,0.66470000,2421.50000000,0.6608
1749266676,0.66480000,3365.90000000,0.6608
1749266676,0.66490000,2082.20000000,0.6608
1749266676,0.66500000,62529.10000000,0.6608
1749266676,0.66510000,4116.00000000,0.6608
1749266676,0.66520000,44370.60000000,0.6608
1749266676,0.66530000,19214.60000000,0.6608
1749266676,0.66540000,1386.30000000,0.6608
1749266676,0.66550000,467.80000000,0.6608
1749266676,0.66560000,85.80000000,0.6608
1749266676,0.66570000,1370.70000000,0.6608
1749266676,0.66580000,406.70000000,0.6608
1749266676,0.66590000,1155.50000000,0.6608
1749266676,0.66600000,20700.00000000,0.6608
1749266676,0.66610000,4039.70000000,0.6608
1749266676,0.66620000,253.50000000,0.6608
1749266676,0.66630000,67.90000000,0.6608
1749266676,0.66640000,309.10000000,0.6608
1749266676,0.66650000,18584.60000000,0.6608
1749266676,0.66660000,12281.30000000,0.6608
1749266676,0.66670000,623.70000000,0.6608
1749266676,0.66680000,153.70000000,0.6608
1749266676,0.66690000,264.20000000,0.6608
1749266676,0.66700000,2074.90000000,0.6608
1749266676,0.66710000,176.90000000,0.6608
1749266676,0.66720000,362.00000000,0.6608
1749266676,0.66730000,1047.70000000,0.6608
1749266676,0.66740000,22933.70000000,0.6608
1749266676,0.66750000,30261.90000000,0.6608
1749266676,0.66760000,549.40000000,0.6608
1749266676,0.66770000,65.70000000,0.6608
1749266676,0.66780000,86.90000000,0.6608
1749266676,0.66790000,394.40000000,0.6608
1749266676,0.66800000,581.00000000,0.6608
1749266676,0.66810000,688.40000000,0.6608
1749266676,0.66820000,169.10000000,0.6608
1749266676,0.66830000,166.60000000,0.6608
1749266676,0.66840000,341.30000000,0.6608
1749266676,0.66850000,466.80000000,0.6608
1749266676,0.66860000,1647.60000000,0.6608
1749266676,0.66870000,211.60000000,0.6608
1749266676,0.66880000,9635.10000000,0.6608
1749266676,0.66890000,379.90000000,0.6608
1749266676,0.66900000,12443.50000000,0.6608
1749266676,0.66910000,5212.30000000,0.6608
1749266676,0.66920000,56.60000000,0.6608
1749266676,0.66930000,22.60000000,0.6608
1749266676,0.66940000,711.80000000,0.6608
1749266676,0.66950000,390.80000000,0.6608
1749266676,0.66960000,234.30000000,0.6608
1749266676,0.66970000,44990.00000000,0.6608
1749266676,0.66980000,25429.30000000,0.6608
1749266676,0.66990000,45505.00000000,0.6608
1749266676,0.67000000,30521.80000000,0.6608
1749266676,0.67010000,139.30000000,0.6608
1749266676,0.67020000,290.20000000,0.6608
1749266676,0.67030000,497.00000000,0.6608
1749266676,0.67040000,271.30000000,0.6608
1749266676,0.67050000,296.90000000,0.6608
1749266676,0.67060000,772.80000000,0.6608
1749266676,0.67070000,200.40000000,0.6608
1749266978,0.66000000,21523.50000000,0.6599
1749266978,0.66010000,49784.90000000,0.6599
1749266978,0.66020000,68456.00000000,0.6599
1749266978,0.66030000,42571.10000000,0.6599
1749266978,0.66040000,43767.20000000,0.6599
1749266978,0.66050000,39247.20000000,0.6599
1749266978,0.66060000,21808.30000000,0.6599
1749266978,0.66070000,42458.80000000,0.6599
1749266978,0.66080000,53539.70000000,0.6599
1749266978,0.66090000,59653.00000000,0.6599
1749266978,0.66100000,69675.10000000,0.6599
1749266978,0.66110000,47604.70000000,0.6599
1749266978,0.66120000,54910.60000000,0.6599
1749266978,0.66130000,73175.30000000,0.6599
1749266978,0.66140000,49978.80000000,0.6599
1749266978,0.66150000,37397.70000000,0.6599
1749266978,0.66160000,50001.20000000,0.6599
1749266978,0.66170000,11001.30000000,0.6599
1749266978,0.66180000,10654.50000000,0.6599
1749266978,0.66190000,26465.30000000,0.6599
1749266978,0.66200000,12265.50000000,0.6599
1749266978,0.66210000,11587.70000000,0.6599
1749266978,0.66220000,93781.60000000,0.6599
1749266978,0.66230000,10951.90000000,0.6599
1749266978,0.66240000,5769.70000000,0.6599
1749266978,0.66250000,9528.70000000,0.6599
1749266978,0.66260000,8777.70000000,0.6599
1749266978,0.66270000,4972.10000000,0.6599
1749266978,0.66280000,145077.30000000,0.6599
1749266978,0.66290000,21278.80000000,0.6599
1749266978,0.66300000,147152.20000000,0.6599
1749266978,0.66310000,9276.90000000,0.6599
1749266978,0.66320000,7506.10000000,0.6599
1749266978,0.66330000,2445.70000000,0.6599
1749266978,0.66340000,7864.50000000,0.6599
1749266978,0.66350000,21300.90000000,0.6599
1749266978,0.66360000,5661.60000000,0.6599
1749266978,0.66370000,6816.00000000,0.6599
1749266978,0.66380000,3514.90000000,0.6599
1749266978,0.66390000,4495.50000000,0.6599
1749266978,0.66400000,13208.80000000,0.6599
1749266978,0.66410000,3568.50000000,0.6599
1749266978,0.66420000,338.30000000,0.6599
1749266978,0.66430000,244.80000000,0.6599
1749266978,0.66440000,67251.10000000,0.6599
1749266978,0.66450000,4360.60000000,0.6599
1749266978,0.66460000,324.80000000,0.6599
1749266978,0.66470000,436.50000000,0.6599
1749266978,0.66480000,1373.20000000,0.6599
1749266978,0.66490000,98.10000000,0.6599
1749266978,0.66500000,62529.10000000,0.6599
1749266978,0.66510000,1080.00000000,0.6599
1749266978,0.66520000,44370.60000000,0.6599
1749266978,0.66530000,19214.60000000,0.6599
1749266978,0.66540000,1386.30000000,0.6599
1749266978,0.66550000,467.80000000,0.6599
1749266978,0.66560000,85.80000000,0.6599
1749266978,0.66570000,1370.70000000,0.6599
1749266978,0.66580000,406.70000000,0.6599
1749266978,0.66590000,1155.50000000,0.6599
1749266978,0.66600000,20700.00000000,0.6599
1749266978,0.66610000,4039.70000000,0.6599
1749266978,0.66620000,253.50000000,0.6599
1749266978,0.66630000,67.90000000,0.6599
1749266978,0.66640000,301.50000000,0.6599
1749266978,0.66650000,72.30000000,0.6599
1749266978,0.66660000,12281.30000000,0.6599
1749266978,0.66670000,623.70000000,0.6599
1749266978,0.66680000,153.70000000,0.6599
1749266978,0.66690000,264.20000000,0.6599
1749266978,0.66700000,2074.90000000,0.6599
1749266978,0.66710000,176.90000000,0.6599
1749266978,0.66720000,362.00000000,0.6599
1749266978,0.66730000,23369.10000000,0.6599
1749266978,0.66740000,23104.80000000,0.6599
1749266978,0.66750000,30261.90000000,0.6599
1749266978,0.66760000,526.10000000,0.6599
1749266978,0.66770000,50.50000000,0.6599
1749266978,0.66780000,71.70000000,0.6599
1749266978,0.66790000,379.20000000,0.6599
1749266978,0.66800000,565.80000000,0.6599
1749266978,0.66810000,673.20000000,0.6599
1749266978,0.66820000,1694.50000000,0.6599
1749266978,0.66830000,151.40000000,0.6599
1749266978,0.66840000,341.30000000,0.6599
1749266978,0.66850000,466.80000000,0.6599
1749266978,0.66860000,1647.60000000,0.6599
1749266978,0.66870000,97.90000000,0.6599
1749266978,0.66880000,9645.10000000,0.6599
1749266978,0.66890000,379.90000000,0.6599
1749266978,0.66900000,12443.50000000,0.6599
1749266978,0.66910000,5212.30000000,0.6599
1749266978,0.66920000,56.60000000,0.6599
1749266978,0.66930000,22.60000000,0.6599
1749266978,0.66940000,711.80000000,0.6599
1749266978,0.66950000,390.80000000,0.6599
1749266978,0.66960000,350.90000000,0.6599
1749266978,0.66970000,22500.30000000,0.6599
1749266978,0.66980000,47750.70000000,0.6599
1749266978,0.66990000,45505.00000000,0.6599
1749267280,0.65940000,9281.20000000,0.6593
1749267280,0.65950000,32077.00000000,0.6593
1749267280,0.65960000,74201.00000000,0.6593
1749267280,0.65970000,55353.90000000,0.6593
1749267280,0.65980000,48872.50000000,0.6593
1749267280,0.65990000,34143.90000000,0.6593
1749267280,0.66000000,24555.80000000,0.6593
1749267280,0.66010000,38023.90000000,0.6593
1749267280,0.66020000,55000.30000000,0.6593
1749267280,0.66030000,67002.20000000,0.6593
1749267280,0.66040000,74831.10000000,0.6593
1749267280,0.66050000,104422.70000000,0.6593
1749267280,0.66060000,62021.70000000,0.6593
1749267280,0.66070000,19782.10000000,0.6593
1749267280,0.66080000,24791.20000000,0.6593
1749267280,0.66090000,26449.70000000,0.6593
1749267280,0.66100000,6205.50000000,0.6593
1749267280,0.66110000,17210.20000000,0.6593
1749267280,0.66120000,8989.40000000,0.6593
1749267280,0.66130000,9457.00000000,0.6593
1749267280,0.66140000,12040.90000000,0.6593
1749267280,0.66150000,89861.90000000,0.6593
1749267280,0.66160000,10367.90000000,0.6593
1749267280,0.66170000,17263.20000000,0.6593
1749267280,0.66180000,124436.50000000,0.6593
1749267280,0.66190000,10105.50000000,0.6593
1749267280,0.66200000,12257.90000000,0.6593
1749267280,0.66210000,5550.80000000,0.6593
1749267280,0.66220000,32696.70000000,0.6593
1749267280,0.66230000,12106.60000000,0.6593
1749267280,0.66240000,5513.20000000,0.6593
1749267280,0.66250000,9528.70000000,0.6593
1749267280,0.66260000,5749.00000000,0.6593
1749267280,0.66270000,4964.40000000,0.6593
1749267280,0.66280000,8449.10000000,0.6593
1749267280,0.66290000,8057.90000000,0.6593
1749267280,0.66300000,147152.20000000,0.6593
1749267280,0.66310000,6621.90000000,0.6593
1749267280,0.66320000,2062.40000000,0.6593
1749267280,0.66330000,2445.70000000,0.6593
1749267280,0.66340000,7105.30000000,0.6593
1749267280,0.66350000,22843.00000000,0.6593
1749267280,0.66360000,963.80000000,0.6593
1749267280,0.66370000,3968.30000000,0.6593
1749267280,0.66380000,616.80000000,0.6593
1749267280,0.66390000,2508.40000000,0.6593
1749267280,0.66400000,6657.90000000,0.6593
1749267280,0.66410000,1430.50000000,0.6593
1749267280,0.66420000,338.30000000,0.6593
1749267280,0.66430000,940.50000000,0.6593
1749267280,0.66440000,64206.80000000,0.6593
1749267280,0.66450000,2559.40000000,0.6593
1749267280,0.66460000,173.40000000,0.6593
1749267280,0.66470000,436.50000000,0.6593
1749267280,0.66480000,1221.90000000,0.6593
1749267280,0.66490000,98.10000000,0.6593
1749267280,0.66500000,62529.10000000,0.6593
1749267280,0.66510000,1237.70000000,0.6593
1749267280,0.66520000,44370.60000000,0.6593
1749267280,0.66530000,3125.00000000,0.6593
1749267280,0.66540000,574.00000000,0.6593
1749267280,0.66550000,467.80000000,0.6593
1749267280,0.66560000,893.50000000,0.6593
1749267280,0.66570000,1370.70000000,0.6593
1749267280,0.66580000,406.70000000,0.6593
1749267280,0.66590000,1155.50000000,0.6593
1749267280,0.66600000,21643.80000000,0.6593
1749267280,0.66610000,4039.70000000,0.6593
1749267280,0.66620000,253.50000000,0.6593
1749267280,0.66630000,7745.60000000,0.6593
1749267280,0.66640000,301.50000000,0.6593
1749267280,0.66650000,1605.20000000,0.6593
1749267280,0.66660000,12281.30000000,0.6593
1749267280,0.66670000,623.70000000,0.6593
1749267280,0.66680000,153.70000000,0.6593
1749267280,0.66690000,264.20000000,0.6593
1749267280,0.66700000,1255.80000000,0.6593
1749267280,0.66710000,161.70000000,0.6593
1749267280,0.66720000,346.80000000,0.6593
1749267280,0.66730000,22714.70000000,0.6593
1749267280,0.66740000,45085.40000000,0.6593
