timestamp,price,volume,current_price
1749260653,0.18850000,15133.00000000,0.1884
1749260653,0.18860000,45646.00000000,0.1884
1749260653,0.18870000,59447.00000000,0.1884
1749260653,0.18880000,84765.00000000,0.1884
1749260653,0.18890000,95502.00000000,0.1884
1749260653,0.18900000,103555.00000000,0.1884
1749260653,0.18910000,54680.00000000,0.1884
1749260653,0.18920000,80907.00000000,0.1884
1749260653,0.18930000,82267.00000000,0.1884
1749260653,0.18940000,83735.00000000,0.1884
1749260653,0.18950000,12964.00000000,0.1884
1749260653,0.18960000,16775.00000000,0.1884
1749260653,0.18970000,18792.00000000,0.1884
1749260653,0.18980000,12538.00000000,0.1884
1749260653,0.18990000,14595.00000000,0.1884
1749260653,0.19000000,41744.00000000,0.1884
1749260653,0.19010000,7199.00000000,0.1884
1749260653,0.19020000,12822.00000000,0.1884
1749260653,0.19030000,3320.00000000,0.1884
1749260653,0.19040000,10608.00000000,0.1884
1749260653,0.19050000,137.00000000,0.1884
1749260653,0.19060000,3154.00000000,0.1884
1749260653,0.19070000,9106.00000000,0.1884
1749260653,0.19080000,11146.00000000,0.1884
1749260653,0.19090000,8656.00000000,0.1884
1749260653,0.19100000,9177.00000000,0.1884
1749260653,0.19110000,4495.00000000,0.1884
1749260653,0.19120000,14894.00000000,0.1884
1749260653,0.19130000,5434.00000000,0.1884
1749260653,0.19140000,1070.00000000,0.1884
1749260653,0.19150000,3493.00000000,0.1884
1749260653,0.19160000,5534.00000000,0.1884
1749260653,0.19170000,2575.00000000,0.1884
1749260653,0.19180000,187.00000000,0.1884
1749260653,0.19190000,7768.00000000,0.1884
1749260653,0.19200000,531.00000000,0.1884
1749260653,0.19210000,340.00000000,0.1884
1749260653,0.19220000,7746.00000000,0.1884
1749260653,0.19230000,1603.00000000,0.1884
1749260653,0.19240000,7165.00000000,0.1884
1749260653,0.19250000,5394.00000000,0.1884
1749260653,0.19260000,1975.00000000,0.1884
1749260653,0.19270000,1412.00000000,0.1884
1749260653,0.19280000,153.00000000,0.1884
1749260653,0.19290000,54.00000000,0.1884
1749260653,0.19300000,173.00000000,0.1884
1749260653,0.19310000,86.00000000,0.1884
1749260653,0.19320000,680.00000000,0.1884
1749260653,0.19330000,1543.00000000,0.1884
1749260653,0.19340000,54.00000000,0.1884
1749260653,0.19350000,210.00000000,0.1884
1749260653,0.19360000,2026.00000000,0.1884
1749260653,0.19370000,5342.00000000,0.1884
1749260653,0.19380000,221.00000000,0.1884
1749260653,0.19390000,54.00000000,0.1884
1749260653,0.19400000,3114.00000000,0.1884
1749260653,0.19410000,428.00000000,0.1884
1749260653,0.19420000,260.00000000,0.1884
1749260653,0.19430000,1526.00000000,0.1884
1749260653,0.19440000,97.00000000,0.1884
1749260653,0.19450000,749.00000000,0.1884
1749260653,0.19460000,90.00000000,0.1884
1749260653,0.19470000,164.00000000,0.1884
1749260653,0.19480000,190.00000000,0.1884
1749260653,0.19490000,83.00000000,0.1884
1749260653,0.19500000,22629.00000000,0.1884
1749260653,0.19510000,84.00000000,0.1884
1749260653,0.19520000,2479.00000000,0.1884
1749260653,0.19530000,845.00000000,0.1884
1749260653,0.19540000,127.00000000,0.1884
1749260653,0.19550000,1770.00000000,0.1884
1749260653,0.19560000,97.00000000,0.1884
1749260653,0.19570000,54.00000000,0.1884
1749260653,0.19580000,1486.00000000,0.1884
1749260653,0.19590000,143.00000000,0.1884
1749260653,0.19600000,110.00000000,0.1884
1749260653,0.19620000,56.00000000,0.1884
1749260653,0.19630000,306.00000000,0.1884
1749260653,0.19640000,1040.00000000,0.1884
1749260653,0.19660000,35.00000000,0.1884
1749260653,0.19670000,398.00000000,0.1884
1749260653,0.19680000,280.00000000,0.1884
1749260653,0.19690000,1448.00000000,0.1884
1749260653,0.19700000,57.00000000,0.1884
1749260653,0.19710000,43.00000000,0.1884
1749260653,0.19720000,175.00000000,0.1884
1749260653,0.19730000,267.00000000,0.1884
1749260653,0.19740000,1346.00000000,0.1884
1749260653,0.19750000,2697.00000000,0.1884
1749260653,0.19760000,223.00000000,0.1884
1749260653,0.19780000,101.00000000,0.1884
1749260653,0.19790000,1869.00000000,0.1884
1749260653,0.19800000,732.00000000,0.1884
1749260653,0.19810000,230.00000000,0.1884
1749260653,0.19820000,8133.00000000,0.1884
1749260653,0.19830000,227.00000000,0.1884
1749260653,0.19840000,126.00000000,0.1884
1749260653,0.19850000,301.00000000,0.1884
1749260653,0.19860000,102.00000000,0.1884
1749260653,0.19880000,326.00000000,0.1884
1749260965,0.18870000,15887.00000000,0.1886
1749260965,0.18880000,33305.00000000,0.1886
1749260965,0.18890000,51868.00000000,0.1886
1749260965,0.18900000,75927.00000000,0.1886
1749260965,0.18910000,68506.00000000,0.1886
1749260965,0.18920000,109882.00000000,0.1886
1749260965,0.18930000,121261.00000000,0.1886
1749260965,0.18940000,16427.00000000,0.1886
1749260965,0.18950000,13958.00000000,0.1886
1749260965,0.18960000,163063.00000000,0.1886
1749260965,0.18970000,14187.00000000,0.1886
1749260965,0.18980000,15925.00000000,0.1886
1749260965,0.18990000,10627.00000000,0.1886
1749260965,0.19000000,24772.00000000,0.1886
1749260965,0.19010000,10580.00000000,0.1886
1749260965,0.19020000,37324.00000000,0.1886
1749260965,0.19030000,3320.00000000,0.1886
1749260965,0.19040000,17941.00000000,0.1886
1749260965,0.19050000,137.00000000,0.1886
1749260965,0.19060000,3154.00000000,0.1886
1749260965,0.19070000,9106.00000000,0.1886
1749260965,0.19080000,11146.00000000,0.1886
1749260965,0.19090000,8656.00000000,0.1886
1749260965,0.19100000,9177.00000000,0.1886
1749260965,0.19110000,4495.00000000,0.1886
1749260965,0.19120000,17954.00000000,0.1886
1749260965,0.19130000,8494.00000000,0.1886
1749260965,0.19140000,4130.00000000,0.1886
1749260965,0.19150000,3493.00000000,0.1886
1749260965,0.19160000,5534.00000000,0.1886
1749260965,0.19170000,2575.00000000,0.1886
1749260965,0.19180000,187.00000000,0.1886
1749260965,0.19190000,5494.00000000,0.1886
1749260965,0.19200000,531.00000000,0.1886
1749260965,0.19210000,340.00000000,0.1886
1749260965,0.19220000,7746.00000000,0.1886
1749260965,0.19230000,1603.00000000,0.1886
1749260965,0.19240000,7146.00000000,0.1886
1749260965,0.19250000,5394.00000000,0.1886
1749260965,0.19260000,1975.00000000,0.1886
1749260965,0.19270000,1412.00000000,0.1886
1749260965,0.19280000,153.00000000,0.1886
1749260965,0.19290000,2347.00000000,0.1886
1749260965,0.19300000,173.00000000,0.1886
1749260965,0.19310000,86.00000000,0.1886
1749260965,0.19320000,680.00000000,0.1886
1749260965,0.19330000,267.00000000,0.1886
1749260965,0.19340000,54.00000000,0.1886
1749260965,0.19350000,210.00000000,0.1886
1749260965,0.19360000,2026.00000000,0.1886
1749260965,0.19370000,5342.00000000,0.1886
1749260965,0.19380000,1497.00000000,0.1886
1749260965,0.19390000,54.00000000,0.1886
1749260965,0.19400000,3114.00000000,0.1886
1749260965,0.19410000,428.00000000,0.1886
1749260965,0.19420000,260.00000000,0.1886
1749260965,0.19430000,1526.00000000,0.1886
1749260965,0.19440000,97.00000000,0.1886
1749260965,0.19450000,749.00000000,0.1886
1749260965,0.19460000,90.00000000,0.1886
1749260965,0.19470000,164.00000000,0.1886
1749260965,0.19480000,190.00000000,0.1886
1749260965,0.19490000,83.00000000,0.1886
1749260965,0.19500000,22629.00000000,0.1886
1749260965,0.19510000,84.00000000,0.1886
1749260965,0.19520000,2479.00000000,0.1886
1749260965,0.19530000,845.00000000,0.1886
1749260965,0.19540000,127.00000000,0.1886
1749260965,0.19550000,1770.00000000,0.1886
1749260965,0.19560000,97.00000000,0.1886
1749260965,0.19570000,54.00000000,0.1886
1749260965,0.19580000,1486.00000000,0.1886
1749260965,0.19590000,143.00000000,0.1886
1749260965,0.19600000,110.00000000,0.1886
1749260965,0.19610000,54.00000000,0.1886
1749260965,0.19620000,110.00000000,0.1886
1749260965,0.19630000,306.00000000,0.1886
1749260965,0.19640000,1040.00000000,0.1886
1749260965,0.19660000,35.00000000,0.1886
1749260965,0.19670000,398.00000000,0.1886
1749260965,0.19680000,280.00000000,0.1886
1749260965,0.19690000,1448.00000000,0.1886
1749260965,0.19700000,57.00000000,0.1886
1749260965,0.19710000,43.00000000,0.1886
1749260965,0.19720000,175.00000000,0.1886
1749260965,0.19730000,267.00000000,0.1886
1749260965,0.19740000,1346.00000000,0.1886
1749260965,0.19750000,2697.00000000,0.1886
1749260965,0.19760000,223.00000000,0.1886
1749260965,0.19780000,101.00000000,0.1886
1749260965,0.19790000,1869.00000000,0.1886
1749260965,0.19800000,732.00000000,0.1886
1749260965,0.19810000,230.00000000,0.1886
1749260965,0.19820000,8133.00000000,0.1886
1749260965,0.19830000,227.00000000,0.1886
1749260965,0.19840000,126.00000000,0.1886
1749260965,0.19850000,301.00000000,0.1886
1749260965,0.19860000,102.00000000,0.1886
1749260965,0.19880000,326.00000000,0.1886
1749260965,0.19890000,99.00000000,0.1886
1749261266,0.18870000,4843.00000000,0.1887
1749261266,0.18880000,41069.00000000,0.1887
1749261266,0.18890000,50152.00000000,0.1887
1749261266,0.18900000,61969.00000000,0.1887
1749261266,0.18910000,82170.00000000,0.1887
1749261266,0.18920000,109338.00000000,0.1887
1749261266,0.18930000,121261.00000000,0.1887
1749261266,0.18940000,20021.00000000,0.1887
1749261266,0.18950000,74995.00000000,0.1887
1749261266,0.18960000,100740.00000000,0.1887
1749261266,0.18970000,14187.00000000,0.1887
1749261266,0.18980000,15925.00000000,0.1887
1749261266,0.18990000,10627.00000000,0.1887
1749261266,0.19000000,32121.00000000,0.1887
1749261266,0.19010000,10580.00000000,0.1887
1749261266,0.19020000,37324.00000000,0.1887
1749261266,0.19030000,3320.00000000,0.1887
1749261266,0.19040000,10608.00000000,0.1887
1749261266,0.19050000,137.00000000,0.1887
1749261266,0.19060000,3154.00000000,0.1887
1749261266,0.19070000,9106.00000000,0.1887
1749261266,0.19080000,11146.00000000,0.1887
1749261266,0.19090000,8656.00000000,0.1887
1749261266,0.19100000,9177.00000000,0.1887
1749261266,0.19110000,4495.00000000,0.1887
1749261266,0.19120000,17954.00000000,0.1887
1749261266,0.19130000,8494.00000000,0.1887
1749261266,0.19140000,4130.00000000,0.1887
1749261266,0.19150000,3493.00000000,0.1887
1749261266,0.19160000,5534.00000000,0.1887
1749261266,0.19170000,2575.00000000,0.1887
1749261266,0.19180000,187.00000000,0.1887
1749261266,0.19190000,5494.00000000,0.1887
1749261266,0.19200000,531.00000000,0.1887
1749261266,0.19210000,340.00000000,0.1887
1749261266,0.19220000,7746.00000000,0.1887
1749261266,0.19230000,1603.00000000,0.1887
1749261266,0.19240000,7146.00000000,0.1887
1749261266,0.19250000,5394.00000000,0.1887
1749261266,0.19260000,1975.00000000,0.1887
1749261266,0.19270000,1412.00000000,0.1887
1749261266,0.19280000,153.00000000,0.1887
1749261266,0.19290000,2347.00000000,0.1887
1749261266,0.19300000,173.00000000,0.1887
1749261266,0.19310000,86.00000000,0.1887
1749261266,0.19320000,680.00000000,0.1887
1749261266,0.19330000,267.00000000,0.1887
1749261266,0.19340000,54.00000000,0.1887
1749261266,0.19350000,210.00000000,0.1887
1749261266,0.19360000,2026.00000000,0.1887
1749261266,0.19370000,5342.00000000,0.1887
1749261266,0.19380000,1497.00000000,0.1887
1749261266,0.19390000,54.00000000,0.1887
1749261266,0.19400000,3114.00000000,0.1887
1749261266,0.19410000,428.00000000,0.1887
1749261266,0.19420000,260.00000000,0.1887
1749261266,0.19430000,1526.00000000,0.1887
1749261266,0.19440000,97.00000000,0.1887
1749261266,0.19450000,749.00000000,0.1887
1749261266,0.19460000,90.00000000,0.1887
1749261266,0.19470000,164.00000000,0.1887
1749261266,0.19480000,190.00000000,0.1887
1749261266,0.19490000,83.00000000,0.1887
1749261266,0.19500000,22629.00000000,0.1887
1749261266,0.19510000,84.00000000,0.1887
1749261266,0.19520000,2479.00000000,0.1887
1749261266,0.19530000,845.00000000,0.1887
1749261266,0.19540000,127.00000000,0.1887
1749261266,0.19550000,1770.00000000,0.1887
1749261266,0.19560000,97.00000000,0.1887
1749261266,0.19570000,54.00000000,0.1887
1749261266,0.19580000,1486.00000000,0.1887
1749261266,0.19590000,143.00000000,0.1887
1749261266,0.19600000,110.00000000,0.1887
1749261266,0.19610000,54.00000000,0.1887
1749261266,0.19620000,110.00000000,0.1887
1749261266,0.19630000,306.00000000,0.1887
1749261266,0.19640000,1040.00000000,0.1887
1749261266,0.19660000,35.00000000,0.1887
1749261266,0.19670000,398.00000000,0.1887
1749261266,0.19680000,280.00000000,0.1887
1749261266,0.19690000,1448.00000000,0.1887
1749261266,0.19700000,57.00000000,0.1887
1749261266,0.19710000,43.00000000,0.1887
1749261266,0.19720000,175.00000000,0.1887
1749261266,0.19730000,267.00000000,0.1887
1749261266,0.19740000,1346.00000000,0.1887
1749261266,0.19750000,2697.00000000,0.1887
1749261266,0.19760000,223.00000000,0.1887
1749261266,0.19780000,101.00000000,0.1887
1749261266,0.19790000,1869.00000000,0.1887
1749261266,0.19800000,732.00000000,0.1887
1749261266,0.19810000,230.00000000,0.1887
1749261266,0.19820000,8133.00000000,0.1887
1749261266,0.19830000,227.00000000,0.1887
1749261266,0.19840000,126.00000000,0.1887
1749261266,0.19850000,301.00000000,0.1887
1749261266,0.19860000,102.00000000,0.1887
1749261266,0.19880000,326.00000000,0.1887
1749261266,0.19890000,99.00000000,0.1887
1749261568,0.18870000,12923.00000000,0.1887
1749261568,0.18880000,40655.00000000,0.1887
1749261568,0.18890000,37955.00000000,0.1887
1749261568,0.18900000,71217.00000000,0.1887
1749261568,0.18910000,88278.00000000,0.1887
1749261568,0.18920000,76563.00000000,0.1887
1749261568,0.18930000,74717.00000000,0.1887
1749261568,0.18940000,98537.00000000,0.1887
1749261568,0.18950000,74959.00000000,0.1887
1749261568,0.18960000,97368.00000000,0.1887
1749261568,0.18970000,14201.00000000,0.1887
1749261568,0.18980000,12538.00000000,0.1887
1749261568,0.18990000,10625.00000000,0.1887
1749261568,0.19000000,32121.00000000,0.1887
1749261568,0.19010000,10582.00000000,0.1887
1749261568,0.19020000,37324.00000000,0.1887
1749261568,0.19030000,3320.00000000,0.1887
1749261568,0.19040000,10608.00000000,0.1887
1749261568,0.19050000,137.00000000,0.1887
1749261568,0.19060000,3154.00000000,0.1887
1749261568,0.19070000,9106.00000000,0.1887
1749261568,0.19080000,11146.00000000,0.1887
1749261568,0.19090000,8656.00000000,0.1887
1749261568,0.19100000,9177.00000000,0.1887
1749261568,0.19110000,4495.00000000,0.1887
1749261568,0.19120000,17954.00000000,0.1887
1749261568,0.19130000,8494.00000000,0.1887
1749261568,0.19140000,4130.00000000,0.1887
1749261568,0.19150000,3493.00000000,0.1887
1749261568,0.19160000,5534.00000000,0.1887
1749261568,0.19170000,2575.00000000,0.1887
1749261568,0.19180000,187.00000000,0.1887
1749261568,0.19190000,5494.00000000,0.1887
1749261568,0.19200000,531.00000000,0.1887
1749261568,0.19210000,340.00000000,0.1887
1749261568,0.19220000,7746.00000000,0.1887
1749261568,0.19230000,1603.00000000,0.1887
1749261568,0.19240000,7146.00000000,0.1887
1749261568,0.19250000,5394.00000000,0.1887
1749261568,0.19260000,1975.00000000,0.1887
1749261568,0.19270000,1412.00000000,0.1887
1749261568,0.19280000,153.00000000,0.1887
1749261568,0.19290000,2347.00000000,0.1887
1749261568,0.19300000,173.00000000,0.1887
1749261568,0.19310000,86.00000000,0.1887
1749261568,0.19320000,680.00000000,0.1887
1749261568,0.19330000,267.00000000,0.1887
1749261568,0.19340000,54.00000000,0.1887
1749261568,0.19350000,210.00000000,0.1887
1749261568,0.19360000,2026.00000000,0.1887
1749261568,0.19370000,5342.00000000,0.1887
1749261568,0.19380000,1497.00000000,0.1887
1749261568,0.19390000,54.00000000,0.1887
1749261568,0.19400000,3114.00000000,0.1887
1749261568,0.19410000,428.00000000,0.1887
1749261568,0.19420000,260.00000000,0.1887
1749261568,0.19430000,1526.00000000,0.1887
1749261568,0.19440000,97.00000000,0.1887
1749261568,0.19450000,749.00000000,0.1887
1749261568,0.19460000,90.00000000,0.1887
1749261568,0.19470000,164.00000000,0.1887
1749261568,0.19480000,190.00000000,0.1887
1749261568,0.19490000,83.00000000,0.1887
1749261568,0.19500000,22629.00000000,0.1887
1749261568,0.19510000,84.00000000,0.1887
1749261568,0.19520000,2479.00000000,0.1887
1749261568,0.19530000,845.00000000,0.1887
1749261568,0.19540000,127.00000000,0.1887
1749261568,0.19550000,1770.00000000,0.1887
1749261568,0.19560000,97.00000000,0.1887
1749261568,0.19570000,54.00000000,0.1887
1749261568,0.19580000,1486.00000000,0.1887
1749261568,0.19590000,143.00000000,0.1887
1749261568,0.19600000,110.00000000,0.1887
1749261568,0.19610000,54.00000000,0.1887
1749261568,0.19620000,110.00000000,0.1887
1749261568,0.19630000,306.00000000,0.1887
1749261568,0.19640000,1040.00000000,0.1887
1749261568,0.19660000,35.00000000,0.1887
1749261568,0.19670000,398.00000000,0.1887
1749261568,0.19680000,280.00000000,0.1887
1749261568,0.19690000,1448.00000000,0.1887
1749261568,0.19700000,57.00000000,0.1887
1749261568,0.19710000,43.00000000,0.1887
1749261568,0.19720000,175.00000000,0.1887
1749261568,0.19730000,267.00000000,0.1887
1749261568,0.19740000,1346.00000000,0.1887
1749261568,0.19750000,2697.00000000,0.1887
1749261568,0.19760000,223.00000000,0.1887
1749261568,0.19780000,101.00000000,0.1887
1749261568,0.19790000,1869.00000000,0.1887
1749261568,0.19800000,732.00000000,0.1887
1749261568,0.19810000,230.00000000,0.1887
1749261568,0.19820000,8133.00000000,0.1887
1749261568,0.19830000,227.00000000,0.1887
1749261568,0.19840000,126.00000000,0.1887
1749261568,0.19850000,301.00000000,0.1887
1749261568,0.19860000,102.00000000,0.1887
1749261568,0.19880000,326.00000000,0.1887
1749261568,0.19890000,99.00000000,0.1887
1749261874,0.18870000,19329.00000000,0.1886
1749261874,0.18880000,42741.00000000,0.1886
1749261874,0.18890000,64255.00000000,0.1886
1749261874,0.18900000,103280.00000000,0.1886
1749261874,0.18910000,82198.00000000,0.1886
1749261874,0.18920000,70353.00000000,0.1886
1749261874,0.18930000,28056.00000000,0.1886
1749261874,0.18940000,144757.00000000,0.1886
1749261874,0.18950000,10335.00000000,0.1886
1749261874,0.18960000,84113.00000000,0.1886
1749261874,0.18970000,18707.00000000,0.1886
1749261874,0.18980000,12538.00000000,0.1886
1749261874,0.18990000,10625.00000000,0.1886
1749261874,0.19000000,24102.00000000,0.1886
1749261874,0.19010000,10582.00000000,0.1886
1749261874,0.19020000,37324.00000000,0.1886
1749261874,0.19030000,3320.00000000,0.1886
1749261874,0.19040000,10608.00000000,0.1886
1749261874,0.19050000,137.00000000,0.1886
1749261874,0.19060000,3154.00000000,0.1886
1749261874,0.19070000,9106.00000000,0.1886
1749261874,0.19080000,11146.00000000,0.1886
1749261874,0.19090000,8656.00000000,0.1886
1749261874,0.19100000,9177.00000000,0.1886
1749261874,0.19110000,4495.00000000,0.1886
1749261874,0.19120000,17954.00000000,0.1886
1749261874,0.19130000,8494.00000000,0.1886
1749261874,0.19140000,4130.00000000,0.1886
1749261874,0.19150000,3493.00000000,0.1886
1749261874,0.19160000,5534.00000000,0.1886
1749261874,0.19170000,2575.00000000,0.1886
1749261874,0.19180000,187.00000000,0.1886
1749261874,0.19190000,5494.00000000,0.1886
1749261874,0.19200000,531.00000000,0.1886
1749261874,0.19210000,340.00000000,0.1886
1749261874,0.19220000,7746.00000000,0.1886
1749261874,0.19230000,1603.00000000,0.1886
1749261874,0.19240000,10208.00000000,0.1886
1749261874,0.19250000,5394.00000000,0.1886
1749261874,0.19260000,1975.00000000,0.1886
1749261874,0.19270000,1412.00000000,0.1886
1749261874,0.19280000,153.00000000,0.1886
1749261874,0.19290000,2347.00000000,0.1886
1749261874,0.19300000,173.00000000,0.1886
1749261874,0.19310000,86.00000000,0.1886
1749261874,0.19320000,680.00000000,0.1886
1749261874,0.19330000,267.00000000,0.1886
1749261874,0.19340000,54.00000000,0.1886
1749261874,0.19350000,210.00000000,0.1886
1749261874,0.19360000,2026.00000000,0.1886
1749261874,0.19370000,5342.00000000,0.1886
1749261874,0.19380000,1497.00000000,0.1886
1749261874,0.19390000,54.00000000,0.1886
1749261874,0.19400000,3114.00000000,0.1886
1749261874,0.19410000,428.00000000,0.1886
1749261874,0.19420000,260.00000000,0.1886
1749261874,0.19430000,1526.00000000,0.1886
1749261874,0.19440000,97.00000000,0.1886
1749261874,0.19450000,749.00000000,0.1886
1749261874,0.19460000,90.00000000,0.1886
1749261874,0.19470000,164.00000000,0.1886
1749261874,0.19480000,190.00000000,0.1886
1749261874,0.19490000,83.00000000,0.1886
1749261874,0.19500000,22629.00000000,0.1886
1749261874,0.19510000,84.00000000,0.1886
1749261874,0.19520000,2479.00000000,0.1886
1749261874,0.19530000,845.00000000,0.1886
1749261874,0.19540000,127.00000000,0.1886
1749261874,0.19550000,1770.00000000,0.1886
1749261874,0.19560000,97.00000000,0.1886
1749261874,0.19570000,54.00000000,0.1886
1749261874,0.19580000,1486.00000000,0.1886
1749261874,0.19590000,143.00000000,0.1886
1749261874,0.19600000,110.00000000,0.1886
1749261874,0.19610000,54.00000000,0.1886
1749261874,0.19620000,110.00000000,0.1886
1749261874,0.19630000,306.00000000,0.1886
1749261874,0.19640000,1040.00000000,0.1886
1749261874,0.19660000,35.00000000,0.1886
1749261874,0.19670000,398.00000000,0.1886
1749261874,0.19680000,280.00000000,0.1886
1749261874,0.19690000,1448.00000000,0.1886
1749261874,0.19700000,57.00000000,0.1886
1749261874,0.19710000,43.00000000,0.1886
1749261874,0.19720000,175.00000000,0.1886
1749261874,0.19730000,267.00000000,0.1886
1749261874,0.19740000,1346.00000000,0.1886
1749261874,0.19750000,2697.00000000,0.1886
1749261874,0.19760000,223.00000000,0.1886
1749261874,0.19780000,101.00000000,0.1886
1749261874,0.19790000,1869.00000000,0.1886
1749261874,0.19800000,732.00000000,0.1886
1749261874,0.19810000,230.00000000,0.1886
1749261874,0.19820000,8133.00000000,0.1886
1749261874,0.19830000,227.00000000,0.1886
1749261874,0.19840000,126.00000000,0.1886
1749261874,0.19850000,301.00000000,0.1886
1749261874,0.19860000,102.00000000,0.1886
1749261874,0.19880000,326.00000000,0.1886
1749261874,0.19890000,99.00000000,0.1886
1749262175,0.18860000,24068.00000000,0.1885
1749262175,0.18870000,41517.00000000,0.1885
1749262175,0.18880000,64894.00000000,0.1885
1749262175,0.18890000,113655.00000000,0.1885
1749262175,0.18900000,100536.00000000,0.1885
1749262175,0.18910000,45621.00000000,0.1885
1749262175,0.18920000,75174.00000000,0.1885
1749262175,0.18930000,98123.00000000,0.1885
1749262175,0.18940000,15923.00000000,0.1885
1749262175,0.18950000,10335.00000000,0.1885
1749262175,0.18960000,84113.00000000,0.1885
1749262175,0.18970000,18707.00000000,0.1885
1749262175,0.18980000,12538.00000000,0.1885
1749262175,0.18990000,10625.00000000,0.1885
1749262175,0.19000000,24102.00000000,0.1885
1749262175,0.19010000,10582.00000000,0.1885
1749262175,0.19020000,37324.00000000,0.1885
1749262175,0.19030000,3320.00000000,0.1885
1749262175,0.19040000,10608.00000000,0.1885
1749262175,0.19050000,137.00000000,0.1885
1749262175,0.19060000,3154.00000000,0.1885
1749262175,0.19070000,9106.00000000,0.1885
1749262175,0.19080000,11146.00000000,0.1885
1749262175,0.19090000,8656.00000000,0.1885
1749262175,0.19100000,9177.00000000,0.1885
1749262175,0.19110000,4495.00000000,0.1885
1749262175,0.19120000,17954.00000000,0.1885
1749262175,0.19130000,5434.00000000,0.1885
1749262175,0.19140000,1070.00000000,0.1885
1749262175,0.19150000,3493.00000000,0.1885
1749262175,0.19160000,5534.00000000,0.1885
1749262175,0.19170000,2575.00000000,0.1885
1749262175,0.19180000,187.00000000,0.1885
1749262175,0.19190000,5494.00000000,0.1885
1749262175,0.19200000,531.00000000,0.1885
1749262175,0.19210000,340.00000000,0.1885
1749262175,0.19220000,7746.00000000,0.1885
1749262175,0.19230000,1603.00000000,0.1885
1749262175,0.19240000,10208.00000000,0.1885
1749262175,0.19250000,5394.00000000,0.1885
1749262175,0.19260000,1975.00000000,0.1885
1749262175,0.19270000,1412.00000000,0.1885
1749262175,0.19280000,153.00000000,0.1885
1749262175,0.19290000,2347.00000000,0.1885
1749262175,0.19300000,173.00000000,0.1885
1749262175,0.19310000,86.00000000,0.1885
1749262175,0.19320000,680.00000000,0.1885
1749262175,0.19330000,267.00000000,0.1885
1749262175,0.19340000,54.00000000,0.1885
1749262175,0.19350000,210.00000000,0.1885
1749262175,0.19360000,2026.00000000,0.1885
1749262175,0.19370000,5342.00000000,0.1885
1749262175,0.19380000,1497.00000000,0.1885
1749262175,0.19390000,54.00000000,0.1885
1749262175,0.19400000,3114.00000000,0.1885
1749262175,0.19410000,428.00000000,0.1885
1749262175,0.19420000,260.00000000,0.1885
1749262175,0.19430000,1526.00000000,0.1885
1749262175,0.19440000,97.00000000,0.1885
1749262175,0.19450000,749.00000000,0.1885
1749262175,0.19460000,90.00000000,0.1885
1749262175,0.19470000,164.00000000,0.1885
1749262175,0.19480000,190.00000000,0.1885
1749262175,0.19490000,83.00000000,0.1885
1749262175,0.19500000,22629.00000000,0.1885
1749262175,0.19510000,84.00000000,0.1885
1749262175,0.19520000,2479.00000000,0.1885
1749262175,0.19530000,845.00000000,0.1885
1749262175,0.19540000,127.00000000,0.1885
1749262175,0.19550000,1770.00000000,0.1885
1749262175,0.19560000,97.00000000,0.1885
1749262175,0.19570000,54.00000000,0.1885
1749262175,0.19580000,1486.00000000,0.1885
1749262175,0.19590000,143.00000000,0.1885
1749262175,0.19600000,110.00000000,0.1885
1749262175,0.19610000,54.00000000,0.1885
1749262175,0.19620000,56.00000000,0.1885
1749262175,0.19630000,306.00000000,0.1885
1749262175,0.19640000,1040.00000000,0.1885
1749262175,0.19660000,35.00000000,0.1885
1749262175,0.19670000,398.00000000,0.1885
1749262175,0.19680000,280.00000000,0.1885
1749262175,0.19690000,1448.00000000,0.1885
1749262175,0.19700000,57.00000000,0.1885
1749262175,0.19710000,43.00000000,0.1885
1749262175,0.19720000,175.00000000,0.1885
1749262175,0.19730000,267.00000000,0.1885
1749262175,0.19740000,1346.00000000,0.1885
1749262175,0.19750000,2697.00000000,0.1885
1749262175,0.19760000,223.00000000,0.1885
1749262175,0.19780000,101.00000000,0.1885
1749262175,0.19790000,1869.00000000,0.1885
1749262175,0.19800000,732.00000000,0.1885
1749262175,0.19810000,230.00000000,0.1885
1749262175,0.19820000,8133.00000000,0.1885
1749262175,0.19830000,227.00000000,0.1885
1749262175,0.19840000,126.00000000,0.1885
1749262175,0.19850000,301.00000000,0.1885
1749262175,0.19860000,102.00000000,0.1885
1749262175,0.19880000,326.00000000,0.1885
1749262477,0.18890000,20996.00000000,0.1887
1749262477,0.18900000,39325.00000000,0.1887
1749262477,0.18910000,41329.00000000,0.1887
1749262477,0.18920000,49597.00000000,0.1887
1749262477,0.18930000,126309.00000000,0.1887
1749262477,0.18940000,85843.00000000,0.1887
1749262477,0.18950000,14555.00000000,0.1887
1749262477,0.18960000,158099.00000000,0.1887
1749262477,0.18970000,10581.00000000,0.1887
1749262477,0.18980000,15990.00000000,0.1887
1749262477,0.18990000,10625.00000000,0.1887
1749262477,0.19000000,101292.00000000,0.1887
1749262477,0.19010000,11254.00000000,0.1887
1749262477,0.19020000,37324.00000000,0.1887
1749262477,0.19030000,3320.00000000,0.1887
1749262477,0.19040000,10608.00000000,0.1887
1749262477,0.19050000,137.00000000,0.1887
1749262477,0.19060000,3154.00000000,0.1887
1749262477,0.19070000,9106.00000000,0.1887
1749262477,0.19080000,3863.00000000,0.1887
1749262477,0.19090000,8656.00000000,0.1887
1749262477,0.19100000,10725.00000000,0.1887
1749262477,0.19110000,4495.00000000,0.1887
1749262477,0.19120000,17954.00000000,0.1887
1749262477,0.19130000,8494.00000000,0.1887
1749262477,0.19140000,11413.00000000,0.1887
1749262477,0.19150000,6553.00000000,0.1887
1749262477,0.19160000,8594.00000000,0.1887
1749262477,0.19170000,5635.00000000,0.1887
1749262477,0.19180000,187.00000000,0.1887
1749262477,0.19190000,5494.00000000,0.1887
1749262477,0.19200000,531.00000000,0.1887
1749262477,0.19210000,340.00000000,0.1887
1749262477,0.19220000,7746.00000000,0.1887
1749262477,0.19230000,1603.00000000,0.1887
1749262477,0.19240000,10208.00000000,0.1887
1749262477,0.19250000,5394.00000000,0.1887
1749262477,0.19260000,1975.00000000,0.1887
1749262477,0.19270000,1412.00000000,0.1887
1749262477,0.19280000,153.00000000,0.1887
1749262477,0.19290000,2347.00000000,0.1887
1749262477,0.19300000,173.00000000,0.1887
1749262477,0.19310000,86.00000000,0.1887
1749262477,0.19320000,680.00000000,0.1887
1749262477,0.19330000,267.00000000,0.1887
1749262477,0.19340000,54.00000000,0.1887
1749262477,0.19350000,210.00000000,0.1887
1749262477,0.19360000,2026.00000000,0.1887
1749262477,0.19370000,92.00000000,0.1887
1749262477,0.19380000,221.00000000,0.1887
1749262477,0.19390000,54.00000000,0.1887
1749262477,0.19400000,3114.00000000,0.1887
1749262477,0.19410000,428.00000000,0.1887
1749262477,0.19420000,5510.00000000,0.1887
1749262477,0.19430000,2802.00000000,0.1887
1749262477,0.19440000,97.00000000,0.1887
1749262477,0.19450000,749.00000000,0.1887
1749262477,0.19460000,90.00000000,0.1887
1749262477,0.19470000,164.00000000,0.1887
1749262477,0.19480000,190.00000000,0.1887
1749262477,0.19490000,83.00000000,0.1887
1749262477,0.19500000,22629.00000000,0.1887
1749262477,0.19510000,84.00000000,0.1887
1749262477,0.19520000,2479.00000000,0.1887
1749262477,0.19530000,845.00000000,0.1887
1749262477,0.19540000,127.00000000,0.1887
1749262477,0.19550000,1770.00000000,0.1887
1749262477,0.19560000,97.00000000,0.1887
1749262477,0.19570000,54.00000000,0.1887
1749262477,0.19580000,1486.00000000,0.1887
1749262477,0.19590000,143.00000000,0.1887
1749262477,0.19600000,110.00000000,0.1887
1749262477,0.19610000,54.00000000,0.1887
1749262477,0.19620000,110.00000000,0.1887
1749262477,0.19630000,360.00000000,0.1887
1749262477,0.19640000,1094.00000000,0.1887
1749262477,0.19660000,35.00000000,0.1887
1749262477,0.19670000,398.00000000,0.1887
1749262477,0.19680000,280.00000000,0.1887
1749262477,0.19690000,1448.00000000,0.1887
1749262477,0.19700000,57.00000000,0.1887
1749262477,0.19710000,43.00000000,0.1887
1749262477,0.19720000,175.00000000,0.1887
1749262477,0.19730000,267.00000000,0.1887
1749262477,0.19740000,1346.00000000,0.1887
1749262477,0.19750000,2697.00000000,0.1887
1749262477,0.19760000,223.00000000,0.1887
1749262477,0.19780000,101.00000000,0.1887
1749262477,0.19790000,1869.00000000,0.1887
1749262477,0.19800000,732.00000000,0.1887
1749262477,0.19810000,230.00000000,0.1887
1749262477,0.19820000,8133.00000000,0.1887
1749262477,0.19830000,227.00000000,0.1887
1749262477,0.19840000,126.00000000,0.1887
1749262477,0.19850000,301.00000000,0.1887
1749262477,0.19860000,102.00000000,0.1887
1749262477,0.19880000,326.00000000,0.1887
1749262477,0.19890000,99.00000000,0.1887
1749262477,0.19900000,1843.00000000,0.1887
1749262477,0.19910000,43.00000000,0.1887
1749262779,0.18890000,3678.00000000,0.1889
1749262779,0.18900000,42914.00000000,0.1889
1749262779,0.18910000,39074.00000000,0.1889
1749262779,0.18920000,71703.00000000,0.1889
1749262779,0.18930000,88280.00000000,0.1889
1749262779,0.18940000,24225.00000000,0.1889
1749262779,0.18950000,89174.00000000,0.1889
1749262779,0.18960000,125579.00000000,0.1889
1749262779,0.18970000,65901.00000000,0.1889
1749262779,0.18980000,19370.00000000,0.1889
1749262779,0.18990000,81106.00000000,0.1889
1749262779,0.19000000,15205.00000000,0.1889
1749262779,0.19010000,11254.00000000,0.1889
1749262779,0.19020000,12822.00000000,0.1889
1749262779,0.19030000,14717.00000000,0.1889
1749262779,0.19040000,17941.00000000,0.1889
1749262779,0.19050000,23208.00000000,0.1889
1749262779,0.19060000,3154.00000000,0.1889
1749262779,0.19070000,9106.00000000,0.1889
1749262779,0.19080000,3863.00000000,0.1889
1749262779,0.19090000,8656.00000000,0.1889
1749262779,0.19100000,9177.00000000,0.1889
1749262779,0.19110000,4495.00000000,0.1889
1749262779,0.19120000,17954.00000000,0.1889
1749262779,0.19130000,8494.00000000,0.1889
1749262779,0.19140000,11413.00000000,0.1889
1749262779,0.19150000,6553.00000000,0.1889
1749262779,0.19160000,8594.00000000,0.1889
1749262779,0.19170000,5635.00000000,0.1889
1749262779,0.19180000,187.00000000,0.1889
1749262779,0.19190000,5494.00000000,0.1889
1749262779,0.19200000,531.00000000,0.1889
1749262779,0.19210000,340.00000000,0.1889
1749262779,0.19220000,7746.00000000,0.1889
1749262779,0.19230000,1603.00000000,0.1889
1749262779,0.19240000,7934.00000000,0.1889
1749262779,0.19250000,5394.00000000,0.1889
1749262779,0.19260000,1975.00000000,0.1889
1749262779,0.19270000,1412.00000000,0.1889
1749262779,0.19280000,153.00000000,0.1889
1749262779,0.19290000,4621.00000000,0.1889
1749262779,0.19300000,173.00000000,0.1889
1749262779,0.19310000,86.00000000,0.1889
1749262779,0.19320000,680.00000000,0.1889
1749262779,0.19330000,267.00000000,0.1889
1749262779,0.19340000,54.00000000,0.1889
1749262779,0.19350000,210.00000000,0.1889
1749262779,0.19360000,2026.00000000,0.1889
1749262779,0.19370000,92.00000000,0.1889
1749262779,0.19380000,221.00000000,0.1889
1749262779,0.19390000,54.00000000,0.1889
1749262779,0.19400000,3114.00000000,0.1889
1749262779,0.19410000,428.00000000,0.1889
1749262779,0.19420000,5510.00000000,0.1889
1749262779,0.19430000,2802.00000000,0.1889
1749262779,0.19440000,97.00000000,0.1889
1749262779,0.19450000,749.00000000,0.1889
1749262779,0.19460000,90.00000000,0.1889
1749262779,0.19470000,164.00000000,0.1889
1749262779,0.19480000,190.00000000,0.1889
1749262779,0.19490000,83.00000000,0.1889
1749262779,0.19500000,22629.00000000,0.1889
1749262779,0.19510000,84.00000000,0.1889
1749262779,0.19520000,2479.00000000,0.1889
1749262779,0.19530000,845.00000000,0.1889
1749262779,0.19540000,127.00000000,0.1889
1749262779,0.19550000,1770.00000000,0.1889
1749262779,0.19560000,97.00000000,0.1889
1749262779,0.19570000,54.00000000,0.1889
1749262779,0.19580000,1486.00000000,0.1889
1749262779,0.19590000,143.00000000,0.1889
1749262779,0.19600000,110.00000000,0.1889
1749262779,0.19610000,54.00000000,0.1889
1749262779,0.19620000,110.00000000,0.1889
1749262779,0.19630000,360.00000000,0.1889
1749262779,0.19640000,1094.00000000,0.1889
1749262779,0.19660000,35.00000000,0.1889
1749262779,0.19670000,398.00000000,0.1889
1749262779,0.19680000,280.00000000,0.1889
1749262779,0.19690000,1448.00000000,0.1889
1749262779,0.19700000,57.00000000,0.1889
1749262779,0.19710000,43.00000000,0.1889
1749262779,0.19720000,175.00000000,0.1889
1749262779,0.19730000,267.00000000,0.1889
1749262779,0.19740000,1346.00000000,0.1889
1749262779,0.19750000,2697.00000000,0.1889
1749262779,0.19760000,223.00000000,0.1889
1749262779,0.19780000,101.00000000,0.1889
1749262779,0.19790000,1869.00000000,0.1889
1749262779,0.19800000,732.00000000,0.1889
1749262779,0.19810000,230.00000000,0.1889
1749262779,0.19820000,8133.00000000,0.1889
1749262779,0.19830000,227.00000000,0.1889
1749262779,0.19840000,126.00000000,0.1889
1749262779,0.19850000,301.00000000,0.1889
1749262779,0.19860000,102.00000000,0.1889
1749262779,0.19880000,326.00000000,0.1889
1749262779,0.19890000,99.00000000,0.1889
1749262779,0.19900000,1843.00000000,0.1889
1749262779,0.19910000,43.00000000,0.1889
1749263080,0.18900000,607.00000000,0.189
1749263080,0.18910000,25953.00000000,0.189
1749263080,0.18920000,45812.00000000,0.189
1749263080,0.18930000,62309.00000000,0.189
1749263080,0.18940000,92701.00000000,0.189
1749263080,0.18950000,76792.00000000,0.189
1749263080,0.18960000,84486.00000000,0.189
1749263080,0.18970000,10581.00000000,0.189
1749263080,0.18980000,135617.00000000,0.189
1749263080,0.18990000,79558.00000000,0.189
1749263080,0.19000000,15205.00000000,0.189
1749263080,0.19010000,11254.00000000,0.189
1749263080,0.19020000,16203.00000000,0.189
1749263080,0.19030000,14724.00000000,0.189
1749263080,0.19040000,17941.00000000,0.189
1749263080,0.19050000,23208.00000000,0.189
1749263080,0.19060000,3154.00000000,0.189
1749263080,0.19070000,9106.00000000,0.189
1749263080,0.19080000,3863.00000000,0.189
1749263080,0.19090000,10204.00000000,0.189
1749263080,0.19100000,9177.00000000,0.189
1749263080,0.19110000,4495.00000000,0.189
1749263080,0.19120000,17954.00000000,0.189
1749263080,0.19130000,8494.00000000,0.189
1749263080,0.19140000,11413.00000000,0.189
1749263080,0.19150000,6553.00000000,0.189
1749263080,0.19160000,8594.00000000,0.189
1749263080,0.19170000,5635.00000000,0.189
1749263080,0.19180000,187.00000000,0.189
1749263080,0.19190000,5494.00000000,0.189
1749263080,0.19200000,531.00000000,0.189
1749263080,0.19210000,340.00000000,0.189
1749263080,0.19220000,7746.00000000,0.189
1749263080,0.19230000,1603.00000000,0.189
1749263080,0.19240000,7934.00000000,0.189
1749263080,0.19250000,5394.00000000,0.189
1749263080,0.19260000,1975.00000000,0.189
1749263080,0.19270000,1412.00000000,0.189
1749263080,0.19280000,153.00000000,0.189
1749263080,0.19290000,4621.00000000,0.189
1749263080,0.19300000,173.00000000,0.189
1749263080,0.19310000,86.00000000,0.189
1749263080,0.19320000,680.00000000,0.189
1749263080,0.19330000,267.00000000,0.189
1749263080,0.19340000,54.00000000,0.189
1749263080,0.19350000,210.00000000,0.189
1749263080,0.19360000,2026.00000000,0.189
1749263080,0.19370000,92.00000000,0.189
1749263080,0.19380000,221.00000000,0.189
1749263080,0.19390000,54.00000000,0.189
1749263080,0.19400000,3114.00000000,0.189
1749263080,0.19410000,428.00000000,0.189
1749263080,0.19420000,5510.00000000,0.189
1749263080,0.19430000,2802.00000000,0.189
1749263080,0.19440000,97.00000000,0.189
1749263080,0.19450000,749.00000000,0.189
1749263080,0.19460000,90.00000000,0.189
1749263080,0.19470000,164.00000000,0.189
1749263080,0.19480000,190.00000000,0.189
1749263080,0.19490000,83.00000000,0.189
1749263080,0.19500000,22629.00000000,0.189
1749263080,0.19510000,84.00000000,0.189
1749263080,0.19520000,2479.00000000,0.189
1749263080,0.19530000,845.00000000,0.189
1749263080,0.19540000,127.00000000,0.189
1749263080,0.19550000,1770.00000000,0.189
1749263080,0.19560000,97.00000000,0.189
1749263080,0.19570000,54.00000000,0.189
1749263080,0.19580000,1486.00000000,0.189
1749263080,0.19590000,143.00000000,0.189
1749263080,0.19600000,110.00000000,0.189
1749263080,0.19610000,54.00000000,0.189
1749263080,0.19620000,110.00000000,0.189
1749263080,0.19630000,360.00000000,0.189
1749263080,0.19640000,1094.00000000,0.189
1749263080,0.19650000,54.00000000,0.189
1749263080,0.19660000,35.00000000,0.189
1749263080,0.19670000,398.00000000,0.189
1749263080,0.19680000,280.00000000,0.189
1749263080,0.19690000,1448.00000000,0.189
1749263080,0.19700000,57.00000000,0.189
1749263080,0.19710000,43.00000000,0.189
1749263080,0.19720000,175.00000000,0.189
1749263080,0.19730000,267.00000000,0.189
1749263080,0.19740000,1346.00000000,0.189
1749263080,0.19750000,2697.00000000,0.189
1749263080,0.19760000,223.00000000,0.189
1749263080,0.19780000,101.00000000,0.189
1749263080,0.19790000,1869.00000000,0.189
1749263080,0.19800000,732.00000000,0.189
1749263080,0.19810000,230.00000000,0.189
1749263080,0.19820000,8133.00000000,0.189
1749263080,0.19830000,227.00000000,0.189
1749263080,0.19840000,126.00000000,0.189
1749263080,0.19850000,301.00000000,0.189
1749263080,0.19860000,102.00000000,0.189
1749263080,0.19880000,326.00000000,0.189
1749263080,0.19890000,99.00000000,0.189
1749263080,0.19900000,1843.00000000,0.189
1749263080,0.19910000,43.00000000,0.189
1749263382,0.18890000,3469.00000000,0.1889
1749263382,0.18900000,48216.00000000,0.1889
1749263382,0.18910000,71323.00000000,0.1889
1749263382,0.18920000,73618.00000000,0.1889
1749263382,0.18930000,113739.00000000,0.1889
1749263382,0.18940000,56236.00000000,0.1889
1749263382,0.18950000,70392.00000000,0.1889
1749263382,0.18960000,146106.00000000,0.1889
1749263382,0.18970000,10581.00000000,0.1889
1749263382,0.18980000,19370.00000000,0.1889
1749263382,0.18990000,79558.00000000,0.1889
1749263382,0.19000000,23344.00000000,0.1889
1749263382,0.19010000,11254.00000000,0.1889
1749263382,0.19020000,16203.00000000,0.1889
1749263382,0.19030000,6701.00000000,0.1889
1749263382,0.19040000,23494.00000000,0.1889
1749263382,0.19050000,23208.00000000,0.1889
1749263382,0.19060000,3154.00000000,0.1889
1749263382,0.19070000,9106.00000000,0.1889
1749263382,0.19080000,3863.00000000,0.1889
1749263382,0.19090000,8656.00000000,0.1889
1749263382,0.19100000,9177.00000000,0.1889
1749263382,0.19110000,4495.00000000,0.1889
1749263382,0.19120000,17954.00000000,0.1889
1749263382,0.19130000,8494.00000000,0.1889
1749263382,0.19140000,11413.00000000,0.1889
1749263382,0.19150000,6553.00000000,0.1889
1749263382,0.19160000,8594.00000000,0.1889
1749263382,0.19170000,2575.00000000,0.1889
1749263382,0.19180000,187.00000000,0.1889
1749263382,0.19190000,5494.00000000,0.1889
1749263382,0.19200000,531.00000000,0.1889
1749263382,0.19210000,340.00000000,0.1889
1749263382,0.19220000,7746.00000000,0.1889
1749263382,0.19230000,1603.00000000,0.1889
1749263382,0.19240000,7934.00000000,0.1889
1749263382,0.19250000,5394.00000000,0.1889
1749263382,0.19260000,1975.00000000,0.1889
1749263382,0.19270000,1412.00000000,0.1889
1749263382,0.19280000,153.00000000,0.1889
1749263382,0.19290000,4621.00000000,0.1889
1749263382,0.19300000,173.00000000,0.1889
1749263382,0.19310000,86.00000000,0.1889
1749263382,0.19320000,680.00000000,0.1889
1749263382,0.19330000,267.00000000,0.1889
1749263382,0.19340000,54.00000000,0.1889
1749263382,0.19350000,210.00000000,0.1889
1749263382,0.19360000,2026.00000000,0.1889
1749263382,0.19370000,92.00000000,0.1889
1749263382,0.19380000,221.00000000,0.1889
1749263382,0.19390000,54.00000000,0.1889
1749263382,0.19400000,3114.00000000,0.1889
1749263382,0.19410000,428.00000000,0.1889
1749263382,0.19420000,5510.00000000,0.1889
1749263382,0.19430000,2802.00000000,0.1889
1749263382,0.19440000,97.00000000,0.1889
1749263382,0.19450000,749.00000000,0.1889
1749263382,0.19460000,90.00000000,0.1889
1749263382,0.19470000,164.00000000,0.1889
1749263382,0.19480000,190.00000000,0.1889
1749263382,0.19490000,83.00000000,0.1889
1749263382,0.19500000,22629.00000000,0.1889
1749263382,0.19510000,84.00000000,0.1889
1749263382,0.19520000,2479.00000000,0.1889
1749263382,0.19530000,845.00000000,0.1889
1749263382,0.19540000,127.00000000,0.1889
1749263382,0.19550000,1770.00000000,0.1889
1749263382,0.19560000,97.00000000,0.1889
1749263382,0.19570000,54.00000000,0.1889
1749263382,0.19580000,1486.00000000,0.1889
1749263382,0.19590000,143.00000000,0.1889
1749263382,0.19600000,110.00000000,0.1889
1749263382,0.19610000,54.00000000,0.1889
1749263382,0.19620000,110.00000000,0.1889
1749263382,0.19630000,360.00000000,0.1889
1749263382,0.19640000,1094.00000000,0.1889
1749263382,0.19660000,35.00000000,0.1889
1749263382,0.19670000,398.00000000,0.1889
1749263382,0.19680000,280.00000000,0.1889
1749263382,0.19690000,1448.00000000,0.1889
1749263382,0.19700000,57.00000000,0.1889
1749263382,0.19710000,43.00000000,0.1889
1749263382,0.19720000,175.00000000,0.1889
1749263382,0.19730000,267.00000000,0.1889
1749263382,0.19740000,1346.00000000,0.1889
1749263382,0.19750000,2697.00000000,0.1889
1749263382,0.19760000,223.00000000,0.1889
1749263382,0.19780000,101.00000000,0.1889
1749263382,0.19790000,1869.00000000,0.1889
1749263382,0.19800000,732.00000000,0.1889
1749263382,0.19810000,230.00000000,0.1889
1749263382,0.19820000,8133.00000000,0.1889
1749263382,0.19830000,227.00000000,0.1889
1749263382,0.19840000,126.00000000,0.1889
1749263382,0.19850000,301.00000000,0.1889
1749263382,0.19860000,102.00000000,0.1889
1749263382,0.19880000,326.00000000,0.1889
1749263382,0.19890000,99.00000000,0.1889
1749263382,0.19900000,1843.00000000,0.1889
1749263382,0.19910000,43.00000000,0.1889
1749263683,0.18860000,12228.00000000,0.1886
1749263683,0.18870000,51090.00000000,0.1886
1749263683,0.18880000,62466.00000000,0.1886
1749263683,0.18890000,119422.00000000,0.1886
1749263683,0.18900000,121587.00000000,0.1886
1749263683,0.18910000,99741.00000000,0.1886
1749263683,0.18920000,31744.00000000,0.1886
1749263683,0.18930000,98113.00000000,0.1886
1749263683,0.18940000,71243.00000000,0.1886
1749263683,0.18950000,11007.00000000,0.1886
1749263683,0.18960000,98302.00000000,0.1886
1749263683,0.18970000,18757.00000000,0.1886
1749263683,0.18980000,15918.00000000,0.1886
1749263683,0.18990000,10625.00000000,0.1886
1749263683,0.19000000,22554.00000000,0.1886
1749263683,0.19010000,10582.00000000,0.1886
1749263683,0.19020000,12822.00000000,0.1886
1749263683,0.19030000,3320.00000000,0.1886
1749263683,0.19040000,16161.00000000,0.1886
1749263683,0.19050000,23208.00000000,0.1886
1749263683,0.19060000,3154.00000000,0.1886
1749263683,0.19070000,9106.00000000,0.1886
1749263683,0.19080000,3863.00000000,0.1886
1749263683,0.19090000,8656.00000000,0.1886
1749263683,0.19100000,9177.00000000,0.1886
1749263683,0.19110000,4495.00000000,0.1886
1749263683,0.19120000,17954.00000000,0.1886
1749263683,0.19130000,8494.00000000,0.1886
1749263683,0.19140000,8353.00000000,0.1886
1749263683,0.19150000,3493.00000000,0.1886
1749263683,0.19160000,5534.00000000,0.1886
1749263683,0.19170000,2575.00000000,0.1886
1749263683,0.19180000,187.00000000,0.1886
1749263683,0.19190000,5494.00000000,0.1886
1749263683,0.19200000,531.00000000,0.1886
1749263683,0.19210000,340.00000000,0.1886
1749263683,0.19220000,7746.00000000,0.1886
1749263683,0.19230000,1603.00000000,0.1886
1749263683,0.19240000,10208.00000000,0.1886
1749263683,0.19250000,5394.00000000,0.1886
1749263683,0.19260000,1975.00000000,0.1886
1749263683,0.19270000,1412.00000000,0.1886
1749263683,0.19280000,153.00000000,0.1886
1749263683,0.19290000,2347.00000000,0.1886
1749263683,0.19300000,173.00000000,0.1886
1749263683,0.19310000,86.00000000,0.1886
1749263683,0.19320000,680.00000000,0.1886
1749263683,0.19330000,267.00000000,0.1886
1749263683,0.19340000,54.00000000,0.1886
1749263683,0.19350000,210.00000000,0.1886
1749263683,0.19360000,2026.00000000,0.1886
1749263683,0.19370000,5342.00000000,0.1886
1749263683,0.19380000,1497.00000000,0.1886
1749263683,0.19390000,54.00000000,0.1886
1749263683,0.19400000,3114.00000000,0.1886
1749263683,0.19410000,428.00000000,0.1886
1749263683,0.19420000,260.00000000,0.1886
1749263683,0.19430000,1526.00000000,0.1886
1749263683,0.19440000,97.00000000,0.1886
1749263683,0.19450000,749.00000000,0.1886
1749263683,0.19460000,90.00000000,0.1886
1749263683,0.19470000,164.00000000,0.1886
1749263683,0.19480000,190.00000000,0.1886
1749263683,0.19490000,83.00000000,0.1886
1749263683,0.19500000,22629.00000000,0.1886
1749263683,0.19510000,84.00000000,0.1886
1749263683,0.19520000,2479.00000000,0.1886
1749263683,0.19530000,845.00000000,0.1886
1749263683,0.19540000,127.00000000,0.1886
1749263683,0.19550000,1770.00000000,0.1886
1749263683,0.19560000,97.00000000,0.1886
1749263683,0.19570000,54.00000000,0.1886
1749263683,0.19580000,1486.00000000,0.1886
1749263683,0.19590000,143.00000000,0.1886
1749263683,0.19600000,110.00000000,0.1886
1749263683,0.19610000,54.00000000,0.1886
1749263683,0.19620000,56.00000000,0.1886
1749263683,0.19630000,306.00000000,0.1886
1749263683,0.19640000,1040.00000000,0.1886
1749263683,0.19660000,35.00000000,0.1886
1749263683,0.19670000,398.00000000,0.1886
1749263683,0.19680000,280.00000000,0.1886
1749263683,0.19690000,1448.00000000,0.1886
1749263683,0.19700000,57.00000000,0.1886
1749263683,0.19710000,43.00000000,0.1886
1749263683,0.19720000,175.00000000,0.1886
1749263683,0.19730000,267.00000000,0.1886
1749263683,0.19740000,1346.00000000,0.1886
1749263683,0.19750000,2697.00000000,0.1886
1749263683,0.19760000,223.00000000,0.1886
1749263683,0.19780000,101.00000000,0.1886
1749263683,0.19790000,1869.00000000,0.1886
1749263683,0.19800000,732.00000000,0.1886
1749263683,0.19810000,230.00000000,0.1886
1749263683,0.19820000,8133.00000000,0.1886
1749263683,0.19830000,227.00000000,0.1886
1749263683,0.19840000,126.00000000,0.1886
1749263683,0.19850000,301.00000000,0.1886
1749263683,0.19860000,102.00000000,0.1886
1749263683,0.19880000,326.00000000,0.1886
1749263985,0.18890000,14886.00000000,0.1889
1749263985,0.18900000,45246.00000000,0.1889
1749263985,0.18910000,72269.00000000,0.1889
1749263985,0.18920000,106675.00000000,0.1889
1749263985,0.18930000,54459.00000000,0.1889
1749263985,0.18940000,77392.00000000,0.1889
1749263985,0.18950000,112528.00000000,0.1889
1749263985,0.18960000,172887.00000000,0.1889
1749263985,0.18970000,10581.00000000,0.1889
1749263985,0.18980000,15918.00000000,0.1889
1749263985,0.18990000,10625.00000000,0.1889
1749263985,0.19000000,23887.00000000,0.1889
1749263985,0.19010000,10582.00000000,0.1889
1749263985,0.19020000,12822.00000000,0.1889
1749263985,0.19030000,3320.00000000,0.1889
1749263985,0.19040000,23494.00000000,0.1889
1749263985,0.19050000,23208.00000000,0.1889
1749263985,0.19060000,3154.00000000,0.1889
1749263985,0.19070000,9106.00000000,0.1889
1749263985,0.19080000,3863.00000000,0.1889
1749263985,0.19090000,8656.00000000,0.1889
1749263985,0.19100000,9177.00000000,0.1889
1749263985,0.19110000,4495.00000000,0.1889
1749263985,0.19120000,17954.00000000,0.1889
1749263985,0.19130000,8494.00000000,0.1889
1749263985,0.19140000,11413.00000000,0.1889
1749263985,0.19150000,6553.00000000,0.1889
1749263985,0.19160000,8594.00000000,0.1889
1749263985,0.19170000,2575.00000000,0.1889
1749263985,0.19180000,187.00000000,0.1889
1749263985,0.19190000,5494.00000000,0.1889
1749263985,0.19200000,531.00000000,0.1889
1749263985,0.19210000,309.00000000,0.1889
1749263985,0.19220000,7746.00000000,0.1889
1749263985,0.19230000,1603.00000000,0.1889
1749263985,0.19240000,7934.00000000,0.1889
1749263985,0.19250000,5394.00000000,0.1889
1749263985,0.19260000,1975.00000000,0.1889
1749263985,0.19270000,1412.00000000,0.1889
1749263985,0.19280000,153.00000000,0.1889
1749263985,0.19290000,4621.00000000,0.1889
1749263985,0.19300000,173.00000000,0.1889
1749263985,0.19310000,86.00000000,0.1889
1749263985,0.19320000,680.00000000,0.1889
1749263985,0.19330000,267.00000000,0.1889
1749263985,0.19340000,54.00000000,0.1889
1749263985,0.19350000,133.00000000,0.1889
1749263985,0.19360000,2026.00000000,0.1889
1749263985,0.19370000,92.00000000,0.1889
1749263985,0.19380000,1497.00000000,0.1889
1749263985,0.19390000,54.00000000,0.1889
1749263985,0.19400000,3073.00000000,0.1889
1749263985,0.19410000,428.00000000,0.1889
1749263985,0.19420000,5510.00000000,0.1889
1749263985,0.19430000,1526.00000000,0.1889
1749263985,0.19440000,97.00000000,0.1889
1749263985,0.19450000,749.00000000,0.1889
1749263985,0.19460000,54.00000000,0.1889
1749263985,0.19470000,164.00000000,0.1889
1749263985,0.19480000,190.00000000,0.1889
1749263985,0.19490000,83.00000000,0.1889
1749263985,0.19500000,22629.00000000,0.1889
1749263985,0.19510000,84.00000000,0.1889
1749263985,0.19520000,2479.00000000,0.1889
1749263985,0.19530000,845.00000000,0.1889
1749263985,0.19540000,127.00000000,0.1889
1749263985,0.19550000,1770.00000000,0.1889
1749263985,0.19560000,97.00000000,0.1889
1749263985,0.19570000,54.00000000,0.1889
1749263985,0.19580000,1486.00000000,0.1889
1749263985,0.19590000,92.00000000,0.1889
1749263985,0.19600000,110.00000000,0.1889
1749263985,0.19610000,54.00000000,0.1889
1749263985,0.19620000,110.00000000,0.1889
1749263985,0.19630000,360.00000000,0.1889
1749263985,0.19640000,1094.00000000,0.1889
1749263985,0.19660000,35.00000000,0.1889
1749263985,0.19670000,398.00000000,0.1889
1749263985,0.19680000,280.00000000,0.1889
1749263985,0.19690000,1448.00000000,0.1889
1749263985,0.19700000,57.00000000,0.1889
1749263985,0.19710000,43.00000000,0.1889
1749263985,0.19720000,175.00000000,0.1889
1749263985,0.19730000,175.00000000,0.1889
1749263985,0.19740000,1346.00000000,0.1889
1749263985,0.19750000,2697.00000000,0.1889
1749263985,0.19760000,223.00000000,0.1889
1749263985,0.19780000,101.00000000,0.1889
1749263985,0.19790000,1869.00000000,0.1889
1749263985,0.19800000,732.00000000,0.1889
1749263985,0.19810000,230.00000000,0.1889
1749263985,0.19820000,8133.00000000,0.1889
1749263985,0.19830000,227.00000000,0.1889
1749263985,0.19840000,86.00000000,0.1889
1749263985,0.19850000,301.00000000,0.1889
1749263985,0.19860000,102.00000000,0.1889
1749263985,0.19880000,326.00000000,0.1889
1749263985,0.19890000,99.00000000,0.1889
1749263985,0.19900000,1843.00000000,0.1889
1749263985,0.19910000,43.00000000,0.1889
1749264286,0.18840000,18469.00000000,0.1884
1749264286,0.18850000,29742.00000000,0.1884
1749264286,0.18860000,59908.00000000,0.1884
1749264286,0.18870000,71922.00000000,0.1884
1749264286,0.18880000,32088.00000000,0.1884
1749264286,0.18890000,36027.00000000,0.1884
1749264286,0.18900000,94654.00000000,0.1884
1749264286,0.18910000,127729.00000000,0.1884
1749264286,0.18920000,40288.00000000,0.1884
1749264286,0.18930000,79151.00000000,0.1884
1749264286,0.18940000,16595.00000000,0.1884
1749264286,0.18950000,10335.00000000,0.1884
1749264286,0.18960000,85047.00000000,0.1884
1749264286,0.18970000,18641.00000000,0.1884
1749264286,0.18980000,15918.00000000,0.1884
1749264286,0.18990000,17978.00000000,0.1884
1749264286,0.19000000,15205.00000000,0.1884
1749264286,0.19010000,7199.00000000,0.1884
1749264286,0.19020000,12822.00000000,0.1884
1749264286,0.19030000,3320.00000000,0.1884
1749264286,0.19040000,16161.00000000,0.1884
1749264286,0.19050000,23208.00000000,0.1884
1749264286,0.19060000,3154.00000000,0.1884
1749264286,0.19070000,9106.00000000,0.1884
1749264286,0.19080000,3863.00000000,0.1884
1749264286,0.19090000,8656.00000000,0.1884
1749264286,0.19100000,9177.00000000,0.1884
1749264286,0.19110000,4495.00000000,0.1884
1749264286,0.19120000,17954.00000000,0.1884
1749264286,0.19130000,5434.00000000,0.1884
1749264286,0.19140000,8353.00000000,0.1884
1749264286,0.19150000,3493.00000000,0.1884
1749264286,0.19160000,5534.00000000,0.1884
1749264286,0.19170000,2575.00000000,0.1884
1749264286,0.19180000,187.00000000,0.1884
1749264286,0.19190000,5494.00000000,0.1884
1749264286,0.19200000,531.00000000,0.1884
1749264286,0.19210000,309.00000000,0.1884
1749264286,0.19220000,7746.00000000,0.1884
1749264286,0.19230000,1603.00000000,0.1884
1749264286,0.19240000,10208.00000000,0.1884
1749264286,0.19250000,5394.00000000,0.1884
1749264286,0.19260000,1975.00000000,0.1884
1749264286,0.19270000,1412.00000000,0.1884
1749264286,0.19280000,153.00000000,0.1884
1749264286,0.19290000,2347.00000000,0.1884
1749264286,0.19300000,173.00000000,0.1884
1749264286,0.19310000,86.00000000,0.1884
1749264286,0.19320000,680.00000000,0.1884
1749264286,0.19330000,267.00000000,0.1884
1749264286,0.19340000,54.00000000,0.1884
1749264286,0.19350000,133.00000000,0.1884
1749264286,0.19360000,2026.00000000,0.1884
1749264286,0.19370000,5342.00000000,0.1884
1749264286,0.19380000,1497.00000000,0.1884
1749264286,0.19390000,54.00000000,0.1884
1749264286,0.19400000,3073.00000000,0.1884
1749264286,0.19410000,428.00000000,0.1884
1749264286,0.19420000,260.00000000,0.1884
1749264286,0.19430000,1526.00000000,0.1884
1749264286,0.19440000,97.00000000,0.1884
1749264286,0.19450000,749.00000000,0.1884
1749264286,0.19460000,54.00000000,0.1884
1749264286,0.19470000,164.00000000,0.1884
1749264286,0.19480000,190.00000000,0.1884
1749264286,0.19490000,83.00000000,0.1884
1749264286,0.19500000,22629.00000000,0.1884
1749264286,0.19510000,84.00000000,0.1884
1749264286,0.19520000,2479.00000000,0.1884
1749264286,0.19530000,845.00000000,0.1884
1749264286,0.19540000,127.00000000,0.1884
1749264286,0.19550000,1770.00000000,0.1884
1749264286,0.19560000,97.00000000,0.1884
1749264286,0.19570000,54.00000000,0.1884
1749264286,0.19580000,1486.00000000,0.1884
1749264286,0.19590000,92.00000000,0.1884
1749264286,0.19600000,56.00000000,0.1884
1749264286,0.19620000,56.00000000,0.1884
1749264286,0.19630000,306.00000000,0.1884
1749264286,0.19640000,1040.00000000,0.1884
1749264286,0.19660000,35.00000000,0.1884
1749264286,0.19670000,398.00000000,0.1884
1749264286,0.19680000,280.00000000,0.1884
1749264286,0.19690000,1448.00000000,0.1884
1749264286,0.19700000,57.00000000,0.1884
1749264286,0.19710000,43.00000000,0.1884
1749264286,0.19720000,175.00000000,0.1884
1749264286,0.19730000,175.00000000,0.1884
1749264286,0.19740000,1346.00000000,0.1884
1749264286,0.19750000,2697.00000000,0.1884
1749264286,0.19760000,223.00000000,0.1884
1749264286,0.19780000,101.00000000,0.1884
1749264286,0.19790000,1869.00000000,0.1884
1749264286,0.19800000,732.00000000,0.1884
1749264286,0.19810000,230.00000000,0.1884
1749264286,0.19820000,8133.00000000,0.1884
1749264286,0.19830000,227.00000000,0.1884
1749264286,0.19840000,86.00000000,0.1884
1749264286,0.19850000,301.00000000,0.1884
1749264286,0.19860000,102.00000000,0.1884
1749264588,0.18870000,10972.00000000,0.1886
1749264588,0.18880000,29650.00000000,0.1886
1749264588,0.18890000,44905.00000000,0.1886
1749264588,0.18900000,97866.00000000,0.1886
1749264588,0.18910000,69265.00000000,0.1886
1749264588,0.18920000,50582.00000000,0.1886
1749264588,0.18930000,148624.00000000,0.1886
1749264588,0.18940000,90282.00000000,0.1886
1749264588,0.18950000,10335.00000000,0.1886
1749264588,0.18960000,98302.00000000,0.1886
1749264588,0.18970000,10581.00000000,0.1886
1749264588,0.18980000,15918.00000000,0.1886
1749264588,0.18990000,10629.00000000,0.1886
1749264588,0.19000000,23381.00000000,0.1886
1749264588,0.19010000,7199.00000000,0.1886
1749264588,0.19020000,12822.00000000,0.1886
1749264588,0.19030000,10657.00000000,0.1886
1749264588,0.19040000,16161.00000000,0.1886
1749264588,0.19050000,23208.00000000,0.1886
1749264588,0.19060000,3154.00000000,0.1886
1749264588,0.19070000,9106.00000000,0.1886
1749264588,0.19080000,3863.00000000,0.1886
1749264588,0.19090000,8656.00000000,0.1886
1749264588,0.19100000,9177.00000000,0.1886
1749264588,0.19110000,4495.00000000,0.1886
1749264588,0.19120000,17954.00000000,0.1886
1749264588,0.19130000,8494.00000000,0.1886
1749264588,0.19140000,11413.00000000,0.1886
1749264588,0.19150000,6553.00000000,0.1886
1749264588,0.19160000,5534.00000000,0.1886
1749264588,0.19170000,2575.00000000,0.1886
1749264588,0.19180000,187.00000000,0.1886
1749264588,0.19190000,5494.00000000,0.1886
1749264588,0.19200000,531.00000000,0.1886
1749264588,0.19210000,309.00000000,0.1886
1749264588,0.19220000,7746.00000000,0.1886
1749264588,0.19230000,1603.00000000,0.1886
1749264588,0.19240000,10208.00000000,0.1886
1749264588,0.19250000,5394.00000000,0.1886
1749264588,0.19260000,1975.00000000,0.1886
1749264588,0.19270000,1412.00000000,0.1886
1749264588,0.19280000,153.00000000,0.1886
1749264588,0.19290000,2347.00000000,0.1886
1749264588,0.19300000,173.00000000,0.1886
1749264588,0.19310000,86.00000000,0.1886
1749264588,0.19320000,680.00000000,0.1886
1749264588,0.19330000,267.00000000,0.1886
1749264588,0.19340000,54.00000000,0.1886
1749264588,0.19350000,133.00000000,0.1886
1749264588,0.19360000,2026.00000000,0.1886
1749264588,0.19370000,5342.00000000,0.1886
1749264588,0.19380000,1497.00000000,0.1886
1749264588,0.19390000,54.00000000,0.1886
1749264588,0.19400000,3073.00000000,0.1886
1749264588,0.19410000,428.00000000,0.1886
1749264588,0.19420000,260.00000000,0.1886
1749264588,0.19430000,1526.00000000,0.1886
1749264588,0.19440000,97.00000000,0.1886
1749264588,0.19450000,749.00000000,0.1886
1749264588,0.19460000,54.00000000,0.1886
1749264588,0.19470000,164.00000000,0.1886
1749264588,0.19480000,190.00000000,0.1886
1749264588,0.19490000,83.00000000,0.1886
1749264588,0.19500000,22629.00000000,0.1886
1749264588,0.19510000,84.00000000,0.1886
1749264588,0.19520000,2479.00000000,0.1886
1749264588,0.19530000,845.00000000,0.1886
1749264588,0.19540000,127.00000000,0.1886
1749264588,0.19550000,1770.00000000,0.1886
1749264588,0.19560000,97.00000000,0.1886
1749264588,0.19570000,54.00000000,0.1886
1749264588,0.19580000,1486.00000000,0.1886
1749264588,0.19590000,92.00000000,0.1886
1749264588,0.19600000,110.00000000,0.1886
1749264588,0.19610000,54.00000000,0.1886
1749264588,0.19620000,110.00000000,0.1886
1749264588,0.19630000,306.00000000,0.1886
1749264588,0.19640000,1040.00000000,0.1886
1749264588,0.19660000,35.00000000,0.1886
1749264588,0.19670000,398.00000000,0.1886
1749264588,0.19680000,280.00000000,0.1886
1749264588,0.19690000,1448.00000000,0.1886
1749264588,0.19700000,57.00000000,0.1886
1749264588,0.19710000,43.00000000,0.1886
1749264588,0.19720000,175.00000000,0.1886
1749264588,0.19730000,175.00000000,0.1886
1749264588,0.19740000,1346.00000000,0.1886
1749264588,0.19750000,2697.00000000,0.1886
1749264588,0.19760000,223.00000000,0.1886
1749264588,0.19780000,101.00000000,0.1886
1749264588,0.19790000,1869.00000000,0.1886
1749264588,0.19800000,732.00000000,0.1886
1749264588,0.19810000,230.00000000,0.1886
1749264588,0.19820000,8133.00000000,0.1886
1749264588,0.19830000,227.00000000,0.1886
1749264588,0.19840000,86.00000000,0.1886
1749264588,0.19850000,301.00000000,0.1886
1749264588,0.19860000,102.00000000,0.1886
1749264588,0.19880000,326.00000000,0.1886
1749264588,0.19890000,99.00000000,0.1886
1749264889,0.18940000,15568.00000000,0.1893
1749264889,0.18950000,73245.00000000,0.1893
1749264889,0.18960000,91578.00000000,0.1893
1749264889,0.18970000,53825.00000000,0.1893
1749264889,0.18980000,47088.00000000,0.1893
1749264889,0.18990000,58174.00000000,0.1893
1749264889,0.19000000,215487.00000000,0.1893
1749264889,0.19010000,23837.00000000,0.1893
1749264889,0.19020000,16205.00000000,0.1893
1749264889,0.19030000,14759.00000000,0.1893
1749264889,0.19040000,18031.00000000,0.1893
1749264889,0.19050000,28906.00000000,0.1893
1749264889,0.19060000,7159.00000000,0.1893
1749264889,0.19070000,9106.00000000,0.1893
1749264889,0.19080000,11181.00000000,0.1893
1749264889,0.19090000,8656.00000000,0.1893
1749264889,0.19100000,9177.00000000,0.1893
1749264889,0.19110000,4495.00000000,0.1893
1749264889,0.19120000,4740.00000000,0.1893
1749264889,0.19130000,8494.00000000,0.1893
1749264889,0.19140000,4130.00000000,0.1893
1749264889,0.19150000,6553.00000000,0.1893
1749264889,0.19160000,8594.00000000,0.1893
1749264889,0.19170000,20607.00000000,0.1893
1749264889,0.19180000,187.00000000,0.1893
1749264889,0.19190000,8554.00000000,0.1893
1749264889,0.19200000,7814.00000000,0.1893
1749264889,0.19210000,3369.00000000,0.1893
1749264889,0.19220000,7746.00000000,0.1893
1749264889,0.19230000,1603.00000000,0.1893
1749264889,0.19240000,7934.00000000,0.1893
1749264889,0.19250000,5394.00000000,0.1893
1749264889,0.19260000,1975.00000000,0.1893
1749264889,0.19270000,1412.00000000,0.1893
1749264889,0.19280000,153.00000000,0.1893
1749264889,0.19290000,4621.00000000,0.1893
1749264889,0.19300000,173.00000000,0.1893
1749264889,0.19310000,86.00000000,0.1893
1749264889,0.19320000,680.00000000,0.1893
1749264889,0.19330000,267.00000000,0.1893
1749264889,0.19340000,54.00000000,0.1893
1749264889,0.19350000,86.00000000,0.1893
1749264889,0.19360000,2026.00000000,0.1893
1749264889,0.19370000,92.00000000,0.1893
1749264889,0.19380000,180.00000000,0.1893
1749264889,0.19390000,54.00000000,0.1893
1749264889,0.19400000,3073.00000000,0.1893
1749264889,0.19410000,428.00000000,0.1893
1749264889,0.19420000,5510.00000000,0.1893
1749264889,0.19430000,2802.00000000,0.1893
1749264889,0.19440000,97.00000000,0.1893
1749264889,0.19450000,749.00000000,0.1893
1749264889,0.19460000,54.00000000,0.1893
1749264889,0.19470000,164.00000000,0.1893
1749264889,0.19480000,190.00000000,0.1893
1749264889,0.19490000,83.00000000,0.1893
1749264889,0.19500000,22629.00000000,0.1893
1749264889,0.19510000,84.00000000,0.1893
1749264889,0.19520000,2479.00000000,0.1893
1749264889,0.19530000,845.00000000,0.1893
1749264889,0.19540000,127.00000000,0.1893
1749264889,0.19550000,1770.00000000,0.1893
1749264889,0.19560000,97.00000000,0.1893
1749264889,0.19570000,54.00000000,0.1893
1749264889,0.19580000,1486.00000000,0.1893
1749264889,0.19590000,92.00000000,0.1893
1749264889,0.19600000,110.00000000,0.1893
1749264889,0.19610000,54.00000000,0.1893
1749264889,0.19620000,110.00000000,0.1893
1749264889,0.19630000,360.00000000,0.1893
1749264889,0.19640000,1094.00000000,0.1893
1749264889,0.19650000,54.00000000,0.1893
1749264889,0.19660000,89.00000000,0.1893
1749264889,0.19670000,452.00000000,0.1893
1749264889,0.19680000,333.00000000,0.1893
1749264889,0.19690000,1501.00000000,0.1893
1749264889,0.19700000,57.00000000,0.1893
1749264889,0.19710000,43.00000000,0.1893
1749264889,0.19720000,175.00000000,0.1893
1749264889,0.19730000,114.00000000,0.1893
1749264889,0.19740000,1346.00000000,0.1893
1749264889,0.19750000,2697.00000000,0.1893
1749264889,0.19760000,172.00000000,0.1893
1749264889,0.19780000,101.00000000,0.1893
1749264889,0.19790000,1869.00000000,0.1893
1749264889,0.19800000,732.00000000,0.1893
1749264889,0.19810000,230.00000000,0.1893
1749264889,0.19820000,8133.00000000,0.1893
1749264889,0.19830000,227.00000000,0.1893
1749264889,0.19840000,86.00000000,0.1893
1749264889,0.19850000,301.00000000,0.1893
1749264889,0.19860000,102.00000000,0.1893
1749264889,0.19880000,326.00000000,0.1893
1749264889,0.19890000,99.00000000,0.1893
1749264889,0.19900000,1843.00000000,0.1893
1749264889,0.19910000,43.00000000,0.1893
1749264889,0.19920000,11715.00000000,0.1893
1749264889,0.19930000,161.00000000,0.1893
1749264889,0.19940000,114.00000000,0.1893
1749264889,0.19950000,120.00000000,0.1893
1749265191,0.18930000,10634.00000000,0.1893
1749265191,0.18940000,46954.00000000,0.1893
1749265191,0.18950000,56353.00000000,0.1893
1749265191,0.18960000,70894.00000000,0.1893
1749265191,0.18970000,58920.00000000,0.1893
1749265191,0.18980000,57474.00000000,0.1893
1749265191,0.18990000,82541.00000000,0.1893
1749265191,0.19000000,214601.00000000,0.1893
1749265191,0.19010000,23837.00000000,0.1893
1749265191,0.19020000,16205.00000000,0.1893
1749265191,0.19030000,6700.00000000,0.1893
1749265191,0.19040000,18703.00000000,0.1893
1749265191,0.19050000,28946.00000000,0.1893
1749265191,0.19060000,18529.00000000,0.1893
1749265191,0.19070000,9106.00000000,0.1893
1749265191,0.19080000,15186.00000000,0.1893
1749265191,0.19090000,8656.00000000,0.1893
1749265191,0.19100000,9177.00000000,0.1893
1749265191,0.19110000,4495.00000000,0.1893
1749265191,0.19120000,4740.00000000,0.1893
1749265191,0.19130000,8494.00000000,0.1893
1749265191,0.19140000,4130.00000000,0.1893
1749265191,0.19150000,6553.00000000,0.1893
1749265191,0.19160000,8594.00000000,0.1893
1749265191,0.19170000,20607.00000000,0.1893
1749265191,0.19180000,187.00000000,0.1893
1749265191,0.19190000,8554.00000000,0.1893
1749265191,0.19200000,7814.00000000,0.1893
1749265191,0.19210000,3369.00000000,0.1893
1749265191,0.19220000,10806.00000000,0.1893
1749265191,0.19230000,1603.00000000,0.1893
1749265191,0.19240000,7934.00000000,0.1893
1749265191,0.19250000,5394.00000000,0.1893
1749265191,0.19260000,1975.00000000,0.1893
1749265191,0.19270000,1412.00000000,0.1893
1749265191,0.19280000,153.00000000,0.1893
1749265191,0.19290000,54.00000000,0.1893
1749265191,0.19300000,173.00000000,0.1893
1749265191,0.19310000,86.00000000,0.1893
1749265191,0.19320000,680.00000000,0.1893
1749265191,0.19330000,267.00000000,0.1893
1749265191,0.19340000,4621.00000000,0.1893
1749265191,0.19350000,86.00000000,0.1893
1749265191,0.19360000,2026.00000000,0.1893
1749265191,0.19370000,92.00000000,0.1893
1749265191,0.19380000,180.00000000,0.1893
1749265191,0.19390000,54.00000000,0.1893
1749265191,0.19400000,3073.00000000,0.1893
1749265191,0.19410000,428.00000000,0.1893
1749265191,0.19420000,5510.00000000,0.1893
1749265191,0.19430000,2802.00000000,0.1893
1749265191,0.19440000,97.00000000,0.1893
1749265191,0.19450000,749.00000000,0.1893
1749265191,0.19460000,54.00000000,0.1893
1749265191,0.19470000,164.00000000,0.1893
1749265191,0.19480000,190.00000000,0.1893
1749265191,0.19490000,83.00000000,0.1893
1749265191,0.19500000,22629.00000000,0.1893
1749265191,0.19510000,84.00000000,0.1893
1749265191,0.19520000,2479.00000000,0.1893
1749265191,0.19530000,845.00000000,0.1893
1749265191,0.19540000,127.00000000,0.1893
1749265191,0.19550000,1770.00000000,0.1893
1749265191,0.19560000,97.00000000,0.1893
1749265191,0.19570000,54.00000000,0.1893
1749265191,0.19580000,1486.00000000,0.1893
1749265191,0.19590000,92.00000000,0.1893
1749265191,0.19600000,110.00000000,0.1893
1749265191,0.19610000,54.00000000,0.1893
1749265191,0.19620000,110.00000000,0.1893
1749265191,0.19630000,360.00000000,0.1893
1749265191,0.19640000,1094.00000000,0.1893
1749265191,0.19650000,54.00000000,0.1893
1749265191,0.19660000,89.00000000,0.1893
1749265191,0.19670000,452.00000000,0.1893
1749265191,0.19680000,333.00000000,0.1893
1749265191,0.19690000,1448.00000000,0.1893
1749265191,0.19700000,57.00000000,0.1893
1749265191,0.19710000,43.00000000,0.1893
1749265191,0.19720000,175.00000000,0.1893
1749265191,0.19730000,114.00000000,0.1893
1749265191,0.19740000,1346.00000000,0.1893
1749265191,0.19750000,2697.00000000,0.1893
1749265191,0.19760000,172.00000000,0.1893
1749265191,0.19780000,101.00000000,0.1893
1749265191,0.19790000,1869.00000000,0.1893
1749265191,0.19800000,732.00000000,0.1893
1749265191,0.19810000,230.00000000,0.1893
1749265191,0.19820000,8133.00000000,0.1893
1749265191,0.19830000,227.00000000,0.1893
1749265191,0.19840000,86.00000000,0.1893
1749265191,0.19850000,301.00000000,0.1893
1749265191,0.19860000,102.00000000,0.1893
1749265191,0.19880000,326.00000000,0.1893
1749265191,0.19890000,99.00000000,0.1893
1749265191,0.19900000,1843.00000000,0.1893
1749265191,0.19910000,43.00000000,0.1893
1749265191,0.19920000,11715.00000000,0.1893
1749265191,0.19930000,161.00000000,0.1893
1749265191,0.19940000,114.00000000,0.1893
1749265492,0.18930000,19118.00000000,0.1893
1749265492,0.18940000,43764.00000000,0.1893
1749265492,0.18950000,48118.00000000,0.1893
1749265492,0.18960000,59136.00000000,0.1893
1749265492,0.18970000,74264.00000000,0.1893
1749265492,0.18980000,44828.00000000,0.1893
1749265492,0.18990000,82541.00000000,0.1893
1749265492,0.19000000,83499.00000000,0.1893
1749265492,0.19010000,84522.00000000,0.1893
1749265492,0.19020000,16205.00000000,0.1893
1749265492,0.19030000,10705.00000000,0.1893
1749265492,0.19040000,85893.00000000,0.1893
1749265492,0.19050000,30494.00000000,0.1893
1749265492,0.19060000,18722.00000000,0.1893
1749265492,0.19070000,12480.00000000,0.1893
1749265492,0.19080000,15186.00000000,0.1893
1749265492,0.19090000,8656.00000000,0.1893
1749265492,0.19100000,9177.00000000,0.1893
1749265492,0.19110000,4495.00000000,0.1893
1749265492,0.19120000,4935.00000000,0.1893
1749265492,0.19130000,8494.00000000,0.1893
1749265492,0.19140000,4130.00000000,0.1893
1749265492,0.19150000,6553.00000000,0.1893
1749265492,0.19160000,8594.00000000,0.1893
1749265492,0.19170000,20607.00000000,0.1893
1749265492,0.19180000,10530.00000000,0.1893
1749265492,0.19190000,8554.00000000,0.1893
1749265492,0.19200000,531.00000000,0.1893
1749265492,0.19210000,3369.00000000,0.1893
1749265492,0.19220000,7746.00000000,0.1893
1749265492,0.19230000,1603.00000000,0.1893
1749265492,0.19240000,7934.00000000,0.1893
1749265492,0.19250000,5394.00000000,0.1893
1749265492,0.19260000,1975.00000000,0.1893
1749265492,0.19270000,1412.00000000,0.1893
1749265492,0.19280000,153.00000000,0.1893
1749265492,0.19290000,54.00000000,0.1893
1749265492,0.19300000,173.00000000,0.1893
1749265492,0.19310000,86.00000000,0.1893
1749265492,0.19320000,680.00000000,0.1893
1749265492,0.19330000,267.00000000,0.1893
1749265492,0.19340000,4621.00000000,0.1893
1749265492,0.19350000,86.00000000,0.1893
1749265492,0.19360000,2026.00000000,0.1893
1749265492,0.19370000,92.00000000,0.1893
1749265492,0.19380000,180.00000000,0.1893
1749265492,0.19390000,54.00000000,0.1893
1749265492,0.19400000,3073.00000000,0.1893
1749265492,0.19410000,428.00000000,0.1893
1749265492,0.19420000,260.00000000,0.1893
1749265492,0.19430000,2802.00000000,0.1893
1749265492,0.19440000,97.00000000,0.1893
1749265492,0.19450000,749.00000000,0.1893
1749265492,0.19460000,54.00000000,0.1893
1749265492,0.19470000,5414.00000000,0.1893
1749265492,0.19480000,190.00000000,0.1893
1749265492,0.19490000,83.00000000,0.1893
1749265492,0.19500000,22629.00000000,0.1893
1749265492,0.19510000,84.00000000,0.1893
1749265492,0.19520000,2479.00000000,0.1893
1749265492,0.19530000,845.00000000,0.1893
1749265492,0.19540000,127.00000000,0.1893
1749265492,0.19550000,1770.00000000,0.1893
1749265492,0.19560000,97.00000000,0.1893
1749265492,0.19570000,54.00000000,0.1893
1749265492,0.19580000,1486.00000000,0.1893
1749265492,0.19590000,92.00000000,0.1893
1749265492,0.19600000,110.00000000,0.1893
1749265492,0.19610000,54.00000000,0.1893
1749265492,0.19620000,110.00000000,0.1893
1749265492,0.19630000,360.00000000,0.1893
1749265492,0.19640000,1094.00000000,0.1893
1749265492,0.19650000,54.00000000,0.1893
1749265492,0.19660000,89.00000000,0.1893
1749265492,0.19670000,452.00000000,0.1893
1749265492,0.19680000,333.00000000,0.1893
1749265492,0.19690000,1448.00000000,0.1893
1749265492,0.19700000,57.00000000,0.1893
1749265492,0.19710000,43.00000000,0.1893
1749265492,0.19720000,175.00000000,0.1893
1749265492,0.19730000,114.00000000,0.1893
1749265492,0.19740000,1346.00000000,0.1893
1749265492,0.19750000,2697.00000000,0.1893
1749265492,0.19760000,172.00000000,0.1893
1749265492,0.19780000,101.00000000,0.1893
1749265492,0.19790000,1869.00000000,0.1893
1749265492,0.19800000,732.00000000,0.1893
1749265492,0.19810000,230.00000000,0.1893
1749265492,0.19820000,8133.00000000,0.1893
1749265492,0.19830000,227.00000000,0.1893
1749265492,0.19840000,86.00000000,0.1893
1749265492,0.19850000,301.00000000,0.1893
1749265492,0.19860000,102.00000000,0.1893
1749265492,0.19880000,326.00000000,0.1893
1749265492,0.19890000,99.00000000,0.1893
1749265492,0.19900000,1843.00000000,0.1893
1749265492,0.19910000,43.00000000,0.1893
1749265492,0.19920000,11715.00000000,0.1893
1749265492,0.19930000,161.00000000,0.1893
1749265492,0.19940000,114.00000000,0.1893
1749265794,0.18930000,14263.00000000,0.1892
1749265794,0.18940000,38301.00000000,0.1892
1749265794,0.18950000,62963.00000000,0.1892
1749265794,0.18960000,51301.00000000,0.1892
1749265794,0.18970000,86619.00000000,0.1892
1749265794,0.18980000,66305.00000000,0.1892
1749265794,0.18990000,80056.00000000,0.1892
1749265794,0.19000000,132533.00000000,0.1892
1749265794,0.19010000,23837.00000000,0.1892
1749265794,0.19020000,16205.00000000,0.1892
1749265794,0.19030000,10705.00000000,0.1892
1749265794,0.19040000,85893.00000000,0.1892
1749265794,0.19050000,30494.00000000,0.1892
1749265794,0.19060000,18722.00000000,0.1892
1749265794,0.19070000,12480.00000000,0.1892
1749265794,0.19080000,15186.00000000,0.1892
1749265794,0.19090000,8656.00000000,0.1892
1749265794,0.19100000,9177.00000000,0.1892
1749265794,0.19110000,4495.00000000,0.1892
1749265794,0.19120000,4935.00000000,0.1892
1749265794,0.19130000,8494.00000000,0.1892
1749265794,0.19140000,4130.00000000,0.1892
1749265794,0.19150000,6553.00000000,0.1892
1749265794,0.19160000,8594.00000000,0.1892
1749265794,0.19170000,20607.00000000,0.1892
1749265794,0.19180000,7470.00000000,0.1892
1749265794,0.19190000,5494.00000000,0.1892
1749265794,0.19200000,531.00000000,0.1892
1749265794,0.19210000,309.00000000,0.1892
1749265794,0.19220000,7746.00000000,0.1892
1749265794,0.19230000,1603.00000000,0.1892
1749265794,0.19240000,7934.00000000,0.1892
1749265794,0.19250000,5394.00000000,0.1892
1749265794,0.19260000,1975.00000000,0.1892
1749265794,0.19270000,1412.00000000,0.1892
1749265794,0.19280000,153.00000000,0.1892
1749265794,0.19290000,54.00000000,0.1892
1749265794,0.19300000,173.00000000,0.1892
1749265794,0.19310000,86.00000000,0.1892
1749265794,0.19320000,680.00000000,0.1892
1749265794,0.19330000,267.00000000,0.1892
1749265794,0.19340000,4621.00000000,0.1892
1749265794,0.19350000,86.00000000,0.1892
1749265794,0.19360000,2026.00000000,0.1892
1749265794,0.19370000,92.00000000,0.1892
1749265794,0.19380000,180.00000000,0.1892
1749265794,0.19390000,54.00000000,0.1892
1749265794,0.19400000,3073.00000000,0.1892
1749265794,0.19410000,428.00000000,0.1892
1749265794,0.19420000,260.00000000,0.1892
1749265794,0.19430000,2802.00000000,0.1892
1749265794,0.19440000,97.00000000,0.1892
1749265794,0.19450000,749.00000000,0.1892
1749265794,0.19460000,54.00000000,0.1892
1749265794,0.19470000,5414.00000000,0.1892
1749265794,0.19480000,190.00000000,0.1892
1749265794,0.19490000,83.00000000,0.1892
1749265794,0.19500000,22629.00000000,0.1892
1749265794,0.19510000,84.00000000,0.1892
1749265794,0.19520000,2479.00000000,0.1892
1749265794,0.19530000,845.00000000,0.1892
1749265794,0.19540000,127.00000000,0.1892
1749265794,0.19550000,1770.00000000,0.1892
1749265794,0.19560000,97.00000000,0.1892
1749265794,0.19570000,54.00000000,0.1892
1749265794,0.19580000,1486.00000000,0.1892
1749265794,0.19590000,92.00000000,0.1892
1749265794,0.19600000,110.00000000,0.1892
1749265794,0.19610000,54.00000000,0.1892
1749265794,0.19620000,110.00000000,0.1892
1749265794,0.19630000,360.00000000,0.1892
1749265794,0.19640000,1094.00000000,0.1892
1749265794,0.19650000,54.00000000,0.1892
1749265794,0.19660000,89.00000000,0.1892
1749265794,0.19670000,452.00000000,0.1892
1749265794,0.19680000,333.00000000,0.1892
1749265794,0.19690000,1448.00000000,0.1892
1749265794,0.19700000,57.00000000,0.1892
1749265794,0.19710000,43.00000000,0.1892
1749265794,0.19720000,175.00000000,0.1892
1749265794,0.19730000,114.00000000,0.1892
1749265794,0.19740000,1346.00000000,0.1892
1749265794,0.19750000,2697.00000000,0.1892
1749265794,0.19760000,172.00000000,0.1892
1749265794,0.19780000,101.00000000,0.1892
1749265794,0.19790000,1869.00000000,0.1892
1749265794,0.19800000,732.00000000,0.1892
1749265794,0.19810000,230.00000000,0.1892
1749265794,0.19820000,8133.00000000,0.1892
1749265794,0.19830000,227.00000000,0.1892
1749265794,0.19840000,86.00000000,0.1892
1749265794,0.19850000,301.00000000,0.1892
1749265794,0.19860000,102.00000000,0.1892
1749265794,0.19880000,326.00000000,0.1892
1749265794,0.19890000,99.00000000,0.1892
1749265794,0.19900000,1843.00000000,0.1892
1749265794,0.19910000,43.00000000,0.1892
1749265794,0.19920000,11715.00000000,0.1892
1749265794,0.19930000,161.00000000,0.1892
1749265794,0.19940000,114.00000000,0.1892
1749266095,0.18940000,22376.00000000,0.1894
1749266095,0.18950000,65016.00000000,0.1894
1749266095,0.18960000,79265.00000000,0.1894
1749266095,0.18970000,76183.00000000,0.1894
1749266095,0.18980000,98572.00000000,0.1894
1749266095,0.18990000,80735.00000000,0.1894
1749266095,0.19000000,42763.00000000,0.1894
1749266095,0.19010000,79157.00000000,0.1894
1749266095,0.19020000,76996.00000000,0.1894
1749266095,0.19030000,10705.00000000,0.1894
1749266095,0.19040000,99178.00000000,0.1894
1749266095,0.19050000,10795.00000000,0.1894
1749266095,0.19060000,18773.00000000,0.1894
1749266095,0.19070000,12480.00000000,0.1894
1749266095,0.19080000,11240.00000000,0.1894
1749266095,0.19090000,8656.00000000,0.1894
1749266095,0.19100000,13182.00000000,0.1894
1749266095,0.19110000,27566.00000000,0.1894
1749266095,0.19120000,4935.00000000,0.1894
1749266095,0.19130000,15793.00000000,0.1894
1749266095,0.19140000,3347.00000000,0.1894
1749266095,0.19150000,6553.00000000,0.1894
1749266095,0.19160000,8594.00000000,0.1894
1749266095,0.19170000,20607.00000000,0.1894
1749266095,0.19180000,10530.00000000,0.1894
1749266095,0.19190000,8554.00000000,0.1894
1749266095,0.19200000,531.00000000,0.1894
1749266095,0.19210000,3369.00000000,0.1894
1749266095,0.19220000,11586.00000000,0.1894
1749266095,0.19230000,304.00000000,0.1894
1749266095,0.19240000,7934.00000000,0.1894
1749266095,0.19250000,5394.00000000,0.1894
1749266095,0.19260000,1975.00000000,0.1894
1749266095,0.19270000,1412.00000000,0.1894
1749266095,0.19280000,153.00000000,0.1894
1749266095,0.19290000,54.00000000,0.1894
1749266095,0.19300000,173.00000000,0.1894
1749266095,0.19310000,86.00000000,0.1894
1749266095,0.19320000,1973.00000000,0.1894
1749266095,0.19330000,267.00000000,0.1894
1749266095,0.19340000,2347.00000000,0.1894
1749266095,0.19350000,86.00000000,0.1894
1749266095,0.19360000,2026.00000000,0.1894
1749266095,0.19370000,92.00000000,0.1894
1749266095,0.19380000,180.00000000,0.1894
1749266095,0.19390000,2328.00000000,0.1894
1749266095,0.19400000,2847.00000000,0.1894
1749266095,0.19410000,428.00000000,0.1894
1749266095,0.19420000,260.00000000,0.1894
1749266095,0.19430000,1526.00000000,0.1894
1749266095,0.19440000,97.00000000,0.1894
1749266095,0.19450000,749.00000000,0.1894
1749266095,0.19460000,54.00000000,0.1894
1749266095,0.19470000,5414.00000000,0.1894
1749266095,0.19480000,1466.00000000,0.1894
1749266095,0.19490000,83.00000000,0.1894
1749266095,0.19500000,22629.00000000,0.1894
1749266095,0.19510000,84.00000000,0.1894
1749266095,0.19520000,2479.00000000,0.1894
1749266095,0.19530000,845.00000000,0.1894
1749266095,0.19540000,127.00000000,0.1894
1749266095,0.19550000,1770.00000000,0.1894
1749266095,0.19560000,97.00000000,0.1894
1749266095,0.19570000,54.00000000,0.1894
1749266095,0.19580000,1486.00000000,0.1894
1749266095,0.19590000,92.00000000,0.1894
1749266095,0.19600000,110.00000000,0.1894
1749266095,0.19610000,54.00000000,0.1894
1749266095,0.19620000,110.00000000,0.1894
1749266095,0.19630000,360.00000000,0.1894
1749266095,0.19640000,1094.00000000,0.1894
1749266095,0.19650000,54.00000000,0.1894
1749266095,0.19660000,89.00000000,0.1894
1749266095,0.19670000,452.00000000,0.1894
1749266095,0.19680000,333.00000000,0.1894
1749266095,0.19690000,1501.00000000,0.1894
1749266095,0.19700000,57.00000000,0.1894
1749266095,0.19710000,43.00000000,0.1894
1749266095,0.19720000,175.00000000,0.1894
1749266095,0.19730000,114.00000000,0.1894
1749266095,0.19740000,1346.00000000,0.1894
1749266095,0.19750000,2697.00000000,0.1894
1749266095,0.19760000,172.00000000,0.1894
1749266095,0.19780000,101.00000000,0.1894
1749266095,0.19790000,1869.00000000,0.1894
1749266095,0.19800000,732.00000000,0.1894
1749266095,0.19810000,230.00000000,0.1894
1749266095,0.19820000,8133.00000000,0.1894
1749266095,0.19830000,227.00000000,0.1894
1749266095,0.19840000,86.00000000,0.1894
1749266095,0.19850000,301.00000000,0.1894
1749266095,0.19860000,102.00000000,0.1894
1749266095,0.19880000,326.00000000,0.1894
1749266095,0.19890000,99.00000000,0.1894
1749266095,0.19900000,1843.00000000,0.1894
1749266095,0.19910000,43.00000000,0.1894
1749266095,0.19920000,11715.00000000,0.1894
1749266095,0.19930000,161.00000000,0.1894
1749266095,0.19940000,114.00000000,0.1894
1749266095,0.19950000,120.00000000,0.1894
1749266397,0.18920000,27471.00000000,0.1892
1749266397,0.18930000,43388.00000000,0.1892
1749266397,0.18940000,58456.00000000,0.1892
1749266397,0.18950000,89958.00000000,0.1892
1749266397,0.18960000,77738.00000000,0.1892
1749266397,0.18970000,51839.00000000,0.1892
1749266397,0.18980000,42838.00000000,0.1892
1749266397,0.18990000,139536.00000000,0.1892
1749266397,0.19000000,15941.00000000,0.1892
1749266397,0.19010000,79157.00000000,0.1892
1749266397,0.19020000,16269.00000000,0.1892
1749266397,0.19030000,14191.00000000,0.1892
1749266397,0.19040000,85893.00000000,0.1892
1749266397,0.19050000,10795.00000000,0.1892
1749266397,0.19060000,18773.00000000,0.1892
1749266397,0.19070000,12480.00000000,0.1892
1749266397,0.19080000,7868.00000000,0.1892
1749266397,0.19090000,8656.00000000,0.1892
1749266397,0.19100000,13182.00000000,0.1892
1749266397,0.19110000,27566.00000000,0.1892
1749266397,0.19120000,4935.00000000,0.1892
1749266397,0.19130000,15793.00000000,0.1892
1749266397,0.19140000,3347.00000000,0.1892
1749266397,0.19150000,6553.00000000,0.1892
1749266397,0.19160000,8594.00000000,0.1892
1749266397,0.19170000,20607.00000000,0.1892
1749266397,0.19180000,10530.00000000,0.1892
1749266397,0.19190000,8554.00000000,0.1892
1749266397,0.19200000,531.00000000,0.1892
1749266397,0.19210000,309.00000000,0.1892
1749266397,0.19220000,8526.00000000,0.1892
1749266397,0.19230000,304.00000000,0.1892
1749266397,0.19240000,7934.00000000,0.1892
1749266397,0.19250000,5394.00000000,0.1892
1749266397,0.19260000,1975.00000000,0.1892
1749266397,0.19270000,1412.00000000,0.1892
1749266397,0.19280000,153.00000000,0.1892
1749266397,0.19290000,54.00000000,0.1892
1749266397,0.19300000,173.00000000,0.1892
1749266397,0.19310000,86.00000000,0.1892
1749266397,0.19320000,1973.00000000,0.1892
1749266397,0.19330000,267.00000000,0.1892
1749266397,0.19340000,2347.00000000,0.1892
1749266397,0.19350000,86.00000000,0.1892
1749266397,0.19360000,2026.00000000,0.1892
1749266397,0.19370000,92.00000000,0.1892
1749266397,0.19380000,180.00000000,0.1892
1749266397,0.19390000,2328.00000000,0.1892
1749266397,0.19400000,2847.00000000,0.1892
1749266397,0.19410000,428.00000000,0.1892
1749266397,0.19420000,260.00000000,0.1892
1749266397,0.19430000,1526.00000000,0.1892
1749266397,0.19440000,97.00000000,0.1892
1749266397,0.19450000,749.00000000,0.1892
1749266397,0.19460000,54.00000000,0.1892
1749266397,0.19470000,5414.00000000,0.1892
1749266397,0.19480000,1466.00000000,0.1892
1749266397,0.19490000,83.00000000,0.1892
1749266397,0.19500000,22629.00000000,0.1892
1749266397,0.19510000,84.00000000,0.1892
1749266397,0.19520000,2479.00000000,0.1892
1749266397,0.19530000,845.00000000,0.1892
1749266397,0.19540000,127.00000000,0.1892
1749266397,0.19550000,1770.00000000,0.1892
1749266397,0.19560000,97.00000000,0.1892
1749266397,0.19570000,54.00000000,0.1892
1749266397,0.19580000,1486.00000000,0.1892
1749266397,0.19590000,92.00000000,0.1892
1749266397,0.19600000,110.00000000,0.1892
1749266397,0.19610000,54.00000000,0.1892
1749266397,0.19620000,110.00000000,0.1892
1749266397,0.19630000,360.00000000,0.1892
1749266397,0.19640000,1094.00000000,0.1892
1749266397,0.19650000,54.00000000,0.1892
1749266397,0.19660000,89.00000000,0.1892
1749266397,0.19670000,452.00000000,0.1892
1749266397,0.19680000,280.00000000,0.1892
1749266397,0.19690000,1448.00000000,0.1892
1749266397,0.19700000,57.00000000,0.1892
1749266397,0.19710000,43.00000000,0.1892
1749266397,0.19720000,175.00000000,0.1892
1749266397,0.19730000,114.00000000,0.1892
1749266397,0.19740000,1346.00000000,0.1892
1749266397,0.19750000,2697.00000000,0.1892
1749266397,0.19760000,172.00000000,0.1892
1749266397,0.19780000,101.00000000,0.1892
1749266397,0.19790000,1869.00000000,0.1892
1749266397,0.19800000,732.00000000,0.1892
1749266397,0.19810000,230.00000000,0.1892
1749266397,0.19820000,8133.00000000,0.1892
1749266397,0.19830000,227.00000000,0.1892
1749266397,0.19840000,86.00000000,0.1892
1749266397,0.19850000,301.00000000,0.1892
1749266397,0.19860000,102.00000000,0.1892
1749266397,0.19880000,326.00000000,0.1892
1749266397,0.19890000,99.00000000,0.1892
1749266397,0.19900000,1843.00000000,0.1892
1749266397,0.19910000,43.00000000,0.1892
1749266397,0.19920000,11715.00000000,0.1892
1749266397,0.19930000,161.00000000,0.1892
1749266699,0.18990000,14229.00000000,0.1899
1749266699,0.19000000,47514.00000000,0.1899
1749266699,0.19010000,74446.00000000,0.1899
1749266699,0.19020000,137493.00000000,0.1899
1749266699,0.19030000,95302.00000000,0.1899
1749266699,0.19040000,46505.00000000,0.1899
1749266699,0.19050000,78883.00000000,0.1899
1749266699,0.19060000,71663.00000000,0.1899
1749266699,0.19070000,29166.00000000,0.1899
1749266699,0.19080000,80212.00000000,0.1899
1749266699,0.19090000,20820.00000000,0.1899
1749266699,0.19100000,19190.00000000,0.1899
1749266699,0.19110000,30235.00000000,0.1899
1749266699,0.19120000,8940.00000000,0.1899
1749266699,0.19130000,8494.00000000,0.1899
1749266699,0.19140000,14647.00000000,0.1899
1749266699,0.19150000,7165.00000000,0.1899
1749266699,0.19160000,8594.00000000,0.1899
1749266699,0.19170000,7183.00000000,0.1899
1749266699,0.19180000,3247.00000000,0.1899
1749266699,0.19190000,8594.00000000,0.1899
1749266699,0.19200000,531.00000000,0.1899
1749266699,0.19210000,3369.00000000,0.1899
1749266699,0.19220000,26239.00000000,0.1899
1749266699,0.19230000,10647.00000000,0.1899
1749266699,0.19240000,10994.00000000,0.1899
1749266699,0.19250000,8454.00000000,0.1899
1749266699,0.19260000,5035.00000000,0.1899
1749266699,0.19270000,1412.00000000,0.1899
1749266699,0.19280000,153.00000000,0.1899
1749266699,0.19290000,54.00000000,0.1899
1749266699,0.19300000,173.00000000,0.1899
1749266699,0.19310000,86.00000000,0.1899
1749266699,0.19320000,1973.00000000,0.1899
1749266699,0.19330000,267.00000000,0.1899
1749266699,0.19340000,54.00000000,0.1899
1749266699,0.19350000,86.00000000,0.1899
1749266699,0.19360000,2026.00000000,0.1899
1749266699,0.19370000,92.00000000,0.1899
1749266699,0.19380000,180.00000000,0.1899
1749266699,0.19390000,4621.00000000,0.1899
1749266699,0.19400000,2847.00000000,0.1899
1749266699,0.19410000,428.00000000,0.1899
1749266699,0.19420000,260.00000000,0.1899
1749266699,0.19430000,1526.00000000,0.1899
1749266699,0.19440000,97.00000000,0.1899
1749266699,0.19450000,749.00000000,0.1899
1749266699,0.19460000,54.00000000,0.1899
1749266699,0.19470000,164.00000000,0.1899
1749266699,0.19480000,1466.00000000,0.1899
1749266699,0.19490000,124.00000000,0.1899
1749266699,0.19500000,22629.00000000,0.1899
1749266699,0.19510000,84.00000000,0.1899
1749266699,0.19520000,7729.00000000,0.1899
1749266699,0.19530000,845.00000000,0.1899
1749266699,0.19540000,127.00000000,0.1899
1749266699,0.19550000,1770.00000000,0.1899
1749266699,0.19560000,97.00000000,0.1899
1749266699,0.19570000,54.00000000,0.1899
1749266699,0.19580000,1486.00000000,0.1899
1749266699,0.19590000,92.00000000,0.1899
1749266699,0.19600000,110.00000000,0.1899
1749266699,0.19610000,54.00000000,0.1899
1749266699,0.19620000,110.00000000,0.1899
1749266699,0.19630000,360.00000000,0.1899
1749266699,0.19640000,1094.00000000,0.1899
1749266699,0.19650000,54.00000000,0.1899
1749266699,0.19660000,89.00000000,0.1899
1749266699,0.19670000,452.00000000,0.1899
1749266699,0.19680000,333.00000000,0.1899
1749266699,0.19690000,1501.00000000,0.1899
1749266699,0.19700000,110.00000000,0.1899
1749266699,0.19710000,96.00000000,0.1899
1749266699,0.19720000,228.00000000,0.1899
1749266699,0.19730000,167.00000000,0.1899
1749266699,0.19740000,1399.00000000,0.1899
1749266699,0.19750000,2697.00000000,0.1899
1749266699,0.19760000,172.00000000,0.1899
1749266699,0.19780000,101.00000000,0.1899
1749266699,0.19790000,1869.00000000,0.1899
1749266699,0.19800000,732.00000000,0.1899
1749266699,0.19810000,230.00000000,0.1899
1749266699,0.19820000,8133.00000000,0.1899
1749266699,0.19830000,227.00000000,0.1899
1749266699,0.19840000,86.00000000,0.1899
1749266699,0.19850000,301.00000000,0.1899
1749266699,0.19860000,102.00000000,0.1899
1749266699,0.19870000,50.00000000,0.1899
1749266699,0.19880000,326.00000000,0.1899
1749266699,0.19890000,99.00000000,0.1899
1749266699,0.19900000,1843.00000000,0.1899
1749266699,0.19910000,43.00000000,0.1899
1749266699,0.19920000,11715.00000000,0.1899
1749266699,0.19930000,161.00000000,0.1899
1749266699,0.19940000,114.00000000,0.1899
1749266699,0.19950000,120.00000000,0.1899
1749266699,0.19960000,115.00000000,0.1899
1749266699,0.19970000,36.00000000,0.1899
1749266699,0.19980000,1900.00000000,0.1899
1749266699,0.19990000,775.00000000,0.1899
1749267000,0.18960000,17684.00000000,0.1896
1749267000,0.18970000,38698.00000000,0.1896
1749267000,0.18980000,49650.00000000,0.1896
1749267000,0.18990000,69953.00000000,0.1896
1749267000,0.19000000,104952.00000000,0.1896
1749267000,0.19010000,90920.00000000,0.1896
1749267000,0.19020000,33203.00000000,0.1896
1749267000,0.19030000,139879.00000000,0.1896
1749267000,0.19040000,16288.00000000,0.1896
1749267000,0.19050000,10614.00000000,0.1896
1749267000,0.19060000,10575.00000000,0.1896
1749267000,0.19070000,15911.00000000,0.1896
1749267000,0.19080000,80212.00000000,0.1896
1749267000,0.19090000,20949.00000000,0.1896
1749267000,0.19100000,19230.00000000,0.1896
1749267000,0.19110000,33599.00000000,0.1896
1749267000,0.19120000,8940.00000000,0.1896
1749267000,0.19130000,8494.00000000,0.1896
1749267000,0.19140000,14647.00000000,0.1896
1749267000,0.19150000,7165.00000000,0.1896
1749267000,0.19160000,8594.00000000,0.1896
1749267000,0.19170000,7183.00000000,0.1896
1749267000,0.19180000,3247.00000000,0.1896
1749267000,0.19190000,8594.00000000,0.1896
1749267000,0.19200000,571.00000000,0.1896
1749267000,0.19210000,3369.00000000,0.1896
1749267000,0.19220000,26239.00000000,0.1896
1749267000,0.19230000,10647.00000000,0.1896
1749267000,0.19240000,10994.00000000,0.1896
1749267000,0.19250000,8454.00000000,0.1896
1749267000,0.19260000,5035.00000000,0.1896
1749267000,0.19270000,1412.00000000,0.1896
1749267000,0.19280000,5493.00000000,0.1896
1749267000,0.19290000,54.00000000,0.1896
1749267000,0.19300000,173.00000000,0.1896
1749267000,0.19310000,86.00000000,0.1896
1749267000,0.19320000,1973.00000000,0.1896
1749267000,0.19330000,267.00000000,0.1896
1749267000,0.19340000,54.00000000,0.1896
1749267000,0.19350000,86.00000000,0.1896
1749267000,0.19360000,2026.00000000,0.1896
1749267000,0.19370000,92.00000000,0.1896
1749267000,0.19380000,180.00000000,0.1896
1749267000,0.19390000,4621.00000000,0.1896
1749267000,0.19400000,2847.00000000,0.1896
1749267000,0.19410000,428.00000000,0.1896
1749267000,0.19420000,260.00000000,0.1896
1749267000,0.19430000,1526.00000000,0.1896
1749267000,0.19440000,97.00000000,0.1896
1749267000,0.19450000,749.00000000,0.1896
1749267000,0.19460000,54.00000000,0.1896
1749267000,0.19470000,164.00000000,0.1896
1749267000,0.19480000,1466.00000000,0.1896
1749267000,0.19490000,124.00000000,0.1896
1749267000,0.19500000,22629.00000000,0.1896
1749267000,0.19510000,84.00000000,0.1896
1749267000,0.19520000,7729.00000000,0.1896
1749267000,0.19530000,845.00000000,0.1896
1749267000,0.19540000,127.00000000,0.1896
1749267000,0.19550000,1770.00000000,0.1896
1749267000,0.19560000,97.00000000,0.1896
1749267000,0.19570000,54.00000000,0.1896
1749267000,0.19580000,1486.00000000,0.1896
1749267000,0.19590000,92.00000000,0.1896
1749267000,0.19600000,110.00000000,0.1896
1749267000,0.19610000,54.00000000,0.1896
1749267000,0.19620000,110.00000000,0.1896
1749267000,0.19630000,360.00000000,0.1896
1749267000,0.19640000,1094.00000000,0.1896
1749267000,0.19650000,54.00000000,0.1896
1749267000,0.19660000,89.00000000,0.1896
1749267000,0.19670000,452.00000000,0.1896
1749267000,0.19680000,2962.00000000,0.1896
1749267000,0.19690000,1501.00000000,0.1896
1749267000,0.19700000,110.00000000,0.1896
1749267000,0.19710000,96.00000000,0.1896
1749267000,0.19720000,175.00000000,0.1896
1749267000,0.19730000,114.00000000,0.1896
1749267000,0.19740000,1346.00000000,0.1896
1749267000,0.19750000,2697.00000000,0.1896
1749267000,0.19760000,172.00000000,0.1896
1749267000,0.19780000,101.00000000,0.1896
1749267000,0.19790000,1869.00000000,0.1896
1749267000,0.19800000,732.00000000,0.1896
1749267000,0.19810000,230.00000000,0.1896
1749267000,0.19820000,8133.00000000,0.1896
1749267000,0.19830000,227.00000000,0.1896
1749267000,0.19840000,86.00000000,0.1896
1749267000,0.19850000,301.00000000,0.1896
1749267000,0.19860000,102.00000000,0.1896
1749267000,0.19870000,50.00000000,0.1896
1749267000,0.19880000,326.00000000,0.1896
1749267000,0.19890000,99.00000000,0.1896
1749267000,0.19900000,1843.00000000,0.1896
1749267000,0.19910000,43.00000000,0.1896
1749267000,0.19920000,11715.00000000,0.1896
1749267000,0.19930000,161.00000000,0.1896
1749267000,0.19940000,114.00000000,0.1896
1749267000,0.19950000,120.00000000,0.1896
1749267000,0.19960000,115.00000000,0.1896
1749267301,0.18960000,747.00000000,0.1895
1749267301,0.18970000,33187.00000000,0.1895
1749267301,0.18980000,49066.00000000,0.1895
1749267301,0.18990000,74835.00000000,0.1895
1749267301,0.19000000,100760.00000000,0.1895
1749267301,0.19010000,111772.00000000,0.1895
1749267301,0.19020000,20545.00000000,0.1895
1749267301,0.19030000,126763.00000000,0.1895
1749267301,0.19040000,16288.00000000,0.1895
1749267301,0.19050000,79547.00000000,0.1895
1749267301,0.19060000,21313.00000000,0.1895
1749267301,0.19070000,15911.00000000,0.1895
1749267301,0.19080000,11279.00000000,0.1895
1749267301,0.19090000,12737.00000000,0.1895
1749267301,0.19100000,15863.00000000,0.1895
1749267301,0.19110000,27597.00000000,0.1895
1749267301,0.19120000,8940.00000000,0.1895
1749267301,0.19130000,8494.00000000,0.1895
1749267301,0.19140000,14647.00000000,0.1895
1749267301,0.19150000,7165.00000000,0.1895
1749267301,0.19160000,10142.00000000,0.1895
1749267301,0.19170000,5635.00000000,0.1895
1749267301,0.19180000,3247.00000000,0.1895
1749267301,0.19190000,8594.00000000,0.1895
1749267301,0.19200000,571.00000000,0.1895
1749267301,0.19210000,10652.00000000,0.1895
1749267301,0.19220000,26239.00000000,0.1895
1749267301,0.19230000,304.00000000,0.1895
1749267301,0.19240000,10994.00000000,0.1895
1749267301,0.19250000,5394.00000000,0.1895
1749267301,0.19260000,1975.00000000,0.1895
1749267301,0.19270000,1412.00000000,0.1895
1749267301,0.19280000,5493.00000000,0.1895
1749267301,0.19290000,54.00000000,0.1895
1749267301,0.19300000,173.00000000,0.1895
1749267301,0.19310000,86.00000000,0.1895
1749267301,0.19320000,1973.00000000,0.1895
1749267301,0.19330000,267.00000000,0.1895
1749267301,0.19340000,2347.00000000,0.1895
1749267301,0.19350000,86.00000000,0.1895
1749267301,0.19360000,2026.00000000,0.1895
1749267301,0.19370000,92.00000000,0.1895
1749267301,0.19380000,180.00000000,0.1895
1749267301,0.19390000,2328.00000000,0.1895
1749267301,0.19400000,2847.00000000,0.1895
1749267301,0.19410000,428.00000000,0.1895
1749267301,0.19420000,260.00000000,0.1895
1749267301,0.19430000,1526.00000000,0.1895
1749267301,0.19440000,97.00000000,0.1895
1749267301,0.19450000,749.00000000,0.1895
1749267301,0.19460000,54.00000000,0.1895
1749267301,0.19470000,5414.00000000,0.1895
1749267301,0.19480000,1466.00000000,0.1895
1749267301,0.19490000,124.00000000,0.1895
1749267301,0.19500000,22629.00000000,0.1895
1749267301,0.19510000,84.00000000,0.1895
1749267301,0.19520000,2479.00000000,0.1895
1749267301,0.19530000,845.00000000,0.1895
1749267301,0.19540000,127.00000000,0.1895
1749267301,0.19550000,1770.00000000,0.1895
1749267301,0.19560000,97.00000000,0.1895
1749267301,0.19570000,54.00000000,0.1895
1749267301,0.19580000,1486.00000000,0.1895
1749267301,0.19590000,92.00000000,0.1895
1749267301,0.19600000,110.00000000,0.1895
1749267301,0.19610000,54.00000000,0.1895
1749267301,0.19620000,110.00000000,0.1895
1749267301,0.19630000,360.00000000,0.1895
1749267301,0.19640000,1094.00000000,0.1895
1749267301,0.19650000,54.00000000,0.1895
1749267301,0.19660000,89.00000000,0.1895
1749267301,0.19670000,452.00000000,0.1895
1749267301,0.19680000,2962.00000000,0.1895
1749267301,0.19690000,1501.00000000,0.1895
1749267301,0.19700000,110.00000000,0.1895
1749267301,0.19710000,96.00000000,0.1895
1749267301,0.19720000,175.00000000,0.1895
1749267301,0.19730000,114.00000000,0.1895
1749267301,0.19740000,1346.00000000,0.1895
1749267301,0.19750000,2697.00000000,0.1895
1749267301,0.19760000,172.00000000,0.1895
1749267301,0.19780000,101.00000000,0.1895
1749267301,0.19790000,1869.00000000,0.1895
1749267301,0.19800000,732.00000000,0.1895
1749267301,0.19810000,230.00000000,0.1895
1749267301,0.19820000,8133.00000000,0.1895
1749267301,0.19830000,227.00000000,0.1895
1749267301,0.19840000,86.00000000,0.1895
1749267301,0.19850000,301.00000000,0.1895
1749267301,0.19860000,102.00000000,0.1895
1749267301,0.19870000,50.00000000,0.1895
1749267301,0.19880000,326.00000000,0.1895
1749267301,0.19890000,99.00000000,0.1895
1749267301,0.19900000,1843.00000000,0.1895
1749267301,0.19910000,43.00000000,0.1895
1749267301,0.19920000,11715.00000000,0.1895
