timestamp,price,volume,current_price
1749254469,0.18730000,12893.00000000,0.1872
1749254469,0.18740000,41901.00000000,0.1872
1749254469,0.18750000,95431.00000000,0.1872
1749254469,0.18760000,115017.00000000,0.1872
1749254469,0.18770000,63347.00000000,0.1872
1749254469,0.18780000,190491.00000000,0.1872
1749254469,0.18790000,92220.00000000,0.1872
1749254469,0.18800000,19314.00000000,0.1872
1749254469,0.18810000,84558.00000000,0.1872
1749254469,0.18820000,19326.00000000,0.1872
1749254469,0.18830000,13251.00000000,0.1872
1749254469,0.18840000,12672.00000000,0.1872
1749254469,0.18850000,18904.00000000,0.1872
1749254469,0.18860000,13344.00000000,0.1872
1749254469,0.18870000,134.00000000,0.1872
1749254469,0.18880000,41292.00000000,0.1872
1749254469,0.18890000,438.00000000,0.1872
1749254469,0.18900000,8627.00000000,0.1872
1749254469,0.18910000,94.00000000,0.1872
1749254469,0.18920000,9277.00000000,0.1872
1749254469,0.18930000,5077.00000000,0.1872
1749254469,0.18940000,8670.00000000,0.1872
1749254469,0.18950000,259.00000000,0.1872
1749254469,0.18960000,18897.00000000,0.1872
1749254469,0.18970000,94.00000000,0.1872
1749254469,0.18980000,25275.00000000,0.1872
1749254469,0.18990000,5471.00000000,0.1872
1749254469,0.19000000,9311.00000000,0.1872
1749254469,0.19010000,94.00000000,0.1872
1749254469,0.19020000,8777.00000000,0.1872
1749254469,0.19030000,220.00000000,0.1872
1749254469,0.19040000,8865.00000000,0.1872
1749254469,0.19050000,291.00000000,0.1872
1749254469,0.19060000,8494.00000000,0.1872
1749254469,0.19070000,248.00000000,0.1872
1749254469,0.19080000,126.00000000,0.1872
1749254469,0.19090000,6700.00000000,0.1872
1749254469,0.19100000,737.00000000,0.1872
1749254469,0.19110000,1925.00000000,0.1872
1749254469,0.19120000,92.00000000,0.1872
1749254469,0.19130000,2347.00000000,0.1872
1749254469,0.19140000,247.00000000,0.1872
1749254469,0.19150000,3453.00000000,0.1872
1749254469,0.19160000,154.00000000,0.1872
1749254469,0.19170000,2535.00000000,0.1872
1749254469,0.19180000,147.00000000,0.1872
1749254469,0.19190000,154.00000000,0.1872
1749254469,0.19200000,353.00000000,0.1872
1749254469,0.19210000,5590.00000000,0.1872
1749254469,0.19220000,2406.00000000,0.1872
1749254469,0.19230000,1580.00000000,0.1872
1749254469,0.19240000,4872.00000000,0.1872
1749254469,0.19250000,54.00000000,0.1872
1749254469,0.19260000,1975.00000000,0.1872
1749254469,0.19270000,1412.00000000,0.1872
1749254469,0.19280000,153.00000000,0.1872
1749254469,0.19290000,54.00000000,0.1872
1749254469,0.19300000,173.00000000,0.1872
1749254469,0.19310000,86.00000000,0.1872
1749254469,0.19320000,680.00000000,0.1872
1749254469,0.19330000,267.00000000,0.1872
1749254469,0.19340000,54.00000000,0.1872
1749254469,0.19350000,210.00000000,0.1872
1749254469,0.19360000,2026.00000000,0.1872
1749254469,0.19370000,92.00000000,0.1872
1749254469,0.19380000,221.00000000,0.1872
1749254469,0.19390000,54.00000000,0.1872
1749254469,0.19400000,3202.00000000,0.1872
1749254469,0.19410000,428.00000000,0.1872
1749254469,0.19420000,260.00000000,0.1872
1749254469,0.19430000,1526.00000000,0.1872
1749254469,0.19440000,97.00000000,0.1872
1749254469,0.19450000,749.00000000,0.1872
1749254469,0.19460000,90.00000000,0.1872
1749254469,0.19470000,164.00000000,0.1872
1749254469,0.19480000,190.00000000,0.1872
1749254469,0.19490000,29.00000000,0.1872
1749254469,0.19500000,22575.00000000,0.1872
1749254469,0.19510000,30.00000000,0.1872
1749254469,0.19520000,2425.00000000,0.1872
1749254469,0.19530000,791.00000000,0.1872
1749254469,0.19540000,73.00000000,0.1872
1749254469,0.19550000,1716.00000000,0.1872
1749254469,0.19560000,43.00000000,0.1872
1749254469,0.19580000,1432.00000000,0.1872
1749254469,0.19590000,89.00000000,0.1872
1749254469,0.19600000,56.00000000,0.1872
1749254469,0.19620000,56.00000000,0.1872
1749254469,0.19630000,306.00000000,0.1872
1749254469,0.19640000,1040.00000000,0.1872
1749254469,0.19660000,35.00000000,0.1872
1749254469,0.19670000,398.00000000,0.1872
1749254469,0.19680000,382.00000000,0.1872
1749254469,0.19690000,1448.00000000,0.1872
1749254469,0.19700000,57.00000000,0.1872
1749254469,0.19710000,43.00000000,0.1872
1749254469,0.19720000,175.00000000,0.1872
1749254469,0.19730000,267.00000000,0.1872
1749254469,0.19740000,1346.00000000,0.1872
1749254469,0.19750000,2697.00000000,0.1872
1749254770,0.18740000,13921.00000000,0.1873
1749254770,0.18750000,44887.00000000,0.1873
1749254770,0.18760000,79567.00000000,0.1873
1749254770,0.18770000,96431.00000000,0.1873
1749254770,0.18780000,158447.00000000,0.1873
1749254770,0.18790000,43507.00000000,0.1873
1749254770,0.18800000,97754.00000000,0.1873
1749254770,0.18810000,152223.00000000,0.1873
1749254770,0.18820000,19267.00000000,0.1873
1749254770,0.18830000,13251.00000000,0.1873
1749254770,0.18840000,15951.00000000,0.1873
1749254770,0.18850000,19509.00000000,0.1873
1749254770,0.18860000,12539.00000000,0.1873
1749254770,0.18870000,134.00000000,0.1873
1749254770,0.18880000,42902.00000000,0.1873
1749254770,0.18890000,438.00000000,0.1873
1749254770,0.18900000,8494.00000000,0.1873
1749254770,0.18910000,94.00000000,0.1873
1749254770,0.18920000,9144.00000000,0.1873
1749254770,0.18930000,5077.00000000,0.1873
1749254770,0.18940000,8537.00000000,0.1873
1749254770,0.18950000,259.00000000,0.1873
1749254770,0.18960000,18897.00000000,0.1873
1749254770,0.18970000,94.00000000,0.1873
1749254770,0.18980000,23532.00000000,0.1873
1749254770,0.18990000,5471.00000000,0.1873
1749254770,0.19000000,9311.00000000,0.1873
1749254770,0.19010000,94.00000000,0.1873
1749254770,0.19020000,8777.00000000,0.1873
1749254770,0.19030000,220.00000000,0.1873
1749254770,0.19040000,8865.00000000,0.1873
1749254770,0.19050000,291.00000000,0.1873
1749254770,0.19060000,8494.00000000,0.1873
1749254770,0.19070000,248.00000000,0.1873
1749254770,0.19080000,126.00000000,0.1873
1749254770,0.19090000,9760.00000000,0.1873
1749254770,0.19100000,737.00000000,0.1873
1749254770,0.19110000,1925.00000000,0.1873
1749254770,0.19120000,92.00000000,0.1873
1749254770,0.19130000,2347.00000000,0.1873
1749254770,0.19140000,247.00000000,0.1873
1749254770,0.19150000,3453.00000000,0.1873
1749254770,0.19160000,154.00000000,0.1873
1749254770,0.19170000,2535.00000000,0.1873
1749254770,0.19180000,147.00000000,0.1873
1749254770,0.19190000,154.00000000,0.1873
1749254770,0.19200000,353.00000000,0.1873
1749254770,0.19210000,5590.00000000,0.1873
1749254770,0.19220000,2406.00000000,0.1873
1749254770,0.19230000,1580.00000000,0.1873
1749254770,0.19240000,4872.00000000,0.1873
1749254770,0.19250000,54.00000000,0.1873
1749254770,0.19260000,1975.00000000,0.1873
1749254770,0.19270000,1412.00000000,0.1873
1749254770,0.19280000,153.00000000,0.1873
1749254770,0.19290000,54.00000000,0.1873
1749254770,0.19300000,173.00000000,0.1873
1749254770,0.19310000,86.00000000,0.1873
1749254770,0.19320000,680.00000000,0.1873
1749254770,0.19330000,267.00000000,0.1873
1749254770,0.19340000,54.00000000,0.1873
1749254770,0.19350000,210.00000000,0.1873
1749254770,0.19360000,2026.00000000,0.1873
1749254770,0.19370000,92.00000000,0.1873
1749254770,0.19380000,221.00000000,0.1873
1749254770,0.19390000,54.00000000,0.1873
1749254770,0.19400000,3202.00000000,0.1873
1749254770,0.19410000,428.00000000,0.1873
1749254770,0.19420000,260.00000000,0.1873
1749254770,0.19430000,1526.00000000,0.1873
1749254770,0.19440000,97.00000000,0.1873
1749254770,0.19450000,749.00000000,0.1873
1749254770,0.19460000,90.00000000,0.1873
1749254770,0.19470000,164.00000000,0.1873
1749254770,0.19480000,190.00000000,0.1873
1749254770,0.19490000,83.00000000,0.1873
1749254770,0.19500000,22575.00000000,0.1873
1749254770,0.19510000,30.00000000,0.1873
1749254770,0.19520000,2425.00000000,0.1873
1749254770,0.19530000,791.00000000,0.1873
1749254770,0.19540000,73.00000000,0.1873
1749254770,0.19550000,1716.00000000,0.1873
1749254770,0.19560000,43.00000000,0.1873
1749254770,0.19580000,1432.00000000,0.1873
1749254770,0.19590000,89.00000000,0.1873
1749254770,0.19600000,56.00000000,0.1873
1749254770,0.19620000,56.00000000,0.1873
1749254770,0.19630000,306.00000000,0.1873
1749254770,0.19640000,1040.00000000,0.1873
1749254770,0.19660000,35.00000000,0.1873
1749254770,0.19670000,398.00000000,0.1873
1749254770,0.19680000,382.00000000,0.1873
1749254770,0.19690000,1448.00000000,0.1873
1749254770,0.19700000,57.00000000,0.1873
1749254770,0.19710000,43.00000000,0.1873
1749254770,0.19720000,175.00000000,0.1873
1749254770,0.19730000,267.00000000,0.1873
1749254770,0.19740000,1346.00000000,0.1873
1749254770,0.19750000,2697.00000000,0.1873
1749254770,0.19760000,172.00000000,0.1873
