timestamp,price,volume,current_price
1749260810,0.00388200,43985.00000000,0.003882
1749260810,0.00388300,112515.00000000,0.003882
1749260810,0.00388400,13278.00000000,0.003882
1749260810,0.00388500,77557.00000000,0.003882
1749260810,0.00388600,77240.00000000,0.003882
1749260810,0.00388700,174786.00000000,0.003882
1749260810,0.00388800,222628.00000000,0.003882
1749260810,0.00388900,46580.00000000,0.003882
1749260810,0.00389000,71569.00000000,0.003882
1749260810,0.00389100,88102.00000000,0.003882
1749260810,0.00389200,103466.00000000,0.003882
1749260810,0.00389300,138822.00000000,0.003882
1749260810,0.00389400,264779.00000000,0.003882
1749260810,0.00389500,114959.00000000,0.003882
1749260810,0.00389600,48275.00000000,0.003882
1749260810,0.00389700,71503.00000000,0.003882
1749260810,0.00389800,340015.00000000,0.003882
1749260810,0.00389900,2669256.00000000,0.003882
1749260810,0.00390000,246885.00000000,0.003882
1749260810,0.00390200,74900.00000000,0.003882
1749260810,0.00390300,1774597.00000000,0.003882
1749260810,0.00390400,450596.00000000,0.003882
1749260810,0.00390500,80670.00000000,0.003882
1749260810,0.00390600,93185.00000000,0.003882
1749260810,0.00390700,84146.00000000,0.003882
1749260810,0.00390800,34033.00000000,0.003882
1749260810,0.00390900,46580.00000000,0.003882
1749260810,0.00391000,85653.00000000,0.003882
1749260810,0.00391100,207217.00000000,0.003882
1749260810,0.00391300,46580.00000000,0.003882
1749260810,0.00391400,425622.00000000,0.003882
1749260810,0.00391500,676993.00000000,0.003882
1749260810,0.00391700,46580.00000000,0.003882
1749260810,0.00391800,229667.00000000,0.003882
1749260810,0.00391900,27985.00000000,0.003882
1749260810,0.00392000,46580.00000000,0.003882
1749260810,0.00392100,546330.00000000,0.003882
1749260810,0.00392200,136823.00000000,0.003882
1749260810,0.00392300,642711.00000000,0.003882
1749260810,0.00392400,46580.00000000,0.003882
1749260810,0.00392600,84146.00000000,0.003882
1749260810,0.00392800,69733.00000000,0.003882
1749260810,0.00392900,142970.00000000,0.003882
1749260810,0.00393000,84146.00000000,0.003882
1749260810,0.00393300,586566.00000000,0.003882
1749260810,0.00393500,11733.00000000,0.003882
1749260810,0.00393700,42481.00000000,0.003882
1749260810,0.00393800,386212.00000000,0.003882
1749260810,0.00393900,1320.00000000,0.003882
1749260810,0.00394000,43885.00000000,0.003882
1749260810,0.00394100,1319.00000000,0.003882
1749260810,0.00394200,1319.00000000,0.003882
1749260810,0.00394300,21782.00000000,0.003882
1749260810,0.00394400,40564.00000000,0.003882
1749260810,0.00394500,1318.00000000,0.003882
1749260810,0.00394600,1317.00000000,0.003882
1749260810,0.00394700,46228.00000000,0.003882
1749260810,0.00394800,1317.00000000,0.003882
1749260810,0.00394900,1316.00000000,0.003882
1749260810,0.00395000,38882.00000000,0.003882
1749260810,0.00395100,1316.00000000,0.003882
1749260810,0.00395200,1315.00000000,0.003882
1749260810,0.00395300,12681.00000000,0.003882
1749260810,0.00395400,1315.00000000,0.003882
1749260810,0.00395500,49856.00000000,0.003882
1749260810,0.00395600,1314.00000000,0.003882
1749260810,0.00395700,6204.00000000,0.003882
1749260810,0.00395800,38879.00000000,0.003882
1749260810,0.00395900,1313.00000000,0.003882
1749260810,0.00396000,9112.00000000,0.003882
1749260810,0.00396100,1312.00000000,0.003882
1749260810,0.00396200,1312.00000000,0.003882
1749260810,0.00396300,114372.00000000,0.003882
1749260810,0.00396400,799540.00000000,0.003882
1749260810,0.00396500,1311.00000000,0.003882
1749260810,0.00396600,1311.00000000,0.003882
1749260810,0.00396700,7772.00000000,0.003882
1749260810,0.00396800,1310.00000000,0.003882
1749260810,0.00396900,1310.00000000,0.003882
1749260810,0.00397000,21632.00000000,0.003882
1749260810,0.00397100,6272.00000000,0.003882
1749260810,0.00397200,1309.00000000,0.003882
1749260810,0.00397300,1308.00000000,0.003882
1749260810,0.00397400,1308.00000000,0.003882
1749260810,0.00397500,1308.00000000,0.003882
1749260810,0.00397600,1307.00000000,0.003882
1749260810,0.00397700,6172.00000000,0.003882
1749260810,0.00397800,1307.00000000,0.003882
1749260810,0.00397900,1306.00000000,0.003882
1749260810,0.00398000,1306.00000000,0.003882
1749260810,0.00398100,5303.00000000,0.003882
1749260810,0.00398200,1305.00000000,0.003882
1749260810,0.00398300,24931.00000000,0.003882
1749260810,0.00398400,15220.00000000,0.003882
1749260810,0.00398500,1304.00000000,0.003882
1749260810,0.00398600,1304.00000000,0.003882
1749260810,0.00398700,1304.00000000,0.003882
1749260810,0.00398800,1303.00000000,0.003882
1749260810,0.00398900,4173.00000000,0.003882
1749260810,0.00399000,1303.00000000,0.003882
1749261125,0.00388000,46580.00000000,0.00388
1749261125,0.00388100,129156.00000000,0.00388
1749261125,0.00388200,16726.00000000,0.00388
1749261125,0.00388300,77413.00000000,0.00388
1749261125,0.00388400,28284.00000000,0.00388
1749261125,0.00388500,204787.00000000,0.00388
1749261125,0.00388600,80109.00000000,0.00388
1749261125,0.00388700,97365.00000000,0.00388
1749261125,0.00388800,154726.00000000,0.00388
1749261125,0.00388900,63258.00000000,0.00388
1749261125,0.00389000,109063.00000000,0.00388
1749261125,0.00389100,88102.00000000,0.00388
1749261125,0.00389200,103466.00000000,0.00388
1749261125,0.00389300,216002.00000000,0.00388
1749261125,0.00389400,131995.00000000,0.00388
1749261125,0.00389600,46580.00000000,0.00388
1749261125,0.00389700,71503.00000000,0.00388
1749261125,0.00389800,249727.00000000,0.00388
1749261125,0.00389900,51544.00000000,0.00388
1749261125,0.00390000,3148840.00000000,0.00388
1749261125,0.00390100,46580.00000000,0.00388
1749261125,0.00390200,74900.00000000,0.00388
1749261125,0.00390300,324143.00000000,0.00388
1749261125,0.00390400,2094322.00000000,0.00388
1749261125,0.00390500,80670.00000000,0.00388
1749261125,0.00390600,93185.00000000,0.00388
1749261125,0.00390700,84146.00000000,0.00388
1749261125,0.00390800,34033.00000000,0.00388
1749261125,0.00390900,46580.00000000,0.00388
1749261125,0.00391000,51620.00000000,0.00388
1749261125,0.00391100,84146.00000000,0.00388
1749261125,0.00391300,46580.00000000,0.00388
1749261125,0.00391400,283918.00000000,0.00388
1749261125,0.00391500,284343.00000000,0.00388
1749261125,0.00391700,46580.00000000,0.00388
1749261125,0.00391800,89085.00000000,0.00388
1749261125,0.00391900,27985.00000000,0.00388
1749261125,0.00392000,46580.00000000,0.00388
1749261125,0.00392100,669401.00000000,0.00388
1749261125,0.00392200,46580.00000000,0.00388
1749261125,0.00392300,642711.00000000,0.00388
1749261125,0.00392400,46580.00000000,0.00388
1749261125,0.00392500,534354.00000000,0.00388
1749261125,0.00392600,84146.00000000,0.00388
1749261125,0.00392700,140582.00000000,0.00388
1749261125,0.00392800,46580.00000000,0.00388
1749261125,0.00393000,84146.00000000,0.00388
1749261125,0.00393200,136823.00000000,0.00388
1749261125,0.00393300,137176.00000000,0.00388
1749261125,0.00393500,11733.00000000,0.00388
1749261125,0.00393700,42481.00000000,0.00388
1749261125,0.00393800,386212.00000000,0.00388
1749261125,0.00393900,1320.00000000,0.00388
1749261125,0.00394000,43885.00000000,0.00388
1749261125,0.00394100,144289.00000000,0.00388
1749261125,0.00394200,1319.00000000,0.00388
1749261125,0.00394300,471172.00000000,0.00388
1749261125,0.00394400,40564.00000000,0.00388
1749261125,0.00394500,1318.00000000,0.00388
1749261125,0.00394600,1317.00000000,0.00388
1749261125,0.00394700,46228.00000000,0.00388
1749261125,0.00394800,1317.00000000,0.00388
1749261125,0.00394900,1316.00000000,0.00388
1749261125,0.00395000,38882.00000000,0.00388
1749261125,0.00395100,1316.00000000,0.00388
1749261125,0.00395200,1315.00000000,0.00388
1749261125,0.00395300,12681.00000000,0.00388
1749261125,0.00395400,1315.00000000,0.00388
1749261125,0.00395500,73009.00000000,0.00388
1749261125,0.00395600,1314.00000000,0.00388
1749261125,0.00395700,6204.00000000,0.00388
1749261125,0.00395800,38879.00000000,0.00388
1749261125,0.00395900,1313.00000000,0.00388
1749261125,0.00396000,9112.00000000,0.00388
1749261125,0.00396100,1312.00000000,0.00388
1749261125,0.00396200,1312.00000000,0.00388
1749261125,0.00396300,114372.00000000,0.00388
1749261125,0.00396400,799540.00000000,0.00388
1749261125,0.00396500,1311.00000000,0.00388
1749261125,0.00396600,1311.00000000,0.00388
1749261125,0.00396700,7772.00000000,0.00388
1749261125,0.00396800,1310.00000000,0.00388
1749261125,0.00396900,1310.00000000,0.00388
1749261125,0.00397000,21632.00000000,0.00388
1749261125,0.00397100,6272.00000000,0.00388
1749261125,0.00397200,1309.00000000,0.00388
1749261125,0.00397300,1308.00000000,0.00388
1749261125,0.00397400,1308.00000000,0.00388
1749261125,0.00397500,1308.00000000,0.00388
1749261125,0.00397600,1307.00000000,0.00388
1749261125,0.00397700,6172.00000000,0.00388
1749261125,0.00397800,1307.00000000,0.00388
1749261125,0.00397900,1306.00000000,0.00388
1749261125,0.00398000,1306.00000000,0.00388
1749261125,0.00398100,5303.00000000,0.00388
1749261125,0.00398200,1305.00000000,0.00388
1749261125,0.00398300,24931.00000000,0.00388
1749261125,0.00398400,15220.00000000,0.00388
1749261125,0.00398500,1304.00000000,0.00388
1749261125,0.00398600,1304.00000000,0.00388
1749261443,0.00388200,46580.00000000,0.003881
1749261443,0.00388300,123733.00000000,0.003881
1749261443,0.00388400,27510.00000000,0.003881
1749261443,0.00388500,63312.00000000,0.003881
1749261443,0.00388600,74420.00000000,0.003881
1749261443,0.00388700,63266.00000000,0.003881
1749261443,0.00388800,166960.00000000,0.003881
1749261443,0.00388900,97256.00000000,0.003881
1749261443,0.00389000,71569.00000000,0.003881
1749261443,0.00389100,46580.00000000,0.003881
1749261443,0.00389200,137469.00000000,0.003881
1749261443,0.00389300,104881.00000000,0.003881
1749261443,0.00389400,191109.00000000,0.003881
1749261443,0.00389500,80578.00000000,0.003881
1749261443,0.00389600,318727.00000000,0.003881
1749261443,0.00389700,71564.00000000,0.003881
1749261443,0.00389800,120939.00000000,0.003881
1749261443,0.00389900,93066.00000000,0.003881
1749261443,0.00390000,579610.00000000,0.003881
1749261443,0.00390100,80587.00000000,0.003881
1749261443,0.00390200,2704708.00000000,0.003881
1749261443,0.00390300,207301.00000000,0.003881
1749261443,0.00390400,450596.00000000,0.003881
1749261443,0.00390500,80587.00000000,0.003881
1749261443,0.00390600,1497034.00000000,0.003881
1749261443,0.00390700,118153.00000000,0.003881
1749261443,0.00390800,150409.00000000,0.003881
1749261443,0.00390900,80591.00000000,0.003881
1749261443,0.00391000,85631.00000000,0.003881
1749261443,0.00391100,207217.00000000,0.003881
1749261443,0.00391200,46580.00000000,0.003881
1749261443,0.00391300,172045.00000000,0.003881
1749261443,0.00391400,283918.00000000,0.003881
1749261443,0.00391500,284343.00000000,0.003881
1749261443,0.00391700,46580.00000000,0.003881
1749261443,0.00391800,89085.00000000,0.003881
1749261443,0.00391900,27985.00000000,0.003881
1749261443,0.00392000,46580.00000000,0.003881
1749261443,0.00392100,546330.00000000,0.003881
1749261443,0.00392200,46580.00000000,0.003881
1749261443,0.00392300,642711.00000000,0.003881
1749261443,0.00392400,46580.00000000,0.003881
1749261443,0.00392500,534354.00000000,0.003881
1749261443,0.00392600,84146.00000000,0.003881
1749261443,0.00392700,140582.00000000,0.003881
1749261443,0.00392800,46580.00000000,0.003881
1749261443,0.00393000,84146.00000000,0.003881
1749261443,0.00393100,142970.00000000,0.003881
1749261443,0.00393200,136823.00000000,0.003881
1749261443,0.00393300,273356.00000000,0.003881
1749261443,0.00393500,11733.00000000,0.003881
1749261443,0.00393700,42481.00000000,0.003881
1749261443,0.00393800,386212.00000000,0.003881
1749261443,0.00393900,1320.00000000,0.003881
1749261443,0.00394000,43885.00000000,0.003881
1749261443,0.00394100,1319.00000000,0.003881
1749261443,0.00394200,1319.00000000,0.003881
1749261443,0.00394300,334992.00000000,0.003881
1749261443,0.00394400,40564.00000000,0.003881
1749261443,0.00394500,1318.00000000,0.003881
1749261443,0.00394600,1317.00000000,0.003881
1749261443,0.00394700,46228.00000000,0.003881
1749261443,0.00394800,1317.00000000,0.003881
1749261443,0.00394900,1316.00000000,0.003881
1749261443,0.00395000,38882.00000000,0.003881
1749261443,0.00395100,1316.00000000,0.003881
1749261443,0.00395200,1315.00000000,0.003881
1749261443,0.00395300,12681.00000000,0.003881
1749261443,0.00395400,1315.00000000,0.003881
1749261443,0.00395500,73009.00000000,0.003881
1749261443,0.00395600,1314.00000000,0.003881
1749261443,0.00395700,6204.00000000,0.003881
1749261443,0.00395800,38879.00000000,0.003881
1749261443,0.00395900,1313.00000000,0.003881
1749261443,0.00396000,9112.00000000,0.003881
1749261443,0.00396100,1312.00000000,0.003881
1749261443,0.00396200,1312.00000000,0.003881
1749261443,0.00396300,114372.00000000,0.003881
1749261443,0.00396400,799540.00000000,0.003881
1749261443,0.00396500,1311.00000000,0.003881
1749261443,0.00396600,1311.00000000,0.003881
1749261443,0.00396700,7772.00000000,0.003881
1749261443,0.00396800,1310.00000000,0.003881
1749261443,0.00396900,1310.00000000,0.003881
1749261443,0.00397000,21632.00000000,0.003881
1749261443,0.00397100,6272.00000000,0.003881
1749261443,0.00397200,1309.00000000,0.003881
1749261443,0.00397300,1308.00000000,0.003881
1749261443,0.00397400,1308.00000000,0.003881
1749261443,0.00397500,1308.00000000,0.003881
1749261443,0.00397600,1307.00000000,0.003881
1749261443,0.00397700,6172.00000000,0.003881
1749261443,0.00397800,1307.00000000,0.003881
1749261443,0.00397900,1306.00000000,0.003881
1749261443,0.00398000,1306.00000000,0.003881
1749261443,0.00398100,5303.00000000,0.003881
1749261443,0.00398200,1305.00000000,0.003881
1749261443,0.00398300,24931.00000000,0.003881
1749261443,0.00398400,15220.00000000,0.003881
1749261443,0.00398500,1304.00000000,0.003881
1749261759,0.00387800,59634.00000000,0.003877
1749261759,0.00387900,16768.00000000,0.003877
1749261759,0.00388000,85917.00000000,0.003877
1749261759,0.00388100,63348.00000000,0.003877
1749261759,0.00388200,86206.00000000,0.003877
1749261759,0.00388300,161297.00000000,0.003877
1749261759,0.00388400,40883.00000000,0.003877
1749261759,0.00388500,63312.00000000,0.003877
1749261759,0.00388600,88328.00000000,0.003877
1749261759,0.00388700,63402.00000000,0.003877
1749261759,0.00388800,221116.00000000,0.003877
1749261759,0.00388900,80578.00000000,0.003877
1749261759,0.00389000,108944.00000000,0.003877
1749261759,0.00389100,46580.00000000,0.003877
1749261759,0.00389200,216344.00000000,0.003877
1749261759,0.00389300,46580.00000000,0.003877
1749261759,0.00389400,166398.00000000,0.003877
1749261759,0.00389500,3116695.00000000,0.003877
1749261759,0.00389600,239852.00000000,0.003877
1749261759,0.00389700,71564.00000000,0.003877
1749261759,0.00389800,120939.00000000,0.003877
1749261759,0.00389900,93066.00000000,0.003877
1749261759,0.00390000,84146.00000000,0.003877
1749261759,0.00390100,1531041.00000000,0.003877
1749261759,0.00390200,40827.00000000,0.003877
1749261759,0.00390300,358343.00000000,0.003877
1749261759,0.00390400,450596.00000000,0.003877
1749261759,0.00390500,84279.00000000,0.003877
1749261759,0.00390600,46580.00000000,0.003877
1749261759,0.00390700,243782.00000000,0.003877
1749261759,0.00390900,80591.00000000,0.003877
1749261759,0.00391000,85631.00000000,0.003877
1749261759,0.00391100,207217.00000000,0.003877
1749261759,0.00391300,46580.00000000,0.003877
1749261759,0.00391400,283918.00000000,0.003877
1749261759,0.00391500,818697.00000000,0.003877
1749261759,0.00391700,187162.00000000,0.003877
1749261759,0.00391800,89085.00000000,0.003877
1749261759,0.00391900,27985.00000000,0.003877
1749261759,0.00392000,46580.00000000,0.003877
1749261759,0.00392100,689300.00000000,0.003877
1749261759,0.00392200,183403.00000000,0.003877
1749261759,0.00392300,642711.00000000,0.003877
1749261759,0.00392400,46580.00000000,0.003877
1749261759,0.00392600,84146.00000000,0.003877
1749261759,0.00393000,37566.00000000,0.003877
1749261759,0.00393300,586566.00000000,0.003877
1749261759,0.00393500,11733.00000000,0.003877
1749261759,0.00393700,42481.00000000,0.003877
1749261759,0.00393800,386212.00000000,0.003877
1749261759,0.00393900,1320.00000000,0.003877
1749261759,0.00394000,43885.00000000,0.003877
1749261759,0.00394100,1319.00000000,0.003877
1749261759,0.00394200,1319.00000000,0.003877
1749261759,0.00394300,21782.00000000,0.003877
1749261759,0.00394400,40564.00000000,0.003877
1749261759,0.00394500,1318.00000000,0.003877
1749261759,0.00394600,1317.00000000,0.003877
1749261759,0.00394700,46228.00000000,0.003877
1749261759,0.00394800,1317.00000000,0.003877
1749261759,0.00394900,1316.00000000,0.003877
1749261759,0.00395000,38882.00000000,0.003877
1749261759,0.00395100,1316.00000000,0.003877
1749261759,0.00395200,1315.00000000,0.003877
1749261759,0.00395300,12681.00000000,0.003877
1749261759,0.00395400,1315.00000000,0.003877
1749261759,0.00395500,73009.00000000,0.003877
1749261759,0.00395600,1314.00000000,0.003877
1749261759,0.00395700,6204.00000000,0.003877
1749261759,0.00395800,38879.00000000,0.003877
1749261759,0.00395900,1313.00000000,0.003877
1749261759,0.00396000,9112.00000000,0.003877
1749261759,0.00396100,1312.00000000,0.003877
1749261759,0.00396200,1312.00000000,0.003877
1749261759,0.00396300,114372.00000000,0.003877
1749261759,0.00396400,799540.00000000,0.003877
1749261759,0.00396500,1311.00000000,0.003877
1749261759,0.00396600,1311.00000000,0.003877
1749261759,0.00396700,7772.00000000,0.003877
1749261759,0.00396800,1310.00000000,0.003877
1749261759,0.00396900,1310.00000000,0.003877
1749261759,0.00397000,21632.00000000,0.003877
1749261759,0.00397100,6272.00000000,0.003877
1749261759,0.00397200,1309.00000000,0.003877
1749261759,0.00397300,1308.00000000,0.003877
1749261759,0.00397400,1308.00000000,0.003877
1749261759,0.00397500,1308.00000000,0.003877
1749261759,0.00397600,1307.00000000,0.003877
1749261759,0.00397700,6172.00000000,0.003877
1749261759,0.00397800,1307.00000000,0.003877
1749261759,0.00397900,1306.00000000,0.003877
1749261759,0.00398000,1306.00000000,0.003877
1749261759,0.00398100,5303.00000000,0.003877
1749261759,0.00398200,1305.00000000,0.003877
1749261759,0.00398300,24931.00000000,0.003877
1749261759,0.00398400,15220.00000000,0.003877
1749261759,0.00398500,1304.00000000,0.003877
1749261759,0.00398600,1304.00000000,0.003877
1749261759,0.00398700,1304.00000000,0.003877
1749261759,0.00398800,1303.00000000,0.003877
1749262061,0.00387900,46580.00000000,0.003879
1749262061,0.00388000,121076.00000000,0.003879
1749262061,0.00388100,46580.00000000,0.003879
1749262061,0.00388200,33934.00000000,0.003879
1749262061,0.00388300,88794.00000000,0.003879
1749262061,0.00388400,141239.00000000,0.003879
1749262061,0.00388500,89075.00000000,0.003879
1749262061,0.00388600,88306.00000000,0.003879
1749262061,0.00388700,63402.00000000,0.003879
1749262061,0.00388800,221116.00000000,0.003879
1749262061,0.00388900,46580.00000000,0.003879
1749262061,0.00389000,73264.00000000,0.003879
1749262061,0.00389100,63646.00000000,0.003879
1749262061,0.00389200,137469.00000000,0.003879
1749262061,0.00389300,252592.00000000,0.003879
1749262061,0.00389400,74732.00000000,0.003879
1749262061,0.00389500,2748890.00000000,0.003879
1749262061,0.00389600,239852.00000000,0.003879
1749262061,0.00389700,71564.00000000,0.003879
1749262061,0.00389800,120939.00000000,0.003879
1749262061,0.00389900,93066.00000000,0.003879
1749262061,0.00390000,84146.00000000,0.003879
1749262061,0.00390100,80587.00000000,0.003879
1749262061,0.00390200,40827.00000000,0.003879
1749262061,0.00390300,207301.00000000,0.003879
1749262061,0.00390400,599824.00000000,0.003879
1749262061,0.00390500,560354.00000000,0.003879
1749262061,0.00390600,1497034.00000000,0.003879
1749262061,0.00390700,384364.00000000,0.003879
1749262061,0.00390900,80591.00000000,0.003879
1749262061,0.00391000,85631.00000000,0.003879
1749262061,0.00391100,207217.00000000,0.003879
1749262061,0.00391200,34025.00000000,0.003879
1749262061,0.00391300,46580.00000000,0.003879
1749262061,0.00391400,283918.00000000,0.003879
1749262061,0.00391500,676993.00000000,0.003879
1749262061,0.00391700,46580.00000000,0.003879
1749262061,0.00391800,89085.00000000,0.003879
1749262061,0.00391900,27985.00000000,0.003879
1749262061,0.00392000,46580.00000000,0.003879
1749262061,0.00392100,689300.00000000,0.003879
1749262061,0.00392200,183403.00000000,0.003879
1749262061,0.00392300,778891.00000000,0.003879
1749262061,0.00392400,46580.00000000,0.003879
1749262061,0.00392600,84146.00000000,0.003879
1749262061,0.00393000,84146.00000000,0.003879
1749262061,0.00393300,450386.00000000,0.003879
1749262061,0.00393500,11733.00000000,0.003879
1749262061,0.00393700,42481.00000000,0.003879
1749262061,0.00393800,386212.00000000,0.003879
1749262061,0.00393900,1320.00000000,0.003879
1749262061,0.00394000,43885.00000000,0.003879
1749262061,0.00394100,1319.00000000,0.003879
1749262061,0.00394200,1319.00000000,0.003879
1749262061,0.00394300,21782.00000000,0.003879
1749262061,0.00394400,40564.00000000,0.003879
1749262061,0.00394500,1318.00000000,0.003879
1749262061,0.00394600,1317.00000000,0.003879
1749262061,0.00394700,46228.00000000,0.003879
1749262061,0.00394800,1317.00000000,0.003879
1749262061,0.00394900,1316.00000000,0.003879
1749262061,0.00395000,38882.00000000,0.003879
1749262061,0.00395100,1316.00000000,0.003879
1749262061,0.00395200,1315.00000000,0.003879
1749262061,0.00395300,12681.00000000,0.003879
1749262061,0.00395400,1315.00000000,0.003879
1749262061,0.00395500,73009.00000000,0.003879
1749262061,0.00395600,1314.00000000,0.003879
1749262061,0.00395700,6204.00000000,0.003879
1749262061,0.00395800,38879.00000000,0.003879
1749262061,0.00395900,1313.00000000,0.003879
1749262061,0.00396000,9112.00000000,0.003879
1749262061,0.00396100,1312.00000000,0.003879
1749262061,0.00396200,1312.00000000,0.003879
1749262061,0.00396300,114372.00000000,0.003879
1749262061,0.00396400,799540.00000000,0.003879
1749262061,0.00396500,1311.00000000,0.003879
1749262061,0.00396600,1311.00000000,0.003879
1749262061,0.00396700,7772.00000000,0.003879
1749262061,0.00396800,1310.00000000,0.003879
1749262061,0.00396900,1310.00000000,0.003879
1749262061,0.00397000,21632.00000000,0.003879
1749262061,0.00397100,6272.00000000,0.003879
1749262061,0.00397200,1309.00000000,0.003879
1749262061,0.00397300,1308.00000000,0.003879
1749262061,0.00397400,1308.00000000,0.003879
1749262061,0.00397500,1308.00000000,0.003879
1749262061,0.00397600,1307.00000000,0.003879
1749262061,0.00397700,6172.00000000,0.003879
1749262061,0.00397800,1307.00000000,0.003879
1749262061,0.00397900,1306.00000000,0.003879
1749262061,0.00398000,1306.00000000,0.003879
1749262061,0.00398100,5303.00000000,0.003879
1749262061,0.00398200,1305.00000000,0.003879
1749262061,0.00398300,24931.00000000,0.003879
1749262061,0.00398400,15220.00000000,0.003879
1749262061,0.00398500,1304.00000000,0.003879
1749262061,0.00398600,1304.00000000,0.003879
1749262061,0.00398700,1304.00000000,0.003879
1749262061,0.00398800,1303.00000000,0.003879
1749262368,0.00388200,46580.00000000,0.003882
1749262368,0.00388300,128316.00000000,0.003882
1749262368,0.00388400,45962.00000000,0.003882
1749262368,0.00388500,70883.00000000,0.003882
1749262368,0.00388600,174346.00000000,0.003882
1749262368,0.00388700,89517.00000000,0.003882
1749262368,0.00388800,356087.00000000,0.003882
1749262368,0.00388900,80622.00000000,0.003882
1749262368,0.00389000,71569.00000000,0.003882
1749262368,0.00389100,88102.00000000,0.003882
1749262368,0.00389200,137469.00000000,0.003882
1749262368,0.00389300,104881.00000000,0.003882
1749262368,0.00389400,76478.00000000,0.003882
1749262368,0.00389500,157758.00000000,0.003882
1749262368,0.00389600,46580.00000000,0.003882
1749262368,0.00389700,71564.00000000,0.003882
1749262368,0.00389800,249771.00000000,0.003882
1749262368,0.00389900,2716913.00000000,0.003882
1749262368,0.00390000,84146.00000000,0.003882
1749262368,0.00390100,1531041.00000000,0.003882
1749262368,0.00390200,40827.00000000,0.003882
1749262368,0.00390300,207301.00000000,0.003882
1749262368,0.00390400,599824.00000000,0.003882
1749262368,0.00390500,418650.00000000,0.003882
1749262368,0.00390600,46580.00000000,0.003882
1749262368,0.00390700,243782.00000000,0.003882
1749262368,0.00390900,80591.00000000,0.003882
1749262368,0.00391000,85645.00000000,0.003882
1749262368,0.00391100,207217.00000000,0.003882
1749262368,0.00391200,34007.00000000,0.003882
1749262368,0.00391300,46580.00000000,0.003882
1749262368,0.00391400,283918.00000000,0.003882
1749262368,0.00391500,818697.00000000,0.003882
1749262368,0.00391700,187162.00000000,0.003882
1749262368,0.00391800,123666.00000000,0.003882
1749262368,0.00391900,27985.00000000,0.003882
1749262368,0.00392000,46580.00000000,0.003882
1749262368,0.00392100,689300.00000000,0.003882
1749262368,0.00392200,183403.00000000,0.003882
1749262368,0.00392300,778891.00000000,0.003882
1749262368,0.00392400,46580.00000000,0.003882
1749262368,0.00392600,84146.00000000,0.003882
1749262368,0.00393000,84146.00000000,0.003882
1749262368,0.00393300,450386.00000000,0.003882
1749262368,0.00393500,11733.00000000,0.003882
1749262368,0.00393700,42481.00000000,0.003882
1749262368,0.00393800,386212.00000000,0.003882
1749262368,0.00393900,1320.00000000,0.003882
1749262368,0.00394000,43885.00000000,0.003882
1749262368,0.00394100,1319.00000000,0.003882
1749262368,0.00394200,1319.00000000,0.003882
1749262368,0.00394300,21782.00000000,0.003882
1749262368,0.00394400,40564.00000000,0.003882
1749262368,0.00394500,1318.00000000,0.003882
1749262368,0.00394600,1317.00000000,0.003882
1749262368,0.00394700,46228.00000000,0.003882
1749262368,0.00394800,1317.00000000,0.003882
1749262368,0.00394900,1316.00000000,0.003882
1749262368,0.00395000,38882.00000000,0.003882
1749262368,0.00395100,1316.00000000,0.003882
1749262368,0.00395200,1315.00000000,0.003882
1749262368,0.00395300,12681.00000000,0.003882
1749262368,0.00395400,1315.00000000,0.003882
1749262368,0.00395500,73009.00000000,0.003882
1749262368,0.00395600,1314.00000000,0.003882
1749262368,0.00395700,6204.00000000,0.003882
1749262368,0.00395800,38879.00000000,0.003882
1749262368,0.00395900,1313.00000000,0.003882
1749262368,0.00396000,9112.00000000,0.003882
1749262368,0.00396100,1312.00000000,0.003882
1749262368,0.00396200,1312.00000000,0.003882
1749262368,0.00396300,114372.00000000,0.003882
1749262368,0.00396400,799540.00000000,0.003882
1749262368,0.00396500,1311.00000000,0.003882
1749262368,0.00396600,1311.00000000,0.003882
1749262368,0.00396700,7772.00000000,0.003882
1749262368,0.00396800,1310.00000000,0.003882
1749262368,0.00396900,1310.00000000,0.003882
1749262368,0.00397000,21632.00000000,0.003882
1749262368,0.00397100,6272.00000000,0.003882
1749262368,0.00397200,1309.00000000,0.003882
1749262368,0.00397300,1308.00000000,0.003882
1749262368,0.00397400,1308.00000000,0.003882
1749262368,0.00397500,1308.00000000,0.003882
1749262368,0.00397600,1307.00000000,0.003882
1749262368,0.00397700,6172.00000000,0.003882
1749262368,0.00397800,1307.00000000,0.003882
1749262368,0.00397900,1306.00000000,0.003882
1749262368,0.00398000,1306.00000000,0.003882
1749262368,0.00398100,5303.00000000,0.003882
1749262368,0.00398200,1305.00000000,0.003882
1749262368,0.00398300,24931.00000000,0.003882
1749262368,0.00398400,15220.00000000,0.003882
1749262368,0.00398500,1304.00000000,0.003882
1749262368,0.00398600,1304.00000000,0.003882
1749262368,0.00398700,1304.00000000,0.003882
1749262368,0.00398800,1303.00000000,0.003882
1749262368,0.00398900,4173.00000000,0.003882
1749262368,0.00399000,1303.00000000,0.003882
1749262368,0.00399100,5562.00000000,0.003882
1749262669,0.00388400,46580.00000000,0.003883
1749262669,0.00388500,88642.00000000,0.003883
1749262669,0.00388600,26128.00000000,0.003883
1749262669,0.00388700,63754.00000000,0.003883
1749262669,0.00388800,82008.00000000,0.003883
1749262669,0.00388900,153486.00000000,0.003883
1749262669,0.00389000,63329.00000000,0.003883
1749262669,0.00389100,46580.00000000,0.003883
1749262669,0.00389200,82278.00000000,0.003883
1749262669,0.00389300,104881.00000000,0.003883
1749262669,0.00389400,153801.00000000,0.003883
1749262669,0.00389500,80578.00000000,0.003883
1749262669,0.00389600,46580.00000000,0.003883
1749262669,0.00389700,71564.00000000,0.003883
1749262669,0.00389800,485171.00000000,0.003883
1749262669,0.00389900,93066.00000000,0.003883
1749262669,0.00390000,212978.00000000,0.003883
1749262669,0.00390100,80587.00000000,0.003883
1749262669,0.00390200,40827.00000000,0.003883
1749262669,0.00390300,207301.00000000,0.003883
1749262669,0.00390400,450596.00000000,0.003883
1749262669,0.00390500,2742406.00000000,0.003883
1749262669,0.00390600,46580.00000000,0.003883
1749262669,0.00390700,118153.00000000,0.003883
1749262669,0.00390800,1450454.00000000,0.003883
1749262669,0.00390900,228623.00000000,0.003883
1749262669,0.00391000,85645.00000000,0.003883
1749262669,0.00391100,207217.00000000,0.003883
1749262669,0.00391200,34007.00000000,0.003883
1749262669,0.00391300,46580.00000000,0.003883
1749262669,0.00391400,443480.00000000,0.003883
1749262669,0.00391500,818697.00000000,0.003883
1749262669,0.00391600,80565.00000000,0.003883
1749262669,0.00391700,187162.00000000,0.003883
1749262669,0.00391800,123666.00000000,0.003883
1749262669,0.00391900,27985.00000000,0.003883
1749262669,0.00392000,46580.00000000,0.003883
1749262669,0.00392100,546330.00000000,0.003883
1749262669,0.00392200,183403.00000000,0.003883
1749262669,0.00392300,642711.00000000,0.003883
1749262669,0.00392400,46580.00000000,0.003883
1749262669,0.00392600,84146.00000000,0.003883
1749262669,0.00393000,84146.00000000,0.003883
1749262669,0.00393100,142970.00000000,0.003883
1749262669,0.00393200,46580.00000000,0.003883
1749262669,0.00393300,586566.00000000,0.003883
1749262669,0.00393400,46580.00000000,0.003883
1749262669,0.00393500,11733.00000000,0.003883
1749262669,0.00393700,42481.00000000,0.003883
1749262669,0.00393800,386212.00000000,0.003883
1749262669,0.00393900,1320.00000000,0.003883
1749262669,0.00394000,43885.00000000,0.003883
1749262669,0.00394100,1319.00000000,0.003883
1749262669,0.00394200,1319.00000000,0.003883
1749262669,0.00394300,21782.00000000,0.003883
1749262669,0.00394400,40564.00000000,0.003883
1749262669,0.00394500,1318.00000000,0.003883
1749262669,0.00394600,1317.00000000,0.003883
1749262669,0.00394700,46228.00000000,0.003883
1749262669,0.00394800,1317.00000000,0.003883
1749262669,0.00394900,1316.00000000,0.003883
1749262669,0.00395000,38882.00000000,0.003883
1749262669,0.00395100,1316.00000000,0.003883
1749262669,0.00395200,1315.00000000,0.003883
1749262669,0.00395300,12681.00000000,0.003883
1749262669,0.00395400,1315.00000000,0.003883
1749262669,0.00395500,73009.00000000,0.003883
1749262669,0.00395600,1314.00000000,0.003883
1749262669,0.00395700,6204.00000000,0.003883
1749262669,0.00395800,38879.00000000,0.003883
1749262669,0.00395900,19106.00000000,0.003883
1749262669,0.00396000,807341.00000000,0.003883
1749262669,0.00396100,1312.00000000,0.003883
1749262669,0.00396200,1312.00000000,0.003883
1749262669,0.00396300,96579.00000000,0.003883
1749262669,0.00396400,1311.00000000,0.003883
1749262669,0.00396500,1311.00000000,0.003883
1749262669,0.00396600,1311.00000000,0.003883
1749262669,0.00396700,7772.00000000,0.003883
1749262669,0.00396800,1310.00000000,0.003883
1749262669,0.00396900,1310.00000000,0.003883
1749262669,0.00397000,21632.00000000,0.003883
1749262669,0.00397100,6272.00000000,0.003883
1749262669,0.00397200,1309.00000000,0.003883
1749262669,0.00397300,1308.00000000,0.003883
1749262669,0.00397400,1308.00000000,0.003883
1749262669,0.00397500,1308.00000000,0.003883
1749262669,0.00397600,1307.00000000,0.003883
1749262669,0.00397700,6172.00000000,0.003883
1749262669,0.00397800,1307.00000000,0.003883
1749262669,0.00397900,1306.00000000,0.003883
1749262669,0.00398000,1306.00000000,0.003883
1749262669,0.00398100,5303.00000000,0.003883
1749262669,0.00398200,1305.00000000,0.003883
1749262669,0.00398300,24931.00000000,0.003883
1749262669,0.00398400,15220.00000000,0.003883
1749262669,0.00398500,1304.00000000,0.003883
1749262669,0.00398600,1304.00000000,0.003883
1749262669,0.00398700,1304.00000000,0.003883
1749262669,0.00398800,1303.00000000,0.003883
1749262971,0.00388200,46580.00000000,0.003882
1749262971,0.00388300,123564.00000000,0.003882
1749262971,0.00388400,63114.00000000,0.003882
1749262971,0.00388500,16534.00000000,0.003882
1749262971,0.00388600,33990.00000000,0.003882
1749262971,0.00388700,117285.00000000,0.003882
1749262971,0.00388800,63912.00000000,0.003882
1749262971,0.00388900,97298.00000000,0.003882
1749262971,0.00389000,54136.00000000,0.003882
1749262971,0.00389100,80591.00000000,0.003882
1749262971,0.00389200,80583.00000000,0.003882
1749262971,0.00389300,106576.00000000,0.003882
1749262971,0.00389400,191302.00000000,0.003882
1749262971,0.00389500,80578.00000000,0.003882
1749262971,0.00389600,252592.00000000,0.003882
1749262971,0.00389700,71564.00000000,0.003882
1749262971,0.00389800,553263.00000000,0.003882
1749262971,0.00389900,93066.00000000,0.003882
1749262971,0.00390000,84146.00000000,0.003882
1749262971,0.00390100,2745136.00000000,0.003882
1749262971,0.00390200,40827.00000000,0.003882
1749262971,0.00390300,1657755.00000000,0.003882
1749262971,0.00390400,450596.00000000,0.003882
1749262971,0.00390500,80587.00000000,0.003882
1749262971,0.00390600,46580.00000000,0.003882
1749262971,0.00390700,118153.00000000,0.003882
1749262971,0.00390900,370445.00000000,0.003882
1749262971,0.00391000,85645.00000000,0.003882
1749262971,0.00391100,207217.00000000,0.003882
1749262971,0.00391200,34007.00000000,0.003882
1749262971,0.00391300,46580.00000000,0.003882
1749262971,0.00391400,409482.00000000,0.003882
1749262971,0.00391500,818697.00000000,0.003882
1749262971,0.00391600,46580.00000000,0.003882
1749262971,0.00391700,187162.00000000,0.003882
1749262971,0.00391800,89085.00000000,0.003882
1749262971,0.00391900,27985.00000000,0.003882
1749262971,0.00392000,46580.00000000,0.003882
1749262971,0.00392100,546330.00000000,0.003882
1749262971,0.00392200,183403.00000000,0.003882
1749262971,0.00392300,642711.00000000,0.003882
1749262971,0.00392400,46580.00000000,0.003882
1749262971,0.00392600,84146.00000000,0.003882
1749262971,0.00393000,84146.00000000,0.003882
1749262971,0.00393100,142970.00000000,0.003882
1749262971,0.00393200,46580.00000000,0.003882
1749262971,0.00393300,586566.00000000,0.003882
1749262971,0.00393500,11733.00000000,0.003882
1749262971,0.00393700,42481.00000000,0.003882
1749262971,0.00393800,386212.00000000,0.003882
1749262971,0.00393900,1320.00000000,0.003882
1749262971,0.00394000,43885.00000000,0.003882
1749262971,0.00394100,1319.00000000,0.003882
1749262971,0.00394200,1319.00000000,0.003882
1749262971,0.00394300,21782.00000000,0.003882
1749262971,0.00394400,40564.00000000,0.003882
1749262971,0.00394500,1318.00000000,0.003882
1749262971,0.00394600,1317.00000000,0.003882
1749262971,0.00394700,46228.00000000,0.003882
1749262971,0.00394800,1317.00000000,0.003882
1749262971,0.00394900,1316.00000000,0.003882
1749262971,0.00395000,38882.00000000,0.003882
1749262971,0.00395100,1316.00000000,0.003882
1749262971,0.00395200,1315.00000000,0.003882
1749262971,0.00395300,12681.00000000,0.003882
1749262971,0.00395400,1315.00000000,0.003882
1749262971,0.00395500,73009.00000000,0.003882
1749262971,0.00395600,1314.00000000,0.003882
1749262971,0.00395700,6204.00000000,0.003882
1749262971,0.00395800,38879.00000000,0.003882
1749262971,0.00395900,76807.00000000,0.003882
1749262971,0.00396000,807341.00000000,0.003882
1749262971,0.00396100,1312.00000000,0.003882
1749262971,0.00396200,1312.00000000,0.003882
1749262971,0.00396300,38878.00000000,0.003882
1749262971,0.00396400,1311.00000000,0.003882
1749262971,0.00396500,1311.00000000,0.003882
1749262971,0.00396600,1311.00000000,0.003882
1749262971,0.00396700,7772.00000000,0.003882
1749262971,0.00396800,1310.00000000,0.003882
1749262971,0.00396900,1310.00000000,0.003882
1749262971,0.00397000,21632.00000000,0.003882
1749262971,0.00397100,6272.00000000,0.003882
1749262971,0.00397200,1309.00000000,0.003882
1749262971,0.00397300,1308.00000000,0.003882
1749262971,0.00397400,1308.00000000,0.003882
1749262971,0.00397500,1308.00000000,0.003882
1749262971,0.00397600,1307.00000000,0.003882
1749262971,0.00397700,6172.00000000,0.003882
1749262971,0.00397800,1307.00000000,0.003882
1749262971,0.00397900,1306.00000000,0.003882
1749262971,0.00398000,1306.00000000,0.003882
1749262971,0.00398100,5303.00000000,0.003882
1749262971,0.00398200,1305.00000000,0.003882
1749262971,0.00398300,24931.00000000,0.003882
1749262971,0.00398400,15220.00000000,0.003882
1749262971,0.00398500,1304.00000000,0.003882
1749262971,0.00398600,1304.00000000,0.003882
1749262971,0.00398700,1304.00000000,0.003882
1749262971,0.00398800,1303.00000000,0.003882
1749263280,0.00388600,107684.00000000,0.003885
1749263280,0.00388700,129556.00000000,0.003885
1749263280,0.00388800,63912.00000000,0.003885
1749263280,0.00388900,73534.00000000,0.003885
1749263280,0.00389000,124222.00000000,0.003885
1749263280,0.00389100,72343.00000000,0.003885
1749263280,0.00389200,80569.00000000,0.003885
1749263280,0.00389300,104881.00000000,0.003885
1749263280,0.00389400,191302.00000000,0.003885
1749263280,0.00389500,80578.00000000,0.003885
1749263280,0.00389600,48275.00000000,0.003885
1749263280,0.00389700,79426.00000000,0.003885
1749263280,0.00389800,371097.00000000,0.003885
1749263280,0.00389900,170246.00000000,0.003885
1749263280,0.00390000,212978.00000000,0.003885
1749263280,0.00390100,80587.00000000,0.003885
1749263280,0.00390200,2705057.00000000,0.003885
1749263280,0.00390300,207301.00000000,0.003885
1749263280,0.00390400,450596.00000000,0.003885
1749263280,0.00390500,1531041.00000000,0.003885
1749263280,0.00390600,46580.00000000,0.003885
1749263280,0.00390700,118153.00000000,0.003885
1749263280,0.00390900,370445.00000000,0.003885
1749263280,0.00391000,85645.00000000,0.003885
1749263280,0.00391100,207217.00000000,0.003885
1749263280,0.00391200,34007.00000000,0.003885
1749263280,0.00391300,46580.00000000,0.003885
1749263280,0.00391400,443476.00000000,0.003885
1749263280,0.00391500,818697.00000000,0.003885
1749263280,0.00391600,80569.00000000,0.003885
1749263280,0.00391700,187162.00000000,0.003885
1749263280,0.00391800,89085.00000000,0.003885
1749263280,0.00391900,27985.00000000,0.003885
1749263280,0.00392000,46580.00000000,0.003885
1749263280,0.00392100,546330.00000000,0.003885
1749263280,0.00392200,183403.00000000,0.003885
1749263280,0.00392300,753576.00000000,0.003885
1749263280,0.00392400,46580.00000000,0.003885
1749263280,0.00392600,84146.00000000,0.003885
1749263280,0.00393000,84146.00000000,0.003885
1749263280,0.00393100,142970.00000000,0.003885
1749263280,0.00393200,46580.00000000,0.003885
1749263280,0.00393300,586566.00000000,0.003885
1749263280,0.00393400,46580.00000000,0.003885
1749263280,0.00393500,11733.00000000,0.003885
1749263280,0.00393600,46580.00000000,0.003885
1749263280,0.00393700,42481.00000000,0.003885
1749263280,0.00393800,386212.00000000,0.003885
1749263280,0.00393900,1320.00000000,0.003885
1749263280,0.00394000,43885.00000000,0.003885
1749263280,0.00394100,1319.00000000,0.003885
1749263280,0.00394200,1319.00000000,0.003885
1749263280,0.00394300,21782.00000000,0.003885
1749263280,0.00394400,40564.00000000,0.003885
1749263280,0.00394500,1318.00000000,0.003885
1749263280,0.00394600,1317.00000000,0.003885
1749263280,0.00394700,46228.00000000,0.003885
1749263280,0.00394800,1317.00000000,0.003885
1749263280,0.00394900,1316.00000000,0.003885
1749263280,0.00395000,38882.00000000,0.003885
1749263280,0.00395100,1316.00000000,0.003885
1749263280,0.00395200,1315.00000000,0.003885
1749263280,0.00395300,12681.00000000,0.003885
1749263280,0.00395400,1315.00000000,0.003885
1749263280,0.00395500,73009.00000000,0.003885
1749263280,0.00395600,1314.00000000,0.003885
1749263280,0.00395700,6204.00000000,0.003885
1749263280,0.00395800,38879.00000000,0.003885
1749263280,0.00395900,76807.00000000,0.003885
1749263280,0.00396000,807341.00000000,0.003885
1749263280,0.00396100,1312.00000000,0.003885
1749263280,0.00396200,1312.00000000,0.003885
1749263280,0.00396300,38878.00000000,0.003885
1749263280,0.00396400,1311.00000000,0.003885
1749263280,0.00396500,1311.00000000,0.003885
1749263280,0.00396600,1311.00000000,0.003885
1749263280,0.00396700,7772.00000000,0.003885
1749263280,0.00396800,1310.00000000,0.003885
1749263280,0.00396900,1310.00000000,0.003885
1749263280,0.00397000,21632.00000000,0.003885
1749263280,0.00397100,6272.00000000,0.003885
1749263280,0.00397200,1309.00000000,0.003885
1749263280,0.00397300,1308.00000000,0.003885
1749263280,0.00397400,1308.00000000,0.003885
1749263280,0.00397500,1308.00000000,0.003885
1749263280,0.00397600,1307.00000000,0.003885
1749263280,0.00397700,6172.00000000,0.003885
1749263280,0.00397800,1307.00000000,0.003885
1749263280,0.00397900,1306.00000000,0.003885
1749263280,0.00398000,1306.00000000,0.003885
1749263280,0.00398100,5303.00000000,0.003885
1749263280,0.00398200,1305.00000000,0.003885
1749263280,0.00398300,24931.00000000,0.003885
1749263280,0.00398400,1305.00000000,0.003885
1749263280,0.00398500,1304.00000000,0.003885
1749263280,0.00398600,1304.00000000,0.003885
1749263280,0.00398700,1304.00000000,0.003885
1749263280,0.00398800,1303.00000000,0.003885
1749263280,0.00398900,4173.00000000,0.003885
1749263280,0.00399000,1303.00000000,0.003885
1749263581,0.00388100,1760.00000000,0.003882
1749263581,0.00388200,105322.00000000,0.003882
1749263581,0.00388300,73678.00000000,0.003882
1749263581,0.00388400,63140.00000000,0.003882
1749263581,0.00388500,72908.00000000,0.003882
1749263581,0.00388600,197398.00000000,0.003882
1749263581,0.00388700,63754.00000000,0.003882
1749263581,0.00388800,109808.00000000,0.003882
1749263581,0.00388900,100866.00000000,0.003882
1749263581,0.00389000,45419.00000000,0.003882
1749263581,0.00389100,54442.00000000,0.003882
1749263581,0.00389200,137447.00000000,0.003882
1749263581,0.00389300,141951.00000000,0.003882
1749263581,0.00389400,153801.00000000,0.003882
1749263581,0.00389500,286590.00000000,0.003882
1749263581,0.00389600,46580.00000000,0.003882
1749263581,0.00389700,73259.00000000,0.003882
1749263581,0.00389800,485547.00000000,0.003882
1749263581,0.00389900,2758617.00000000,0.003882
1749263581,0.00390000,84146.00000000,0.003882
1749263581,0.00390100,1531041.00000000,0.003882
1749263581,0.00390200,40827.00000000,0.003882
1749263581,0.00390300,207301.00000000,0.003882
1749263581,0.00390400,598384.00000000,0.003882
1749263581,0.00390500,80587.00000000,0.003882
1749263581,0.00390600,46580.00000000,0.003882
1749263581,0.00390700,118153.00000000,0.003882
1749263581,0.00390800,193845.00000000,0.003882
1749263581,0.00390900,80591.00000000,0.003882
1749263581,0.00391000,85645.00000000,0.003882
1749263581,0.00391100,207217.00000000,0.003882
1749263581,0.00391200,34007.00000000,0.003882
1749263581,0.00391300,58456.00000000,0.003882
1749263581,0.00391400,409482.00000000,0.003882
1749263581,0.00391500,818697.00000000,0.003882
1749263581,0.00391600,46580.00000000,0.003882
1749263581,0.00391700,187162.00000000,0.003882
1749263581,0.00391800,89085.00000000,0.003882
1749263581,0.00391900,74565.00000000,0.003882
1749263581,0.00392000,46580.00000000,0.003882
1749263581,0.00392100,546330.00000000,0.003882
1749263581,0.00392200,183403.00000000,0.003882
1749263581,0.00392300,642711.00000000,0.003882
1749263581,0.00392400,46580.00000000,0.003882
1749263581,0.00392600,37566.00000000,0.003882
1749263581,0.00393000,37566.00000000,0.003882
1749263581,0.00393100,142970.00000000,0.003882
1749263581,0.00393300,586566.00000000,0.003882
1749263581,0.00393500,11733.00000000,0.003882
1749263581,0.00393700,42481.00000000,0.003882
1749263581,0.00393800,386212.00000000,0.003882
1749263581,0.00393900,1320.00000000,0.003882
1749263581,0.00394000,55665.00000000,0.003882
1749263581,0.00394100,1319.00000000,0.003882
1749263581,0.00394200,1319.00000000,0.003882
1749263581,0.00394300,21782.00000000,0.003882
1749263581,0.00394400,40564.00000000,0.003882
1749263581,0.00394500,1318.00000000,0.003882
1749263581,0.00394600,1317.00000000,0.003882
1749263581,0.00394700,46228.00000000,0.003882
1749263581,0.00394800,1317.00000000,0.003882
1749263581,0.00394900,1316.00000000,0.003882
1749263581,0.00395000,38882.00000000,0.003882
1749263581,0.00395100,1316.00000000,0.003882
1749263581,0.00395200,1315.00000000,0.003882
1749263581,0.00395300,12681.00000000,0.003882
1749263581,0.00395400,1315.00000000,0.003882
1749263581,0.00395500,73009.00000000,0.003882
1749263581,0.00395600,1314.00000000,0.003882
1749263581,0.00395700,6204.00000000,0.003882
1749263581,0.00395800,38879.00000000,0.003882
1749263581,0.00395900,76807.00000000,0.003882
1749263581,0.00396000,807341.00000000,0.003882
1749263581,0.00396100,1312.00000000,0.003882
1749263581,0.00396200,1312.00000000,0.003882
1749263581,0.00396300,38878.00000000,0.003882
1749263581,0.00396400,1311.00000000,0.003882
1749263581,0.00396500,1311.00000000,0.003882
1749263581,0.00396600,13013.00000000,0.003882
1749263581,0.00396700,7772.00000000,0.003882
1749263581,0.00396800,1310.00000000,0.003882
1749263581,0.00396900,1310.00000000,0.003882
1749263581,0.00397000,21632.00000000,0.003882
1749263581,0.00397100,6272.00000000,0.003882
1749263581,0.00397200,1309.00000000,0.003882
1749263581,0.00397300,1308.00000000,0.003882
1749263581,0.00397400,1308.00000000,0.003882
1749263581,0.00397500,1308.00000000,0.003882
1749263581,0.00397600,1307.00000000,0.003882
1749263581,0.00397700,6172.00000000,0.003882
1749263581,0.00397800,1307.00000000,0.003882
1749263581,0.00397900,1306.00000000,0.003882
1749263581,0.00398000,1306.00000000,0.003882
1749263581,0.00398100,5303.00000000,0.003882
1749263581,0.00398200,1305.00000000,0.003882
1749263581,0.00398300,24931.00000000,0.003882
1749263581,0.00398400,1305.00000000,0.003882
1749263581,0.00398500,1304.00000000,0.003882
1749263581,0.00398600,1304.00000000,0.003882
1749263581,0.00398700,1304.00000000,0.003882
1749263883,0.00388400,55970.00000000,0.003882
1749263883,0.00388600,46580.00000000,0.003882
1749263883,0.00388700,132988.00000000,0.003882
1749263883,0.00388800,26972.00000000,0.003882
1749263883,0.00388900,116334.00000000,0.003882
1749263883,0.00389000,48974.00000000,0.003882
1749263883,0.00389100,54818.00000000,0.003882
1749263883,0.00389200,70656.00000000,0.003882
1749263883,0.00389300,96635.00000000,0.003882
1749263883,0.00389400,153801.00000000,0.003882
1749263883,0.00389500,80578.00000000,0.003882
1749263883,0.00389600,46580.00000000,0.003882
1749263883,0.00389700,71564.00000000,0.003882
1749263883,0.00389800,544315.00000000,0.003882
1749263883,0.00389900,221898.00000000,0.003882
1749263883,0.00390000,84146.00000000,0.003882
1749263883,0.00390100,80587.00000000,0.003882
1749263883,0.00390200,40827.00000000,0.003882
1749263883,0.00390300,2872725.00000000,0.003882
1749263883,0.00390400,450596.00000000,0.003882
1749263883,0.00390500,168918.00000000,0.003882
1749263883,0.00390600,1497034.00000000,0.003882
1749263883,0.00390700,118153.00000000,0.003882
1749263883,0.00390900,80591.00000000,0.003882
1749263883,0.00391000,85645.00000000,0.003882
1749263883,0.00391100,358166.00000000,0.003882
1749263883,0.00391200,34007.00000000,0.003882
1749263883,0.00391300,58456.00000000,0.003882
1749263883,0.00391400,443498.00000000,0.003882
1749263883,0.00391500,818697.00000000,0.003882
1749263883,0.00391600,80569.00000000,0.003882
1749263883,0.00391700,470932.00000000,0.003882
1749263883,0.00391800,89085.00000000,0.003882
1749263883,0.00391900,74565.00000000,0.003882
1749263883,0.00392000,46580.00000000,0.003882
1749263883,0.00392100,546330.00000000,0.003882
1749263883,0.00392200,183403.00000000,0.003882
1749263883,0.00392300,642711.00000000,0.003882
1749263883,0.00392400,46580.00000000,0.003882
1749263883,0.00392600,84146.00000000,0.003882
1749263883,0.00393000,84146.00000000,0.003882
1749263883,0.00393100,142970.00000000,0.003882
1749263883,0.00393200,46580.00000000,0.003882
1749263883,0.00393300,586566.00000000,0.003882
1749263883,0.00393400,46580.00000000,0.003882
1749263883,0.00393500,11733.00000000,0.003882
1749263883,0.00393700,42481.00000000,0.003882
1749263883,0.00393800,386212.00000000,0.003882
1749263883,0.00393900,1320.00000000,0.003882
1749263883,0.00394000,55665.00000000,0.003882
1749263883,0.00394100,1319.00000000,0.003882
1749263883,0.00394200,1319.00000000,0.003882
1749263883,0.00394300,21782.00000000,0.003882
1749263883,0.00394400,40564.00000000,0.003882
1749263883,0.00394500,1318.00000000,0.003882
1749263883,0.00394600,1317.00000000,0.003882
1749263883,0.00394700,46228.00000000,0.003882
1749263883,0.00394800,1317.00000000,0.003882
1749263883,0.00394900,1316.00000000,0.003882
1749263883,0.00395000,38882.00000000,0.003882
1749263883,0.00395100,1316.00000000,0.003882
1749263883,0.00395200,1315.00000000,0.003882
1749263883,0.00395300,12681.00000000,0.003882
1749263883,0.00395400,1315.00000000,0.003882
1749263883,0.00395500,73009.00000000,0.003882
1749263883,0.00395600,1314.00000000,0.003882
1749263883,0.00395700,6204.00000000,0.003882
1749263883,0.00395800,38879.00000000,0.003882
1749263883,0.00395900,76807.00000000,0.003882
1749263883,0.00396000,807341.00000000,0.003882
1749263883,0.00396100,1312.00000000,0.003882
1749263883,0.00396200,1312.00000000,0.003882
1749263883,0.00396300,38878.00000000,0.003882
1749263883,0.00396400,1311.00000000,0.003882
1749263883,0.00396500,1311.00000000,0.003882
1749263883,0.00396600,13013.00000000,0.003882
1749263883,0.00396700,7772.00000000,0.003882
1749263883,0.00396800,1310.00000000,0.003882
1749263883,0.00396900,1310.00000000,0.003882
1749263883,0.00397000,21632.00000000,0.003882
1749263883,0.00397100,6272.00000000,0.003882
1749263883,0.00397200,1309.00000000,0.003882
1749263883,0.00397300,1308.00000000,0.003882
1749263883,0.00397400,1308.00000000,0.003882
1749263883,0.00397500,1308.00000000,0.003882
1749263883,0.00397600,1307.00000000,0.003882
1749263883,0.00397700,6172.00000000,0.003882
1749263883,0.00397800,1307.00000000,0.003882
1749263883,0.00397900,1306.00000000,0.003882
1749263883,0.00398000,1306.00000000,0.003882
1749263883,0.00398100,5303.00000000,0.003882
1749263883,0.00398200,1305.00000000,0.003882
1749263883,0.00398300,24931.00000000,0.003882
1749263883,0.00398400,1305.00000000,0.003882
1749263883,0.00398500,1304.00000000,0.003882
1749263883,0.00398600,1304.00000000,0.003882
1749263883,0.00398700,1304.00000000,0.003882
1749263883,0.00398800,1303.00000000,0.003882
1749263883,0.00398900,4173.00000000,0.003882
1749263883,0.00399000,1303.00000000,0.003882
1749264184,0.00389600,83282.00000000,0.003895
1749264184,0.00389700,65564.00000000,0.003895
1749264184,0.00389800,14948.00000000,0.003895
1749264184,0.00389900,134151.00000000,0.003895
1749264184,0.00390000,62996.00000000,0.003895
1749264184,0.00390100,61528.00000000,0.003895
1749264184,0.00390200,87709.00000000,0.003895
1749264184,0.00390300,190058.00000000,0.003895
1749264184,0.00390400,84146.00000000,0.003895
1749264184,0.00390500,189979.00000000,0.003895
1749264184,0.00390600,46580.00000000,0.003895
1749264184,0.00390700,224728.00000000,0.003895
1749264184,0.00390800,111321.00000000,0.003895
1749264184,0.00390900,2710217.00000000,0.003895
1749264184,0.00391000,85518.00000000,0.003895
1749264184,0.00391100,120930.00000000,0.003895
1749264184,0.00391200,1484435.00000000,0.003895
1749264184,0.00391300,58456.00000000,0.003895
1749264184,0.00391400,444613.00000000,0.003895
1749264184,0.00391500,284343.00000000,0.003895
1749264184,0.00391600,80561.00000000,0.003895
1749264184,0.00391700,46580.00000000,0.003895
1749264184,0.00391800,89085.00000000,0.003895
1749264184,0.00391900,217535.00000000,0.003895
1749264184,0.00392000,80561.00000000,0.003895
1749264184,0.00392200,583834.00000000,0.003895
1749264184,0.00392300,912917.00000000,0.003895
1749264184,0.00392400,171914.00000000,0.003895
1749264184,0.00392500,80495.00000000,0.003895
1749264184,0.00392600,476796.00000000,0.003895
1749264184,0.00392700,238527.00000000,0.003895
1749264184,0.00392800,33911.00000000,0.003895
1749264184,0.00392900,46580.00000000,0.003895
1749264184,0.00393000,118057.00000000,0.003895
1749264184,0.00393100,604170.00000000,0.003895
1749264184,0.00393200,46580.00000000,0.003895
1749264184,0.00393300,575272.00000000,0.003895
1749264184,0.00393400,46580.00000000,0.003895
1749264184,0.00393700,42481.00000000,0.003895
1749264184,0.00393800,17802.00000000,0.003895
1749264184,0.00393900,1320.00000000,0.003895
1749264184,0.00394000,55665.00000000,0.003895
1749264184,0.00394100,1319.00000000,0.003895
1749264184,0.00394200,1319.00000000,0.003895
1749264184,0.00394300,21782.00000000,0.003895
1749264184,0.00394400,40564.00000000,0.003895
1749264184,0.00394500,1318.00000000,0.003895
1749264184,0.00394600,1317.00000000,0.003895
1749264184,0.00394700,46228.00000000,0.003895
1749264184,0.00394800,1317.00000000,0.003895
1749264184,0.00394900,12610.00000000,0.003895
1749264184,0.00395000,38882.00000000,0.003895
1749264184,0.00395100,13049.00000000,0.003895
1749264184,0.00395200,1315.00000000,0.003895
1749264184,0.00395300,1315.00000000,0.003895
1749264184,0.00395400,1315.00000000,0.003895
1749264184,0.00395500,62033.00000000,0.003895
1749264184,0.00395600,1314.00000000,0.003895
1749264184,0.00395700,380669.00000000,0.003895
1749264184,0.00395800,38879.00000000,0.003895
1749264184,0.00395900,76807.00000000,0.003895
1749264184,0.00396000,807341.00000000,0.003895
1749264184,0.00396100,1312.00000000,0.003895
1749264184,0.00396200,1312.00000000,0.003895
1749264184,0.00396300,38878.00000000,0.003895
1749264184,0.00396400,1311.00000000,0.003895
1749264184,0.00396500,1311.00000000,0.003895
1749264184,0.00396600,24379.00000000,0.003895
1749264184,0.00396700,7772.00000000,0.003895
1749264184,0.00396800,12286.00000000,0.003895
1749264184,0.00396900,1310.00000000,0.003895
1749264184,0.00397000,21632.00000000,0.003895
1749264184,0.00397100,6272.00000000,0.003895
1749264184,0.00397200,1309.00000000,0.003895
1749264184,0.00397300,1308.00000000,0.003895
1749264184,0.00397400,1308.00000000,0.003895
1749264184,0.00397500,1308.00000000,0.003895
1749264184,0.00397600,1307.00000000,0.003895
1749264184,0.00397700,6172.00000000,0.003895
1749264184,0.00397800,1307.00000000,0.003895
1749264184,0.00397900,1306.00000000,0.003895
1749264184,0.00398000,1306.00000000,0.003895
1749264184,0.00398100,5303.00000000,0.003895
1749264184,0.00398200,1305.00000000,0.003895
1749264184,0.00398300,24931.00000000,0.003895
1749264184,0.00398400,1305.00000000,0.003895
1749264184,0.00398500,1304.00000000,0.003895
1749264184,0.00398600,1304.00000000,0.003895
1749264184,0.00398700,1304.00000000,0.003895
1749264184,0.00398800,1303.00000000,0.003895
1749264184,0.00398900,4173.00000000,0.003895
1749264184,0.00399000,1303.00000000,0.003895
1749264184,0.00399100,3557.00000000,0.003895
1749264184,0.00399200,1302.00000000,0.003895
1749264184,0.00399300,12924.00000000,0.003895
1749264184,0.00399400,1301.00000000,0.003895
1749264184,0.00399500,1301.00000000,0.003895
1749264184,0.00399600,1301.00000000,0.003895
1749264184,0.00399700,6141.00000000,0.003895
1749264184,0.00399800,21480.00000000,0.003895
1749264486,0.00389600,77834.00000000,0.003894
1749264486,0.00389700,74710.00000000,0.003894
1749264486,0.00389800,47714.00000000,0.003894
1749264486,0.00389900,43609.00000000,0.003894
1749264486,0.00390000,114586.00000000,0.003894
1749264486,0.00390100,143965.00000000,0.003894
1749264486,0.00390200,212610.00000000,0.003894
1749264486,0.00390400,84146.00000000,0.003894
1749264486,0.00390500,188284.00000000,0.003894
1749264486,0.00390600,48275.00000000,0.003894
1749264486,0.00390700,224728.00000000,0.003894
1749264486,0.00390800,3931.00000000,0.003894
1749264486,0.00390900,189550.00000000,0.003894
1749264486,0.00391000,2714758.00000000,0.003894
1749264486,0.00391100,121642.00000000,0.003894
1749264486,0.00391200,80487.00000000,0.003894
1749264486,0.00391300,58456.00000000,0.003894
1749264486,0.00391400,444613.00000000,0.003894
1749264486,0.00391500,284343.00000000,0.003894
1749264486,0.00391600,606333.00000000,0.003894
1749264486,0.00391700,46580.00000000,0.003894
1749264486,0.00391800,122992.00000000,0.003894
1749264486,0.00391900,74565.00000000,0.003894
1749264486,0.00392000,80561.00000000,0.003894
1749264486,0.00392100,1450454.00000000,0.003894
1749264486,0.00392200,583834.00000000,0.003894
1749264486,0.00392300,1051257.00000000,0.003894
1749264486,0.00392400,46580.00000000,0.003894
1749264486,0.00392500,80495.00000000,0.003894
1749264486,0.00392600,118074.00000000,0.003894
1749264486,0.00392700,238527.00000000,0.003894
1749264486,0.00392800,80487.00000000,0.003894
1749264486,0.00392900,174944.00000000,0.003894
1749264486,0.00393000,37566.00000000,0.003894
1749264486,0.00393100,604170.00000000,0.003894
1749264486,0.00393300,439092.00000000,0.003894
1749264486,0.00393700,42481.00000000,0.003894
1749264486,0.00393800,17802.00000000,0.003894
1749264486,0.00393900,1320.00000000,0.003894
1749264486,0.00394000,55665.00000000,0.003894
1749264486,0.00394100,1319.00000000,0.003894
1749264486,0.00394200,1319.00000000,0.003894
1749264486,0.00394300,21782.00000000,0.003894
1749264486,0.00394400,40564.00000000,0.003894
1749264486,0.00394500,1318.00000000,0.003894
1749264486,0.00394600,1317.00000000,0.003894
1749264486,0.00394700,46228.00000000,0.003894
1749264486,0.00394800,1317.00000000,0.003894
1749264486,0.00394900,12610.00000000,0.003894
1749264486,0.00395000,38882.00000000,0.003894
1749264486,0.00395100,13049.00000000,0.003894
1749264486,0.00395200,1315.00000000,0.003894
1749264486,0.00395300,1315.00000000,0.003894
1749264486,0.00395400,1315.00000000,0.003894
1749264486,0.00395500,62033.00000000,0.003894
1749264486,0.00395600,1314.00000000,0.003894
1749264486,0.00395700,380669.00000000,0.003894
1749264486,0.00395800,38879.00000000,0.003894
1749264486,0.00395900,76807.00000000,0.003894
1749264486,0.00396000,807341.00000000,0.003894
1749264486,0.00396100,1312.00000000,0.003894
1749264486,0.00396200,1312.00000000,0.003894
1749264486,0.00396300,38878.00000000,0.003894
1749264486,0.00396400,1311.00000000,0.003894
1749264486,0.00396500,1311.00000000,0.003894
1749264486,0.00396600,24379.00000000,0.003894
1749264486,0.00396700,7772.00000000,0.003894
1749264486,0.00396800,12286.00000000,0.003894
1749264486,0.00396900,1310.00000000,0.003894
1749264486,0.00397000,21632.00000000,0.003894
1749264486,0.00397100,6272.00000000,0.003894
1749264486,0.00397200,1309.00000000,0.003894
1749264486,0.00397300,1308.00000000,0.003894
1749264486,0.00397400,1308.00000000,0.003894
1749264486,0.00397500,1308.00000000,0.003894
1749264486,0.00397600,1307.00000000,0.003894
1749264486,0.00397700,6172.00000000,0.003894
1749264486,0.00397800,1307.00000000,0.003894
1749264486,0.00397900,1306.00000000,0.003894
1749264486,0.00398000,1306.00000000,0.003894
1749264486,0.00398100,5303.00000000,0.003894
1749264486,0.00398200,1305.00000000,0.003894
1749264486,0.00398300,24931.00000000,0.003894
1749264486,0.00398400,1305.00000000,0.003894
1749264486,0.00398500,1304.00000000,0.003894
1749264486,0.00398600,1304.00000000,0.003894
1749264486,0.00398700,1304.00000000,0.003894
1749264486,0.00398800,1303.00000000,0.003894
1749264486,0.00398900,4173.00000000,0.003894
1749264486,0.00399000,1303.00000000,0.003894
1749264486,0.00399100,3557.00000000,0.003894
1749264486,0.00399200,1302.00000000,0.003894
1749264486,0.00399300,12924.00000000,0.003894
1749264486,0.00399400,1301.00000000,0.003894
1749264486,0.00399500,1301.00000000,0.003894
1749264486,0.00399600,1301.00000000,0.003894
1749264486,0.00399700,6141.00000000,0.003894
1749264486,0.00399800,21480.00000000,0.003894
1749264486,0.00399900,1300.00000000,0.003894
1749264486,0.00400000,369008.00000000,0.003894
1749264788,0.00390100,46580.00000000,0.0039
1749264788,0.00390200,120343.00000000,0.0039
1749264788,0.00390300,15628.00000000,0.0039
1749264788,0.00390400,190585.00000000,0.0039
1749264788,0.00390500,188284.00000000,0.0039
1749264788,0.00390600,74583.00000000,0.0039
1749264788,0.00390700,187162.00000000,0.0039
1749264788,0.00390800,128832.00000000,0.0039
1749264788,0.00390900,46580.00000000,0.0039
1749264788,0.00391000,67266.00000000,0.0039
1749264788,0.00391100,84146.00000000,0.0039
1749264788,0.00391200,63921.00000000,0.0039
1749264788,0.00391300,78033.00000000,0.0039
1749264788,0.00391400,410632.00000000,0.0039
1749264788,0.00391500,355600.00000000,0.0039
1749264788,0.00391600,80561.00000000,0.0039
1749264788,0.00391700,46580.00000000,0.0039
1749264788,0.00391800,122992.00000000,0.0039
1749264788,0.00391900,217535.00000000,0.0039
1749264788,0.00392000,80561.00000000,0.0039
1749264788,0.00392100,2657478.00000000,0.0039
1749264788,0.00392200,447011.00000000,0.0039
1749264788,0.00392300,309932.00000000,0.0039
1749264788,0.00392400,46580.00000000,0.0039
1749264788,0.00392500,1723238.00000000,0.0039
1749264788,0.00392600,510724.00000000,0.0039
1749264788,0.00392800,80487.00000000,0.0039
1749264788,0.00393000,118031.00000000,0.0039
1749264788,0.00393200,136823.00000000,0.0039
1749264788,0.00393300,700306.00000000,0.0039
1749264788,0.00393700,42481.00000000,0.0039
1749264788,0.00393800,17802.00000000,0.0039
1749264788,0.00393900,606465.00000000,0.0039
1749264788,0.00394000,55665.00000000,0.0039
1749264788,0.00394100,6446.00000000,0.0039
1749264788,0.00394200,122412.00000000,0.0039
1749264788,0.00394300,21782.00000000,0.0039
1749264788,0.00394400,40564.00000000,0.0039
1749264788,0.00394500,1318.00000000,0.0039
1749264788,0.00394600,1317.00000000,0.0039
1749264788,0.00394700,46228.00000000,0.0039
1749264788,0.00394800,1317.00000000,0.0039
1749264788,0.00394900,12610.00000000,0.0039
1749264788,0.00395000,38882.00000000,0.0039
1749264788,0.00395100,13049.00000000,0.0039
1749264788,0.00395200,1315.00000000,0.0039
1749264788,0.00395300,650545.00000000,0.0039
1749264788,0.00395400,1315.00000000,0.0039
1749264788,0.00395500,62033.00000000,0.0039
1749264788,0.00395600,1314.00000000,0.0039
1749264788,0.00395700,380669.00000000,0.0039
1749264788,0.00395800,38879.00000000,0.0039
1749264788,0.00395900,76807.00000000,0.0039
1749264788,0.00396000,807341.00000000,0.0039
1749264788,0.00396100,1312.00000000,0.0039
1749264788,0.00396200,1312.00000000,0.0039
1749264788,0.00396300,38878.00000000,0.0039
1749264788,0.00396400,1311.00000000,0.0039
1749264788,0.00396500,1311.00000000,0.0039
1749264788,0.00396600,24379.00000000,0.0039
1749264788,0.00396700,7772.00000000,0.0039
1749264788,0.00396800,12286.00000000,0.0039
1749264788,0.00396900,1310.00000000,0.0039
1749264788,0.00397000,21632.00000000,0.0039
1749264788,0.00397100,6272.00000000,0.0039
1749264788,0.00397200,1309.00000000,0.0039
1749264788,0.00397300,1308.00000000,0.0039
1749264788,0.00397400,1308.00000000,0.0039
1749264788,0.00397500,1308.00000000,0.0039
1749264788,0.00397600,1307.00000000,0.0039
1749264788,0.00397700,6172.00000000,0.0039
1749264788,0.00397800,1307.00000000,0.0039
1749264788,0.00397900,1306.00000000,0.0039
1749264788,0.00398000,1306.00000000,0.0039
1749264788,0.00398100,5303.00000000,0.0039
1749264788,0.00398200,1305.00000000,0.0039
1749264788,0.00398300,24931.00000000,0.0039
1749264788,0.00398400,1305.00000000,0.0039
1749264788,0.00398500,1304.00000000,0.0039
1749264788,0.00398600,1304.00000000,0.0039
1749264788,0.00398700,1304.00000000,0.0039
1749264788,0.00398800,1303.00000000,0.0039
1749264788,0.00398900,4173.00000000,0.0039
1749264788,0.00399000,1303.00000000,0.0039
1749264788,0.00399100,1302.00000000,0.0039
1749264788,0.00399200,1302.00000000,0.0039
1749264788,0.00399300,12924.00000000,0.0039
1749264788,0.00399400,1301.00000000,0.0039
1749264788,0.00399500,1301.00000000,0.0039
1749264788,0.00399600,1301.00000000,0.0039
1749264788,0.00399700,6141.00000000,0.0039
1749264788,0.00399800,21480.00000000,0.0039
1749264788,0.00399900,1300.00000000,0.0039
1749264788,0.00400000,369008.00000000,0.0039
1749264788,0.00400100,1299.00000000,0.0039
1749264788,0.00400200,6224.00000000,0.0039
1749264788,0.00400300,11605.00000000,0.0039
1749264788,0.00400400,1298.00000000,0.0039
1749264788,0.00400500,8171.00000000,0.0039
1749264788,0.00400600,1298.00000000,0.0039
1749265089,0.00391000,78735.00000000,0.00391
1749265089,0.00391100,6286.00000000,0.00391
1749265089,0.00391200,19558.00000000,0.00391
1749265089,0.00391300,74106.00000000,0.00391
1749265089,0.00391400,66227.00000000,0.00391
1749265089,0.00391500,132072.00000000,0.00391
1749265089,0.00391600,216287.00000000,0.00391
1749265089,0.00391700,126889.00000000,0.00391
1749265089,0.00391800,229667.00000000,0.00391
1749265089,0.00391900,128832.00000000,0.00391
1749265089,0.00392000,46580.00000000,0.00391
1749265089,0.00392100,62270.00000000,0.00391
1749265089,0.00392200,63965.00000000,0.00391
1749265089,0.00392300,74611.00000000,0.00391
1749265089,0.00392400,373066.00000000,0.00391
1749265089,0.00392500,263737.00000000,0.00391
1749265089,0.00392600,510724.00000000,0.00391
1749265089,0.00392800,80487.00000000,0.00391
1749265089,0.00392900,142970.00000000,0.00391
1749265089,0.00393000,118031.00000000,0.00391
1749265089,0.00393100,2654150.00000000,0.00391
1749265089,0.00393200,350595.00000000,0.00391
1749265089,0.00393300,125882.00000000,0.00391
1749265089,0.00393400,46580.00000000,0.00391
1749265089,0.00393500,446854.00000000,0.00391
1749265089,0.00393600,1677820.00000000,0.00391
1749265089,0.00393700,89061.00000000,0.00391
1749265089,0.00393800,98180.00000000,0.00391
1749265089,0.00393900,606465.00000000,0.00391
1749265089,0.00394000,102245.00000000,0.00391
1749265089,0.00394100,86824.00000000,0.00391
1749265089,0.00394200,81662.00000000,0.00391
1749265089,0.00394300,732809.00000000,0.00391
1749265089,0.00394400,87144.00000000,0.00391
1749265089,0.00394500,1318.00000000,0.00391
1749265089,0.00394600,75746.00000000,0.00391
1749265089,0.00394700,92808.00000000,0.00391
1749265089,0.00394800,1317.00000000,0.00391
1749265089,0.00394900,1316.00000000,0.00391
1749265089,0.00395000,38882.00000000,0.00391
1749265089,0.00395100,112896.00000000,0.00391
1749265089,0.00395200,19108.00000000,0.00391
1749265089,0.00395300,650545.00000000,0.00391
1749265089,0.00395400,1315.00000000,0.00391
1749265089,0.00395500,62033.00000000,0.00391
1749265089,0.00395600,1314.00000000,0.00391
1749265089,0.00395700,6204.00000000,0.00391
1749265089,0.00395800,38879.00000000,0.00391
1749265089,0.00395900,70308.00000000,0.00391
1749265089,0.00396000,807341.00000000,0.00391
1749265089,0.00396100,1312.00000000,0.00391
1749265089,0.00396200,13045.00000000,0.00391
1749265089,0.00396300,38878.00000000,0.00391
1749265089,0.00396400,1311.00000000,0.00391
1749265089,0.00396500,1311.00000000,0.00391
1749265089,0.00396600,13013.00000000,0.00391
1749265089,0.00396700,7772.00000000,0.00391
1749265089,0.00396800,1310.00000000,0.00391
1749265089,0.00396900,1310.00000000,0.00391
1749265089,0.00397000,392081.00000000,0.00391
1749265089,0.00397100,6272.00000000,0.00391
1749265089,0.00397200,1309.00000000,0.00391
1749265089,0.00397300,1308.00000000,0.00391
1749265089,0.00397400,1308.00000000,0.00391
1749265089,0.00397500,1308.00000000,0.00391
1749265089,0.00397600,12673.00000000,0.00391
1749265089,0.00397700,6172.00000000,0.00391
1749265089,0.00397800,12283.00000000,0.00391
1749265089,0.00397900,1306.00000000,0.00391
1749265089,0.00398000,1306.00000000,0.00391
1749265089,0.00398100,5303.00000000,0.00391
1749265089,0.00398200,1305.00000000,0.00391
1749265089,0.00398300,24931.00000000,0.00391
1749265089,0.00398400,1305.00000000,0.00391
1749265089,0.00398500,1304.00000000,0.00391
1749265089,0.00398600,1304.00000000,0.00391
1749265089,0.00398700,1304.00000000,0.00391
1749265089,0.00398800,1303.00000000,0.00391
1749265089,0.00398900,4173.00000000,0.00391
1749265089,0.00399000,1303.00000000,0.00391
1749265089,0.00399100,1302.00000000,0.00391
1749265089,0.00399200,1302.00000000,0.00391
1749265089,0.00399300,12924.00000000,0.00391
1749265089,0.00399400,1301.00000000,0.00391
1749265089,0.00399500,1301.00000000,0.00391
1749265089,0.00399600,1301.00000000,0.00391
1749265089,0.00399700,6141.00000000,0.00391
1749265089,0.00399800,21480.00000000,0.00391
1749265089,0.00399900,1300.00000000,0.00391
1749265089,0.00400000,369008.00000000,0.00391
1749265089,0.00400100,1299.00000000,0.00391
1749265089,0.00400200,6224.00000000,0.00391
1749265089,0.00400300,11605.00000000,0.00391
1749265089,0.00400400,1298.00000000,0.00391
1749265089,0.00400500,8171.00000000,0.00391
1749265089,0.00400600,1298.00000000,0.00391
1749265089,0.00400700,1297.00000000,0.00391
1749265089,0.00400800,1297.00000000,0.00391
1749265089,0.00400900,1297.00000000,0.00391
1749265089,0.00401000,78852.00000000,0.00391
1749265394,0.00390600,128212.00000000,0.003904
1749265394,0.00390700,33410.00000000,0.003904
1749265394,0.00390800,15616.00000000,0.003904
1749265394,0.00390900,36506.00000000,0.003904
1749265394,0.00391000,98312.00000000,0.003904
1749265394,0.00391100,68403.00000000,0.003904
1749265394,0.00391200,176393.00000000,0.003904
1749265394,0.00391300,75801.00000000,0.003904
1749265394,0.00391400,99862.00000000,0.003904
1749265394,0.00391500,67186.00000000,0.003904
1749265394,0.00391600,188284.00000000,0.003904
1749265394,0.00391700,46580.00000000,0.003904
1749265394,0.00391800,229667.00000000,0.003904
1749265394,0.00392000,88328.00000000,0.003904
1749265394,0.00392100,2713684.00000000,0.003904
1749265394,0.00392200,80365.00000000,0.003904
1749265394,0.00392300,1525065.00000000,0.003904
1749265394,0.00392400,373066.00000000,0.003904
1749265394,0.00392500,263737.00000000,0.003904
1749265394,0.00392600,510724.00000000,0.003904
1749265394,0.00392800,80487.00000000,0.003904
1749265394,0.00392900,142970.00000000,0.003904
1749265394,0.00393000,308384.00000000,0.003904
1749265394,0.00393200,156917.00000000,0.003904
1749265394,0.00393300,125882.00000000,0.003904
1749265394,0.00393400,46580.00000000,0.003904
1749265394,0.00393500,446854.00000000,0.003904
1749265394,0.00393600,352353.00000000,0.003904
1749265394,0.00393700,89061.00000000,0.003904
1749265394,0.00393800,98180.00000000,0.003904
1749265394,0.00393900,606465.00000000,0.003904
1749265394,0.00394000,102245.00000000,0.003904
1749265394,0.00394100,53026.00000000,0.003904
1749265394,0.00394200,47899.00000000,0.003904
1749265394,0.00394300,607995.00000000,0.003904
1749265394,0.00394400,87144.00000000,0.003904
1749265394,0.00394500,162368.00000000,0.003904
1749265394,0.00394600,75746.00000000,0.003904
1749265394,0.00394700,46228.00000000,0.003904
1749265394,0.00394800,1317.00000000,0.003904
1749265394,0.00394900,1316.00000000,0.003904
1749265394,0.00395000,38882.00000000,0.003904
1749265394,0.00395100,1316.00000000,0.003904
1749265394,0.00395200,19108.00000000,0.003904
1749265394,0.00395300,650545.00000000,0.003904
1749265394,0.00395400,1315.00000000,0.003904
1749265394,0.00395500,62033.00000000,0.003904
1749265394,0.00395600,1314.00000000,0.003904
1749265394,0.00395700,6204.00000000,0.003904
1749265394,0.00395800,38879.00000000,0.003904
1749265394,0.00395900,70308.00000000,0.003904
1749265394,0.00396000,9112.00000000,0.003904
1749265394,0.00396100,1312.00000000,0.003904
1749265394,0.00396200,13045.00000000,0.003904
1749265394,0.00396300,38878.00000000,0.003904
1749265394,0.00396400,1311.00000000,0.003904
1749265394,0.00396500,799540.00000000,0.003904
1749265394,0.00396600,13013.00000000,0.003904
1749265394,0.00396700,7772.00000000,0.003904
1749265394,0.00396800,1310.00000000,0.003904
1749265394,0.00396900,1310.00000000,0.003904
1749265394,0.00397000,392081.00000000,0.003904
1749265394,0.00397100,6272.00000000,0.003904
1749265394,0.00397200,1309.00000000,0.003904
1749265394,0.00397300,1308.00000000,0.003904
1749265394,0.00397400,1308.00000000,0.003904
1749265394,0.00397500,1308.00000000,0.003904
1749265394,0.00397600,12673.00000000,0.003904
1749265394,0.00397700,6172.00000000,0.003904
1749265394,0.00397800,12283.00000000,0.003904
1749265394,0.00397900,1306.00000000,0.003904
1749265394,0.00398000,1306.00000000,0.003904
1749265394,0.00398100,5303.00000000,0.003904
1749265394,0.00398200,1305.00000000,0.003904
1749265394,0.00398300,24931.00000000,0.003904
1749265394,0.00398400,1305.00000000,0.003904
1749265394,0.00398500,1304.00000000,0.003904
1749265394,0.00398600,1304.00000000,0.003904
1749265394,0.00398700,1304.00000000,0.003904
1749265394,0.00398800,1303.00000000,0.003904
1749265394,0.00398900,4173.00000000,0.003904
1749265394,0.00399000,1303.00000000,0.003904
1749265394,0.00399100,1302.00000000,0.003904
1749265394,0.00399200,1302.00000000,0.003904
1749265394,0.00399300,12924.00000000,0.003904
1749265394,0.00399400,1301.00000000,0.003904
1749265394,0.00399500,1301.00000000,0.003904
1749265394,0.00399600,1301.00000000,0.003904
1749265394,0.00399700,6141.00000000,0.003904
1749265394,0.00399800,21480.00000000,0.003904
1749265394,0.00399900,1300.00000000,0.003904
1749265394,0.00400000,369008.00000000,0.003904
1749265394,0.00400100,1299.00000000,0.003904
1749265394,0.00400200,6224.00000000,0.003904
1749265394,0.00400300,11605.00000000,0.003904
1749265394,0.00400400,1298.00000000,0.003904
1749265394,0.00400500,8171.00000000,0.003904
1749265394,0.00400600,1298.00000000,0.003904
1749265394,0.00400700,1297.00000000,0.003904
1749265394,0.00400800,1297.00000000,0.003904
1749265701,0.00391200,85985.00000000,0.003908
1749265701,0.00391300,92131.00000000,0.003908
1749265701,0.00391400,15716.00000000,0.003908
1749265701,0.00391500,76011.00000000,0.003908
1749265701,0.00391600,74708.00000000,0.003908
1749265701,0.00391700,138565.00000000,0.003908
1749265701,0.00391800,88879.00000000,0.003908
1749265701,0.00391900,117711.00000000,0.003908
1749265701,0.00392000,185038.00000000,0.003908
1749265701,0.00392200,46580.00000000,0.003908
1749265701,0.00392300,84146.00000000,0.003908
1749265701,0.00392400,373066.00000000,0.003908
1749265701,0.00392500,46580.00000000,0.003908
1749265701,0.00392600,225850.00000000,0.003908
1749265701,0.00392700,117194.00000000,0.003908
1749265701,0.00392800,80352.00000000,0.003908
1749265701,0.00392900,140582.00000000,0.003908
1749265701,0.00393000,2773205.00000000,0.003908
1749265701,0.00393100,1450454.00000000,0.003908
1749265701,0.00393200,156917.00000000,0.003908
1749265701,0.00393300,125882.00000000,0.003908
1749265701,0.00393400,46580.00000000,0.003908
1749265701,0.00393500,664011.00000000,0.003908
1749265701,0.00393600,227366.00000000,0.003908
1749265701,0.00393700,481711.00000000,0.003908
1749265701,0.00393800,98180.00000000,0.003908
1749265701,0.00393900,832592.00000000,0.003908
1749265701,0.00394000,245215.00000000,0.003908
1749265701,0.00394100,86798.00000000,0.003908
1749265701,0.00394200,81675.00000000,0.003908
1749265701,0.00394300,607995.00000000,0.003908
1749265701,0.00394400,87144.00000000,0.003908
1749265701,0.00394500,126103.00000000,0.003908
1749265701,0.00394600,75746.00000000,0.003908
1749265701,0.00394700,92808.00000000,0.003908
1749265701,0.00394800,1317.00000000,0.003908
1749265701,0.00394900,1316.00000000,0.003908
1749265701,0.00395000,38882.00000000,0.003908
1749265701,0.00395100,1316.00000000,0.003908
1749265701,0.00395200,19108.00000000,0.003908
1749265701,0.00395300,650545.00000000,0.003908
1749265701,0.00395400,1315.00000000,0.003908
1749265701,0.00395500,201158.00000000,0.003908
1749265701,0.00395600,1314.00000000,0.003908
1749265701,0.00395700,6204.00000000,0.003908
1749265701,0.00395800,38879.00000000,0.003908
1749265701,0.00395900,70308.00000000,0.003908
1749265701,0.00396000,9112.00000000,0.003908
1749265701,0.00396100,1312.00000000,0.003908
1749265701,0.00396200,13045.00000000,0.003908
1749265701,0.00396300,38878.00000000,0.003908
1749265701,0.00396400,1311.00000000,0.003908
1749265701,0.00396500,799540.00000000,0.003908
1749265701,0.00396600,13013.00000000,0.003908
1749265701,0.00396700,7772.00000000,0.003908
1749265701,0.00396800,1310.00000000,0.003908
1749265701,0.00396900,1310.00000000,0.003908
1749265701,0.00397000,392081.00000000,0.003908
1749265701,0.00397100,6272.00000000,0.003908
1749265701,0.00397200,1309.00000000,0.003908
1749265701,0.00397300,1308.00000000,0.003908
1749265701,0.00397400,1308.00000000,0.003908
1749265701,0.00397500,1308.00000000,0.003908
1749265701,0.00397600,12673.00000000,0.003908
1749265701,0.00397700,6172.00000000,0.003908
1749265701,0.00397800,12283.00000000,0.003908
1749265701,0.00397900,1306.00000000,0.003908
1749265701,0.00398000,1306.00000000,0.003908
1749265701,0.00398100,5303.00000000,0.003908
1749265701,0.00398200,1305.00000000,0.003908
1749265701,0.00398300,24931.00000000,0.003908
1749265701,0.00398400,1305.00000000,0.003908
1749265701,0.00398500,1304.00000000,0.003908
1749265701,0.00398600,1304.00000000,0.003908
1749265701,0.00398700,1304.00000000,0.003908
1749265701,0.00398800,1303.00000000,0.003908
1749265701,0.00398900,4173.00000000,0.003908
1749265701,0.00399000,1303.00000000,0.003908
1749265701,0.00399100,1302.00000000,0.003908
1749265701,0.00399200,1302.00000000,0.003908
1749265701,0.00399300,12924.00000000,0.003908
1749265701,0.00399400,1301.00000000,0.003908
1749265701,0.00399500,1301.00000000,0.003908
1749265701,0.00399600,1301.00000000,0.003908
1749265701,0.00399700,6141.00000000,0.003908
1749265701,0.00399800,21480.00000000,0.003908
1749265701,0.00399900,1300.00000000,0.003908
1749265701,0.00400000,369008.00000000,0.003908
1749265701,0.00400100,1299.00000000,0.003908
1749265701,0.00400200,6224.00000000,0.003908
1749265701,0.00400300,11605.00000000,0.003908
1749265701,0.00400400,1298.00000000,0.003908
1749265701,0.00400500,8171.00000000,0.003908
1749265701,0.00400600,1298.00000000,0.003908
1749265701,0.00400700,1297.00000000,0.003908
1749265701,0.00400800,1297.00000000,0.003908
1749265701,0.00400900,1297.00000000,0.003908
1749265701,0.00401000,78852.00000000,0.003908
1749265701,0.00401100,1296.00000000,0.003908
1749265701,0.00401200,1296.00000000,0.003908
1749266002,0.00391300,1384.00000000,0.003913
1749266002,0.00391400,56175.00000000,0.003913
1749266002,0.00391500,49115.00000000,0.003913
1749266002,0.00391600,62240.00000000,0.003913
1749266002,0.00391700,74708.00000000,0.003913
1749266002,0.00391800,139596.00000000,0.003913
1749266002,0.00391900,62200.00000000,0.003913
1749266002,0.00392000,54511.00000000,0.003913
1749266002,0.00392100,90313.00000000,0.003913
1749266002,0.00392200,55267.00000000,0.003913
1749266002,0.00392300,84146.00000000,0.003913
1749266002,0.00392400,173294.00000000,0.003913
1749266002,0.00392500,46580.00000000,0.003913
1749266002,0.00392600,354682.00000000,0.003913
1749266002,0.00392800,46580.00000000,0.003913
1749266002,0.00393000,155122.00000000,0.003913
1749266002,0.00393200,156917.00000000,0.003913
1749266002,0.00393300,1085509.00000000,0.003913
1749266002,0.00393400,2901063.00000000,0.003913
1749266002,0.00393500,2114465.00000000,0.003913
1749266002,0.00393600,80421.00000000,0.003913
1749266002,0.00393700,481711.00000000,0.003913
1749266002,0.00393800,98180.00000000,0.003913
1749266002,0.00393900,352460.00000000,0.003913
1749266002,0.00394000,242827.00000000,0.003913
1749266002,0.00394100,86798.00000000,0.003913
1749266002,0.00394200,228535.00000000,0.003913
1749266002,0.00394300,68362.00000000,0.003913
1749266002,0.00394400,87144.00000000,0.003913
1749266002,0.00394500,81623.00000000,0.003913
1749266002,0.00394600,109471.00000000,0.003913
1749266002,0.00394700,92808.00000000,0.003913
1749266002,0.00394800,1317.00000000,0.003913
1749266002,0.00394900,1316.00000000,0.003913
1749266002,0.00395000,228432.00000000,0.003913
1749266002,0.00395100,1316.00000000,0.003913
1749266002,0.00395200,81104.00000000,0.003913
1749266002,0.00395300,1352961.00000000,0.003913
1749266002,0.00395400,1315.00000000,0.003913
1749266002,0.00395500,62033.00000000,0.003913
1749266002,0.00395600,606459.00000000,0.003913
1749266002,0.00395700,6204.00000000,0.003913
1749266002,0.00395800,38879.00000000,0.003913
1749266002,0.00395900,54892.00000000,0.003913
1749266002,0.00396000,9112.00000000,0.003913
1749266002,0.00396100,1312.00000000,0.003913
1749266002,0.00396200,13045.00000000,0.003913
1749266002,0.00396300,38878.00000000,0.003913
1749266002,0.00396400,1311.00000000,0.003913
1749266002,0.00396500,799540.00000000,0.003913
1749266002,0.00396600,13013.00000000,0.003913
1749266002,0.00396700,7772.00000000,0.003913
1749266002,0.00396800,1310.00000000,0.003913
1749266002,0.00396900,1310.00000000,0.003913
1749266002,0.00397000,392081.00000000,0.003913
1749266002,0.00397100,6272.00000000,0.003913
1749266002,0.00397200,1309.00000000,0.003913
1749266002,0.00397300,1308.00000000,0.003913
1749266002,0.00397400,1308.00000000,0.003913
1749266002,0.00397500,1308.00000000,0.003913
1749266002,0.00397600,12673.00000000,0.003913
1749266002,0.00397700,6172.00000000,0.003913
1749266002,0.00397800,12283.00000000,0.003913
1749266002,0.00397900,1306.00000000,0.003913
1749266002,0.00398000,1306.00000000,0.003913
1749266002,0.00398100,5303.00000000,0.003913
1749266002,0.00398200,1305.00000000,0.003913
1749266002,0.00398300,24931.00000000,0.003913
1749266002,0.00398400,1305.00000000,0.003913
1749266002,0.00398500,1304.00000000,0.003913
1749266002,0.00398600,1304.00000000,0.003913
1749266002,0.00398700,1304.00000000,0.003913
1749266002,0.00398800,1303.00000000,0.003913
1749266002,0.00398900,4173.00000000,0.003913
1749266002,0.00399000,1303.00000000,0.003913
1749266002,0.00399100,1302.00000000,0.003913
1749266002,0.00399200,1302.00000000,0.003913
1749266002,0.00399300,12924.00000000,0.003913
1749266002,0.00399400,1301.00000000,0.003913
1749266002,0.00399500,1301.00000000,0.003913
1749266002,0.00399600,1301.00000000,0.003913
1749266002,0.00399700,6141.00000000,0.003913
1749266002,0.00399800,21480.00000000,0.003913
1749266002,0.00399900,1300.00000000,0.003913
1749266002,0.00400000,369008.00000000,0.003913
1749266002,0.00400100,1299.00000000,0.003913
1749266002,0.00400200,6224.00000000,0.003913
1749266002,0.00400300,11605.00000000,0.003913
1749266002,0.00400400,1298.00000000,0.003913
1749266002,0.00400500,8171.00000000,0.003913
1749266002,0.00400600,1298.00000000,0.003913
1749266002,0.00400700,1297.00000000,0.003913
1749266002,0.00400800,1297.00000000,0.003913
1749266002,0.00400900,1297.00000000,0.003913
1749266002,0.00401000,78852.00000000,0.003913
1749266002,0.00401100,1296.00000000,0.003913
1749266002,0.00401200,1296.00000000,0.003913
1749266002,0.00401300,1295.00000000,0.003913
1749266002,0.00401400,1295.00000000,0.003913
1749266002,0.00401500,13997.00000000,0.003913
1749266304,0.00390700,4118.00000000,0.003909
1749266304,0.00390800,48146.00000000,0.003909
1749266304,0.00390900,112641.00000000,0.003909
1749266304,0.00391000,46580.00000000,0.003909
1749266304,0.00391100,21143.00000000,0.003909
1749266304,0.00391200,71169.00000000,0.003909
1749266304,0.00391300,94660.00000000,0.003909
1749266304,0.00391400,82490.00000000,0.003909
1749266304,0.00391500,73832.00000000,0.003909
1749266304,0.00391600,62240.00000000,0.003909
1749266304,0.00391700,62200.00000000,0.003909
1749266304,0.00391800,60876.00000000,0.003909
1749266304,0.00391900,62173.00000000,0.003909
1749266304,0.00392000,212978.00000000,0.003909
1749266304,0.00392200,46580.00000000,0.003909
1749266304,0.00392300,117922.00000000,0.003909
1749266304,0.00392400,173294.00000000,0.003909
1749266304,0.00392500,83537.00000000,0.003909
1749266304,0.00392600,84146.00000000,0.003909
1749266304,0.00392700,33768.00000000,0.003909
1749266304,0.00392800,46580.00000000,0.003909
1749266304,0.00392900,2735642.00000000,0.003909
1749266304,0.00393000,118031.00000000,0.003909
1749266304,0.00393100,203326.00000000,0.003909
1749266304,0.00393200,156917.00000000,0.003909
1749266304,0.00393300,125882.00000000,0.003909
1749266304,0.00393400,246352.00000000,0.003909
1749266304,0.00393500,2114465.00000000,0.003909
1749266304,0.00393600,223820.00000000,0.003909
1749266304,0.00393700,630896.00000000,0.003909
1749266304,0.00393800,98180.00000000,0.003909
1749266304,0.00393900,1320.00000000,0.003909
1749266304,0.00394000,242827.00000000,0.003909
1749266304,0.00394100,86798.00000000,0.003909
1749266304,0.00394200,215229.00000000,0.003909
1749266304,0.00394300,68362.00000000,0.003909
1749266304,0.00394400,87144.00000000,0.003909
1749266304,0.00394500,47898.00000000,0.003909
1749266304,0.00394600,75746.00000000,0.003909
1749266304,0.00394700,217709.00000000,0.003909
1749266304,0.00394800,1317.00000000,0.003909
1749266304,0.00394900,1316.00000000,0.003909
1749266304,0.00395000,228432.00000000,0.003909
1749266304,0.00395100,1316.00000000,0.003909
1749266304,0.00395200,34524.00000000,0.003909
1749266304,0.00395300,1236758.00000000,0.003909
1749266304,0.00395400,1315.00000000,0.003909
1749266304,0.00395500,62033.00000000,0.003909
1749266304,0.00395600,606459.00000000,0.003909
1749266304,0.00395700,6204.00000000,0.003909
1749266304,0.00395800,38879.00000000,0.003909
1749266304,0.00395900,54892.00000000,0.003909
1749266304,0.00396000,9112.00000000,0.003909
1749266304,0.00396100,1312.00000000,0.003909
1749266304,0.00396200,13045.00000000,0.003909
1749266304,0.00396300,38878.00000000,0.003909
1749266304,0.00396400,1311.00000000,0.003909
1749266304,0.00396500,799540.00000000,0.003909
1749266304,0.00396600,13013.00000000,0.003909
1749266304,0.00396700,7772.00000000,0.003909
1749266304,0.00396800,1310.00000000,0.003909
1749266304,0.00396900,1310.00000000,0.003909
1749266304,0.00397000,392081.00000000,0.003909
1749266304,0.00397100,6272.00000000,0.003909
1749266304,0.00397200,1309.00000000,0.003909
1749266304,0.00397300,1308.00000000,0.003909
1749266304,0.00397400,1308.00000000,0.003909
1749266304,0.00397500,1308.00000000,0.003909
1749266304,0.00397600,12673.00000000,0.003909
1749266304,0.00397700,6172.00000000,0.003909
1749266304,0.00397800,12283.00000000,0.003909
1749266304,0.00397900,1306.00000000,0.003909
1749266304,0.00398000,1306.00000000,0.003909
1749266304,0.00398100,5303.00000000,0.003909
1749266304,0.00398200,1305.00000000,0.003909
1749266304,0.00398300,24931.00000000,0.003909
1749266304,0.00398400,1305.00000000,0.003909
1749266304,0.00398500,1304.00000000,0.003909
1749266304,0.00398600,1304.00000000,0.003909
1749266304,0.00398700,1304.00000000,0.003909
1749266304,0.00398800,1303.00000000,0.003909
1749266304,0.00398900,4173.00000000,0.003909
1749266304,0.00399000,1303.00000000,0.003909
1749266304,0.00399100,1302.00000000,0.003909
1749266304,0.00399200,1302.00000000,0.003909
1749266304,0.00399300,12924.00000000,0.003909
1749266304,0.00399400,1301.00000000,0.003909
1749266304,0.00399500,1301.00000000,0.003909
1749266304,0.00399600,1301.00000000,0.003909
1749266304,0.00399700,6141.00000000,0.003909
1749266304,0.00399800,21480.00000000,0.003909
1749266304,0.00399900,1300.00000000,0.003909
1749266304,0.00400000,369008.00000000,0.003909
1749266304,0.00400100,1299.00000000,0.003909
1749266304,0.00400200,6224.00000000,0.003909
1749266304,0.00400300,11605.00000000,0.003909
1749266304,0.00400400,1298.00000000,0.003909
1749266304,0.00400500,8171.00000000,0.003909
1749266304,0.00400600,1298.00000000,0.003909
1749266304,0.00400700,1297.00000000,0.003909
1749266610,0.00390900,48115.00000000,0.003907
1749266610,0.00391000,108737.00000000,0.003907
1749266610,0.00391200,75341.00000000,0.003907
1749266610,0.00391300,96580.00000000,0.003907
1749266610,0.00391400,62412.00000000,0.003907
1749266610,0.00391500,36298.00000000,0.003907
1749266610,0.00391600,90419.00000000,0.003907
1749266610,0.00391700,138251.00000000,0.003907
1749266610,0.00391800,180351.00000000,0.003907
1749266610,0.00391900,54499.00000000,0.003907
1749266610,0.00392000,84146.00000000,0.003907
1749266610,0.00392100,83687.00000000,0.003907
1749266610,0.00392200,2704816.00000000,0.003907
1749266610,0.00392300,84146.00000000,0.003907
1749266610,0.00392400,173294.00000000,0.003907
1749266610,0.00392500,80365.00000000,0.003907
1749266610,0.00392600,1676304.00000000,0.003907
1749266610,0.00392700,80348.00000000,0.003907
1749266610,0.00392800,46580.00000000,0.003907
1749266610,0.00392900,82030.00000000,0.003907
1749266610,0.00393000,258613.00000000,0.003907
1749266610,0.00393100,203326.00000000,0.003907
1749266610,0.00393200,156917.00000000,0.003907
1749266610,0.00393300,125882.00000000,0.003907
1749266610,0.00393400,371541.00000000,0.003907
1749266610,0.00393500,664011.00000000,0.003907
1749266610,0.00393600,80421.00000000,0.003907
1749266610,0.00393700,630896.00000000,0.003907
1749266610,0.00393800,98180.00000000,0.003907
1749266610,0.00393900,1320.00000000,0.003907
1749266610,0.00394000,245215.00000000,0.003907
1749266610,0.00394100,291602.00000000,0.003907
1749266610,0.00394200,215229.00000000,0.003907
1749266610,0.00394300,341365.00000000,0.003907
1749266610,0.00394400,87144.00000000,0.003907
1749266610,0.00394500,47898.00000000,0.003907
1749266610,0.00394600,75746.00000000,0.003907
1749266610,0.00394700,92808.00000000,0.003907
1749266610,0.00394800,1317.00000000,0.003907
1749266610,0.00394900,1316.00000000,0.003907
1749266610,0.00395000,85462.00000000,0.003907
1749266610,0.00395100,1316.00000000,0.003907
1749266610,0.00395200,81104.00000000,0.003907
1749266610,0.00395300,963755.00000000,0.003907
1749266610,0.00395400,47895.00000000,0.003907
1749266610,0.00395500,108613.00000000,0.003907
1749266610,0.00395600,606459.00000000,0.003907
1749266610,0.00395700,52784.00000000,0.003907
1749266610,0.00395800,38879.00000000,0.003907
1749266610,0.00395900,54892.00000000,0.003907
1749266610,0.00396000,9112.00000000,0.003907
1749266610,0.00396100,1312.00000000,0.003907
1749266610,0.00396200,13045.00000000,0.003907
1749266610,0.00396300,38878.00000000,0.003907
1749266610,0.00396400,1311.00000000,0.003907
1749266610,0.00396500,799540.00000000,0.003907
1749266610,0.00396600,13013.00000000,0.003907
1749266610,0.00396700,7772.00000000,0.003907
1749266610,0.00396800,1310.00000000,0.003907
1749266610,0.00396900,1310.00000000,0.003907
1749266610,0.00397000,392081.00000000,0.003907
1749266610,0.00397100,6272.00000000,0.003907
1749266610,0.00397200,1309.00000000,0.003907
1749266610,0.00397300,1308.00000000,0.003907
1749266610,0.00397400,1308.00000000,0.003907
1749266610,0.00397500,1308.00000000,0.003907
1749266610,0.00397600,12673.00000000,0.003907
1749266610,0.00397700,6172.00000000,0.003907
1749266610,0.00397800,12283.00000000,0.003907
1749266610,0.00397900,1306.00000000,0.003907
1749266610,0.00398000,1306.00000000,0.003907
1749266610,0.00398100,5303.00000000,0.003907
1749266610,0.00398200,1305.00000000,0.003907
1749266610,0.00398300,24931.00000000,0.003907
1749266610,0.00398400,1305.00000000,0.003907
1749266610,0.00398500,1304.00000000,0.003907
1749266610,0.00398600,1304.00000000,0.003907
1749266610,0.00398700,1304.00000000,0.003907
1749266610,0.00398800,3560.00000000,0.003907
1749266610,0.00398900,4173.00000000,0.003907
1749266610,0.00399000,1303.00000000,0.003907
1749266610,0.00399100,1302.00000000,0.003907
1749266610,0.00399200,1302.00000000,0.003907
1749266610,0.00399300,12924.00000000,0.003907
1749266610,0.00399400,1301.00000000,0.003907
1749266610,0.00399500,1301.00000000,0.003907
1749266610,0.00399600,1301.00000000,0.003907
1749266610,0.00399700,6141.00000000,0.003907
1749266610,0.00399800,21480.00000000,0.003907
1749266610,0.00399900,1300.00000000,0.003907
1749266610,0.00400000,369008.00000000,0.003907
1749266610,0.00400100,1299.00000000,0.003907
1749266610,0.00400200,6224.00000000,0.003907
1749266610,0.00400300,11605.00000000,0.003907
1749266610,0.00400400,1298.00000000,0.003907
1749266610,0.00400500,8171.00000000,0.003907
1749266610,0.00400600,1298.00000000,0.003907
1749266610,0.00400700,1297.00000000,0.003907
1749266610,0.00400800,1297.00000000,0.003907
1749266610,0.00400900,1297.00000000,0.003907
1749266911,0.00391200,46580.00000000,0.003911
1749266911,0.00391300,112798.00000000,0.003911
1749266911,0.00391400,59243.00000000,0.003911
1749266911,0.00391500,44796.00000000,0.003911
1749266911,0.00391600,82131.00000000,0.003911
1749266911,0.00391700,115365.00000000,0.003911
1749266911,0.00391800,175635.00000000,0.003911
1749266911,0.00391900,54274.00000000,0.003911
1749266911,0.00392000,84146.00000000,0.003911
1749266911,0.00392200,46580.00000000,0.003911
1749266911,0.00392300,212978.00000000,0.003911
1749266911,0.00392400,173294.00000000,0.003911
1749266911,0.00392500,46580.00000000,0.003911
1749266911,0.00392600,225850.00000000,0.003911
1749266911,0.00392700,83505.00000000,0.003911
1749266911,0.00392800,2689733.00000000,0.003911
1749266911,0.00392900,46580.00000000,0.003911
1749266911,0.00393000,258613.00000000,0.003911
1749266911,0.00393200,351453.00000000,0.003911
1749266911,0.00393300,125882.00000000,0.003911
1749266911,0.00393400,1696806.00000000,0.003911
1749266911,0.00393500,664011.00000000,0.003911
1749266911,0.00393600,82116.00000000,0.003911
1749266911,0.00393700,630896.00000000,0.003911
1749266911,0.00393800,98180.00000000,0.003911
1749266911,0.00393900,1320.00000000,0.003911
1749266911,0.00394000,245215.00000000,0.003911
1749266911,0.00394100,291602.00000000,0.003911
1749266911,0.00394200,81649.00000000,0.003911
1749266911,0.00394300,205185.00000000,0.003911
1749266911,0.00394400,263817.00000000,0.003911
1749266911,0.00394500,47898.00000000,0.003911
1749266911,0.00394600,109514.00000000,0.003911
1749266911,0.00394700,217681.00000000,0.003911
1749266911,0.00394800,1317.00000000,0.003911
1749266911,0.00394900,1316.00000000,0.003911
1749266911,0.00395000,85462.00000000,0.003911
1749266911,0.00395100,1316.00000000,0.003911
1749266911,0.00395200,81104.00000000,0.003911
1749266911,0.00395300,963755.00000000,0.003911
1749266911,0.00395400,184075.00000000,0.003911
1749266911,0.00395500,108613.00000000,0.003911
1749266911,0.00395600,606459.00000000,0.003911
1749266911,0.00395700,52784.00000000,0.003911
1749266911,0.00395800,85459.00000000,0.003911
1749266911,0.00395900,101472.00000000,0.003911
1749266911,0.00396000,9112.00000000,0.003911
1749266911,0.00396100,47892.00000000,0.003911
1749266911,0.00396200,13045.00000000,0.003911
1749266911,0.00396300,38878.00000000,0.003911
1749266911,0.00396400,1311.00000000,0.003911
1749266911,0.00396500,799540.00000000,0.003911
1749266911,0.00396600,13013.00000000,0.003911
1749266911,0.00396700,7772.00000000,0.003911
1749266911,0.00396800,1310.00000000,0.003911
1749266911,0.00396900,1310.00000000,0.003911
1749266911,0.00397000,392081.00000000,0.003911
1749266911,0.00397100,6272.00000000,0.003911
1749266911,0.00397200,1309.00000000,0.003911
1749266911,0.00397300,1308.00000000,0.003911
1749266911,0.00397400,1308.00000000,0.003911
1749266911,0.00397500,1308.00000000,0.003911
1749266911,0.00397600,12673.00000000,0.003911
1749266911,0.00397700,6172.00000000,0.003911
1749266911,0.00397800,12283.00000000,0.003911
1749266911,0.00397900,1306.00000000,0.003911
1749266911,0.00398000,1306.00000000,0.003911
1749266911,0.00398100,5303.00000000,0.003911
1749266911,0.00398200,1305.00000000,0.003911
1749266911,0.00398300,24931.00000000,0.003911
1749266911,0.00398400,1305.00000000,0.003911
1749266911,0.00398500,1304.00000000,0.003911
1749266911,0.00398600,1304.00000000,0.003911
1749266911,0.00398700,1304.00000000,0.003911
1749266911,0.00398800,3560.00000000,0.003911
1749266911,0.00398900,4173.00000000,0.003911
1749266911,0.00399000,1303.00000000,0.003911
1749266911,0.00399100,1302.00000000,0.003911
1749266911,0.00399200,1302.00000000,0.003911
1749266911,0.00399300,12924.00000000,0.003911
1749266911,0.00399400,1301.00000000,0.003911
1749266911,0.00399500,1301.00000000,0.003911
1749266911,0.00399600,1301.00000000,0.003911
1749266911,0.00399700,6141.00000000,0.003911
1749266911,0.00399800,21480.00000000,0.003911
1749266911,0.00399900,1300.00000000,0.003911
1749266911,0.00400000,369008.00000000,0.003911
1749266911,0.00400100,1299.00000000,0.003911
1749266911,0.00400200,6224.00000000,0.003911
1749266911,0.00400300,11605.00000000,0.003911
1749266911,0.00400400,1298.00000000,0.003911
1749266911,0.00400500,8171.00000000,0.003911
1749266911,0.00400600,1298.00000000,0.003911
1749266911,0.00400700,1297.00000000,0.003911
1749266911,0.00400800,1297.00000000,0.003911
1749266911,0.00400900,1297.00000000,0.003911
1749266911,0.00401000,78852.00000000,0.003911
1749266911,0.00401100,1296.00000000,0.003911
1749266911,0.00401200,1296.00000000,0.003911
1749266911,0.00401300,1295.00000000,0.003911
1749267213,0.00390500,26784.00000000,0.003905
1749267213,0.00390600,62796.00000000,0.003905
1749267213,0.00390700,13076.00000000,0.003905
1749267213,0.00390800,147065.00000000,0.003905
1749267213,0.00390900,62728.00000000,0.003905
1749267213,0.00391000,24438.00000000,0.003905
1749267213,0.00391100,100276.00000000,0.003905
1749267213,0.00391200,90713.00000000,0.003905
1749267213,0.00391300,62718.00000000,0.003905
1749267213,0.00391400,56220.00000000,0.003905
1749267213,0.00391500,187004.00000000,0.003905
1749267213,0.00391700,57537.00000000,0.003905
1749267213,0.00391800,88367.00000000,0.003905
1749267213,0.00391900,46580.00000000,0.003905
1749267213,0.00392000,95349.00000000,0.003905
1749267213,0.00392100,2692703.00000000,0.003905
1749267213,0.00392200,80365.00000000,0.003905
1749267213,0.00392300,85841.00000000,0.003905
1749267213,0.00392400,173294.00000000,0.003905
1749267213,0.00392500,46580.00000000,0.003905
1749267213,0.00392600,1676304.00000000,0.003905
1749267213,0.00392700,80330.00000000,0.003905
1749267213,0.00392800,80330.00000000,0.003905
1749267213,0.00392900,46580.00000000,0.003905
1749267213,0.00393000,258613.00000000,0.003905
1749267213,0.00393200,500425.00000000,0.003905
1749267213,0.00393300,125882.00000000,0.003905
1749267213,0.00393400,246352.00000000,0.003905
1749267213,0.00393500,664011.00000000,0.003905
1749267213,0.00393600,80421.00000000,0.003905
1749267213,0.00393700,481711.00000000,0.003905
1749267213,0.00393800,98180.00000000,0.003905
1749267213,0.00393900,1320.00000000,0.003905
1749267213,0.00394000,245215.00000000,0.003905
1749267213,0.00394100,382846.00000000,0.003905
1749267213,0.00394200,47899.00000000,0.003905
1749267213,0.00394300,205185.00000000,0.003905
1749267213,0.00394400,399997.00000000,0.003905
1749267213,0.00394500,47898.00000000,0.003905
1749267213,0.00394600,75746.00000000,0.003905
1749267213,0.00394700,92808.00000000,0.003905
