timestamp,price,volume,current_price
1749254657,0.00388700,115702.00000000,0.003888
1749254657,0.00388800,112863.00000000,0.003888
1749254657,0.00388900,46580.00000000,0.003888
1749254657,0.00389000,61944.00000000,0.003888
1749254657,0.00389100,65950.00000000,0.003888
1749254657,0.00389200,106993.00000000,0.003888
1749254657,0.00389300,87214.00000000,0.003888
1749254657,0.00389400,90708.00000000,0.003888
1749254657,0.00389500,143493.00000000,0.003888
1749254657,0.00389600,620369.00000000,0.003888
1749254657,0.00389700,52457.00000000,0.003888
1749254657,0.00389800,65750.00000000,0.003888
1749254657,0.00389900,65750.00000000,0.003888
1749254657,0.00390000,99709.00000000,0.003888
1749254657,0.00390100,136840.00000000,0.003888
1749254657,0.00390200,56116.00000000,0.003888
1749254657,0.00390300,101205.00000000,0.003888
1749254657,0.00390400,71486.00000000,0.003888
1749254657,0.00390600,46580.00000000,0.003888
1749254657,0.00390700,3016245.00000000,0.003888
1749254657,0.00390800,80482.00000000,0.003888
1749254657,0.00390900,46580.00000000,0.003888
1749254657,0.00391000,80526.00000000,0.003888
1749254657,0.00391100,84146.00000000,0.003888
1749254657,0.00391200,80434.00000000,0.003888
1749254657,0.00391300,46580.00000000,0.003888
1749254657,0.00391400,71407.00000000,0.003888
1749254657,0.00391500,148589.00000000,0.003888
1749254657,0.00391600,46580.00000000,0.003888
1749254657,0.00391700,80504.00000000,0.003888
1749254657,0.00391800,489472.00000000,0.003888
1749254657,0.00391900,193272.00000000,0.003888
1749254657,0.00392200,46580.00000000,0.003888
1749254657,0.00392300,84146.00000000,0.003888
1749254657,0.00392500,46580.00000000,0.003888
1749254657,0.00392600,84146.00000000,0.003888
1749254657,0.00392800,46580.00000000,0.003888
1749254657,0.00392900,571170.00000000,0.003888
1749254657,0.00393000,689291.00000000,0.003888
1749254657,0.00393200,46580.00000000,0.003888
1749254657,0.00393300,84146.00000000,0.003888
1749254657,0.00393600,46580.00000000,0.003888
1749254657,0.00393700,117382.00000000,0.003888
1749254657,0.00393800,87535.00000000,0.003888
1749254657,0.00393900,1320.00000000,0.003888
1749254657,0.00394000,43885.00000000,0.003888
1749254657,0.00394100,1319.00000000,0.003888
1749254657,0.00394200,1319.00000000,0.003888
1749254657,0.00394300,21782.00000000,0.003888
1749254657,0.00394400,40564.00000000,0.003888
1749254657,0.00394500,1318.00000000,0.003888
1749254657,0.00394600,1317.00000000,0.003888
1749254657,0.00394700,46228.00000000,0.003888
1749254657,0.00394800,12611.00000000,0.003888
1749254657,0.00394900,13049.00000000,0.003888
1749254657,0.00395000,38882.00000000,0.003888
1749254657,0.00395100,1316.00000000,0.003888
1749254657,0.00395200,1315.00000000,0.003888
1749254657,0.00395300,1315.00000000,0.003888
1749254657,0.00395400,1315.00000000,0.003888
1749254657,0.00395500,411923.00000000,0.003888
1749254657,0.00395600,1314.00000000,0.003888
1749254657,0.00395700,6204.00000000,0.003888
1749254657,0.00395800,38879.00000000,0.003888
1749254657,0.00395900,1313.00000000,0.003888
1749254657,0.00396000,9112.00000000,0.003888
1749254657,0.00396100,1312.00000000,0.003888
1749254657,0.00396200,1312.00000000,0.003888
1749254657,0.00396300,38878.00000000,0.003888
1749254657,0.00396400,1311.00000000,0.003888
1749254657,0.00396500,1311.00000000,0.003888
1749254657,0.00396600,1311.00000000,0.003888
1749254657,0.00396700,7772.00000000,0.003888
1749254657,0.00396800,38876.00000000,0.003888
1749254657,0.00396900,1310.00000000,0.003888
1749254657,0.00397000,21632.00000000,0.003888
1749254657,0.00397100,6272.00000000,0.003888
1749254657,0.00397200,50241.00000000,0.003888
1749254657,0.00397300,1308.00000000,0.003888
1749254657,0.00397400,1308.00000000,0.003888
1749254657,0.00397500,12284.00000000,0.003888
1749254657,0.00397600,38873.00000000,0.003888
1749254657,0.00397700,6172.00000000,0.003888
1749254657,0.00397800,1307.00000000,0.003888
1749254657,0.00397900,1306.00000000,0.003888
1749254657,0.00398000,1306.00000000,0.003888
1749254657,0.00398100,803532.00000000,0.003888
1749254657,0.00398200,1305.00000000,0.003888
1749254657,0.00398300,1305.00000000,0.003888
1749254657,0.00398400,52786.00000000,0.003888
1749254657,0.00398500,45217.00000000,0.003888
1749254657,0.00398600,1304.00000000,0.003888
1749254657,0.00398700,1304.00000000,0.003888
1749254657,0.00398800,1303.00000000,0.003888
1749254657,0.00398900,41739.00000000,0.003888
1749254657,0.00399000,1303.00000000,0.003888
1749254657,0.00399100,5562.00000000,0.003888
1749254657,0.00399200,1302.00000000,0.003888
1749254657,0.00399300,1302.00000000,0.003888
1749254657,0.00399400,1301.00000000,0.003888
1749254981,0.00388400,43705.00000000,0.003884
1749254981,0.00388500,91545.00000000,0.003884
1749254981,0.00388600,61869.00000000,0.003884
1749254981,0.00388700,74798.00000000,0.003884
1749254981,0.00388800,65808.00000000,0.003884
1749254981,0.00388900,119372.00000000,0.003884
1749254981,0.00389000,103374.00000000,0.003884
1749254981,0.00389100,65950.00000000,0.003884
1749254981,0.00389200,65950.00000000,0.003884
1749254981,0.00389300,56992.00000000,0.003884
1749254981,0.00389400,65906.00000000,0.003884
1749254981,0.00389500,46580.00000000,0.003884
1749254981,0.00389600,78049.00000000,0.003884
1749254981,0.00389700,74541.00000000,0.003884
1749254981,0.00389800,34029.00000000,0.003884
1749254981,0.00389900,71382.00000000,0.003884
1749254981,0.00390000,202324.00000000,0.003884
1749254981,0.00390100,84146.00000000,0.003884
1749254981,0.00390200,40827.00000000,0.003884
1749254981,0.00390300,86425.00000000,0.003884
1749254981,0.00390400,71486.00000000,0.003884
1749254981,0.00390600,209311.00000000,0.003884
1749254981,0.00390700,3097696.00000000,0.003884
1749254981,0.00390800,80482.00000000,0.003884
1749254981,0.00390900,603550.00000000,0.003884
1749254981,0.00391000,230016.00000000,0.003884
1749254981,0.00391100,277418.00000000,0.003884
1749254981,0.00391300,46580.00000000,0.003884
1749254981,0.00391400,37566.00000000,0.003884
1749254981,0.00391500,20606.00000000,0.003884
1749254981,0.00391700,74450.00000000,0.003884
1749254981,0.00391800,89085.00000000,0.003884
1749254981,0.00392200,46580.00000000,0.003884
1749254981,0.00392300,84146.00000000,0.003884
1749254981,0.00392500,46580.00000000,0.003884
1749254981,0.00392600,84146.00000000,0.003884
1749254981,0.00392800,46580.00000000,0.003884
1749254981,0.00392900,571170.00000000,0.003884
1749254981,0.00393000,689291.00000000,0.003884
1749254981,0.00393200,46580.00000000,0.003884
1749254981,0.00393300,84146.00000000,0.003884
1749254981,0.00393600,46580.00000000,0.003884
1749254981,0.00393700,89061.00000000,0.003884
1749254981,0.00393800,87535.00000000,0.003884
1749254981,0.00393900,1320.00000000,0.003884
1749254981,0.00394000,43885.00000000,0.003884
1749254981,0.00394100,1319.00000000,0.003884
1749254981,0.00394200,1319.00000000,0.003884
1749254981,0.00394300,399269.00000000,0.003884
1749254981,0.00394400,40564.00000000,0.003884
1749254981,0.00394500,1318.00000000,0.003884
1749254981,0.00394600,1317.00000000,0.003884
1749254981,0.00394700,46228.00000000,0.003884
1749254981,0.00394800,12611.00000000,0.003884
1749254981,0.00394900,13049.00000000,0.003884
1749254981,0.00395000,38882.00000000,0.003884
1749254981,0.00395100,1316.00000000,0.003884
1749254981,0.00395200,1315.00000000,0.003884
1749254981,0.00395300,1315.00000000,0.003884
1749254981,0.00395400,1315.00000000,0.003884
1749254981,0.00395500,38880.00000000,0.003884
1749254981,0.00395600,1314.00000000,0.003884
1749254981,0.00395700,6204.00000000,0.003884
1749254981,0.00395800,38879.00000000,0.003884
1749254981,0.00395900,1313.00000000,0.003884
1749254981,0.00396000,9112.00000000,0.003884
1749254981,0.00396100,1312.00000000,0.003884
1749254981,0.00396200,1312.00000000,0.003884
1749254981,0.00396300,38878.00000000,0.003884
1749254981,0.00396400,1311.00000000,0.003884
1749254981,0.00396500,1311.00000000,0.003884
1749254981,0.00396600,1311.00000000,0.003884
1749254981,0.00396700,7772.00000000,0.003884
1749254981,0.00396800,38876.00000000,0.003884
1749254981,0.00396900,1310.00000000,0.003884
1749254981,0.00397000,21632.00000000,0.003884
1749254981,0.00397100,6272.00000000,0.003884
1749254981,0.00397200,50241.00000000,0.003884
1749254981,0.00397300,1308.00000000,0.003884
1749254981,0.00397400,1308.00000000,0.003884
1749254981,0.00397500,12284.00000000,0.003884
1749254981,0.00397600,38873.00000000,0.003884
1749254981,0.00397700,6172.00000000,0.003884
1749254981,0.00397800,1307.00000000,0.003884
1749254981,0.00397900,1306.00000000,0.003884
1749254981,0.00398000,1306.00000000,0.003884
1749254981,0.00398100,803532.00000000,0.003884
1749254981,0.00398200,1305.00000000,0.003884
1749254981,0.00398300,1305.00000000,0.003884
1749254981,0.00398400,52786.00000000,0.003884
1749254981,0.00398500,45217.00000000,0.003884
1749254981,0.00398600,1304.00000000,0.003884
1749254981,0.00398700,1304.00000000,0.003884
1749254981,0.00398800,1303.00000000,0.003884
1749254981,0.00398900,41739.00000000,0.003884
1749254981,0.00399000,1303.00000000,0.003884
1749254981,0.00399100,5562.00000000,0.003884
1749254981,0.00399200,1302.00000000,0.003884
1749254981,0.00399300,1302.00000000,0.003884
1749254981,0.00399400,1301.00000000,0.003884
