timestamp,price,volume,current_price
1749260768,0.68110000,14.68000000,0.6811
1749260768,0.68120000,391.67000000,0.6811
1749260768,0.68130000,1549.13000000,0.6811
1749260768,0.68140000,2716.73000000,0.6811
1749260768,0.68150000,4693.31000000,0.6811
1749260768,0.68160000,8273.98000000,0.6811
1749260768,0.68170000,2117.01000000,0.6811
1749260768,0.68180000,6809.30000000,0.6811
1749260768,0.68190000,7678.12000000,0.6811
1749260768,0.68200000,6552.74000000,0.6811
1749260768,0.68210000,1351.17000000,0.6811
1749260768,0.68220000,8722.61000000,0.6811
1749260768,0.68230000,2222.83000000,0.6811
1749260768,0.68240000,3580.83000000,0.6811
1749260768,0.68250000,6568.39000000,0.6811
1749260768,0.68260000,655.93000000,0.6811
1749260768,0.68270000,3430.52000000,0.6811
1749260768,0.68280000,1815.89000000,0.6811
1749260768,0.68290000,2111.54000000,0.6811
1749260768,0.68300000,469.68000000,0.6811
1749260768,0.68310000,2310.57000000,0.6811
1749260768,0.68320000,3639.06000000,0.6811
1749260768,0.68330000,1576.13000000,0.6811
1749260768,0.68340000,2542.24000000,0.6811
1749260768,0.68350000,14.63000000,0.6811
1749260768,0.68360000,521.38000000,0.6811
1749260768,0.68370000,1815.85000000,0.6811
1749260768,0.68380000,14.62000000,0.6811
1749260768,0.68390000,1078.49000000,0.6811
1749260768,0.68400000,363.10000000,0.6811
1749260768,0.68410000,1220.67000000,0.6811
1749260768,0.68420000,4872.56000000,0.6811
1749260768,0.68430000,25.58000000,0.6811
1749260768,0.68440000,14.61000000,0.6811
1749260768,0.68450000,2193.73000000,0.6811
1749260768,0.68460000,7522.31000000,0.6811
1749260768,0.68470000,1586.41000000,0.6811
1749260768,0.68480000,14.60000000,0.6811
1749260768,0.68490000,25.56000000,0.6811
1749260768,0.68500000,2193.72000000,0.6811
1749260768,0.68510000,872.80000000,0.6811
1749260768,0.68520000,357.85000000,0.6811
1749260768,0.68530000,1771.25000000,0.6811
1749260768,0.68540000,151.86000000,0.6811
1749260768,0.68550000,751.90000000,0.6811
1749260768,0.68560000,1467.33000000,0.6811
1749260768,0.68570000,14.58000000,0.6811
1749260768,0.68580000,33.36000000,0.6811
1749260768,0.68590000,6711.26000000,0.6811
1749260768,0.68600000,748.75000000,0.6811
1749260768,0.68610000,25.51000000,0.6811
1749260768,0.68620000,237.61000000,0.6811
1749260768,0.68630000,9294.83000000,0.6811
1749260768,0.68640000,14584.33000000,0.6811
1749260768,0.68650000,14.56000000,0.6811
1749260768,0.68660000,1467.31000000,0.6811
1749260768,0.68670000,25.49000000,0.6811
1749260768,0.68680000,14.56000000,0.6811
1749260768,0.68690000,14.55000000,0.6811
1749260768,0.68700000,1478.23000000,0.6811
1749260768,0.68710000,14.55000000,0.6811
1749260768,0.68720000,14.55000000,0.6811
1749260768,0.68730000,1478.22000000,0.6811
1749260768,0.68740000,825.66000000,0.6811
1749260768,0.68750000,14.54000000,0.6811
1749260768,0.68760000,1516.94000000,0.6811
1749260768,0.68770000,493.89000000,0.6811
1749260768,0.68780000,14.54000000,0.6811
1749260768,0.68790000,25.45000000,0.6811
1749260768,0.68800000,855.66000000,0.6811
1749260768,0.68810000,14.53000000,0.6811
1749260768,0.68820000,25.60000000,0.6811
1749260768,0.68830000,23.27000000,0.6811
1749260768,0.68840000,162.26000000,0.6811
1749260768,0.68850000,25.59000000,0.6811
1749260768,0.68860000,436.21000000,0.6811
1749260768,0.68880000,734.23000000,0.6811
1749260768,0.68910000,232.78000000,0.6811
1749260768,0.68940000,10.92000000,0.6811
1749260768,0.68950000,7.83000000,0.6811
1749260768,0.68960000,145.90000000,0.6811
1749260768,0.68970000,10.92000000,0.6811
1749260768,0.68980000,651.62000000,0.6811
1749260768,0.68990000,1235.56000000,0.6811
1749260768,0.69000000,72.03000000,0.6811
1749260768,0.69030000,10.92000000,0.6811
1749260768,0.69060000,1144.85000000,0.6811
1749260768,0.69080000,275.03000000,0.6811
1749260768,0.69090000,44045.19000000,0.6811
1749260768,0.69100000,8512.33000000,0.6811
1749260768,0.69120000,10.92000000,0.6811
1749260768,0.69140000,2214.46000000,0.6811
1749260768,0.69150000,10.92000000,0.6811
1749260768,0.69160000,7.74000000,0.6811
1749260768,0.69180000,10.92000000,0.6811
1749260768,0.69200000,103.78000000,0.6811
1749260768,0.69210000,10.92000000,0.6811
1749260768,0.69240000,10.92000000,0.6811
1749260768,0.69250000,74.10000000,0.6811
1749260768,0.69270000,10.92000000,0.6811
1749261088,0.68330000,189.44000000,0.6833
1749261088,0.68340000,601.84000000,0.6833
1749261088,0.68350000,925.64000000,0.6833
1749261088,0.68360000,478.49000000,0.6833
1749261088,0.68370000,1144.26000000,0.6833
1749261088,0.68380000,2084.83000000,0.6833
1749261088,0.68390000,4203.28000000,0.6833
1749261088,0.68400000,10405.10000000,0.6833
1749261088,0.68410000,7543.73000000,0.6833
1749261088,0.68420000,6189.59000000,0.6833
1749261088,0.68430000,5557.60000000,0.6833
1749261088,0.68440000,4550.09000000,0.6833
1749261088,0.68450000,7849.65000000,0.6833
1749261088,0.68460000,8268.28000000,0.6833
1749261088,0.68470000,7008.62000000,0.6833
1749261088,0.68480000,363.07000000,0.6833
1749261088,0.68490000,1734.24000000,0.6833
1749261088,0.68500000,6239.79000000,0.6833
1749261088,0.68510000,3384.89000000,0.6833
1749261088,0.68520000,371.63000000,0.6833
1749261088,0.68530000,2466.64000000,0.6833
1749261088,0.68540000,3639.01000000,0.6833
1749261088,0.68550000,1089.40000000,0.6833
1749261088,0.68560000,1804.83000000,0.6833
1749261088,0.68570000,14.58000000,0.6833
1749261088,0.68580000,370.86000000,0.6833
1749261088,0.68590000,1804.83000000,0.6833
1749261088,0.68600000,1086.25000000,0.6833
1749261088,0.68610000,3430.71000000,0.6833
1749261088,0.68620000,237.61000000,0.6833
1749261088,0.68630000,1467.32000000,0.6833
1749261088,0.68640000,653.14000000,0.6833
1749261088,0.68650000,14.56000000,0.6833
1749261088,0.68660000,1467.31000000,0.6833
1749261088,0.68670000,193.91000000,0.6833
1749261088,0.68680000,14.56000000,0.6833
1749261088,0.68690000,740.92000000,0.6833
1749261088,0.68700000,8839.26000000,0.6833
1749261088,0.68710000,872.76000000,0.6833
1749261088,0.68720000,151.82000000,0.6833
1749261088,0.68730000,6037.98000000,0.6833
1749261088,0.68740000,14.55000000,0.6833
1749261088,0.68750000,14.54000000,0.6833
1749261088,0.68760000,1478.21000000,0.6833
1749261088,0.68770000,1178.06000000,0.6833
1749261088,0.68780000,825.65000000,0.6833
1749261088,0.68790000,7823.72000000,0.6833
1749261088,0.68800000,25.76000000,0.6833
1749261088,0.68810000,14.53000000,0.6833
1749261088,0.68820000,25.60000000,0.6833
1749261088,0.68830000,14541.32000000,0.6833
1749261088,0.68840000,14.69000000,0.6833
1749261088,0.68850000,25.59000000,0.6833
1749261088,0.68860000,14.69000000,0.6833
1749261088,0.68870000,14.68000000,0.6833
1749261088,0.68880000,172.58000000,0.6833
1749261088,0.68890000,53.85000000,0.6833
1749261088,0.68900000,14.67000000,0.6833
1749261088,0.68910000,247.45000000,0.6833
1749261088,0.68920000,14.67000000,0.6833
1749261088,0.68930000,14.67000000,0.6833
1749261088,0.68940000,25.59000000,0.6833
1749261088,0.68950000,22.49000000,0.6833
1749261088,0.68960000,160.56000000,0.6833
1749261088,0.68970000,25.58000000,0.6833
1749261088,0.68980000,666.28000000,0.6833
1749261088,0.68990000,1250.21000000,0.6833
1749261088,0.69000000,916.58000000,0.6833
1749261088,0.69010000,442.58000000,0.6833
1749261088,0.69020000,14.65000000,0.6833
1749261088,0.69030000,25.57000000,0.6833
1749261088,0.69040000,14.64000000,0.6833
1749261088,0.69050000,755.22000000,0.6833
1749261088,0.69060000,1159.49000000,0.6833
1749261088,0.69070000,14.64000000,0.6833
1749261088,0.69080000,14.64000000,0.6833
1749261088,0.69090000,10.92000000,0.6833
1749261088,0.69100000,908.79000000,0.6833
1749261088,0.69120000,10.92000000,0.6833
1749261088,0.69140000,2214.46000000,0.6833
1749261088,0.69150000,10.92000000,0.6833
1749261088,0.69160000,7.74000000,0.6833
1749261088,0.69180000,10.92000000,0.6833
1749261088,0.69200000,103.78000000,0.6833
1749261088,0.69210000,10.92000000,0.6833
1749261088,0.69240000,10.92000000,0.6833
1749261088,0.69250000,74.10000000,0.6833
1749261088,0.69270000,44045.19000000,0.6833
1749261088,0.69280000,7845.36000000,0.6833
1749261088,0.69300000,46.89000000,0.6833
1749261088,0.69320000,7.83000000,0.6833
1749261088,0.69360000,273.91000000,0.6833
1749261088,0.69380000,20339.72000000,0.6833
1749261088,0.69390000,22515.58000000,0.6833
1749261088,0.69400000,383.56000000,0.6833
1749261088,0.69420000,288.70000000,0.6833
1749261088,0.69430000,721.96000000,0.6833
1749261088,0.69440000,721.96000000,0.6833
1749261088,0.69460000,113.68000000,0.6833
1749261088,0.69470000,14.48000000,0.6833
1749261401,0.68310000,749.05000000,0.683
1749261401,0.68320000,844.47000000,0.683
1749261401,0.68330000,608.30000000,0.683
1749261401,0.68340000,3309.10000000,0.683
1749261401,0.68350000,2142.55000000,0.683
1749261401,0.68360000,2512.30000000,0.683
1749261401,0.68370000,5309.51000000,0.683
1749261401,0.68380000,11280.48000000,0.683
1749261401,0.68390000,11587.26000000,0.683
1749261401,0.68400000,9315.93000000,0.683
1749261401,0.68410000,9796.23000000,0.683
1749261401,0.68420000,9655.06000000,0.683
1749261401,0.68430000,2447.38000000,0.683
1749261401,0.68440000,1596.14000000,0.683
1749261401,0.68450000,3446.18000000,0.683
1749261401,0.68460000,3458.64000000,0.683
1749261401,0.68470000,2114.86000000,0.683
1749261401,0.68480000,6673.32000000,0.683
1749261401,0.68490000,521.53000000,0.683
1749261401,0.68500000,3338.67000000,0.683
1749261401,0.68510000,352.09000000,0.683
1749261401,0.68520000,371.63000000,0.683
1749261401,0.68530000,1942.11000000,0.683
1749261401,0.68540000,14.59000000,0.683
1749261401,0.68550000,1089.40000000,0.683
1749261401,0.68560000,1857.60000000,0.683
1749261401,0.68570000,1036.25000000,0.683
1749261401,0.68580000,3945.93000000,0.683
1749261401,0.68590000,1804.83000000,0.683
1749261401,0.68600000,1409.97000000,0.683
1749261401,0.68610000,25.51000000,0.683
1749261401,0.68620000,575.11000000,0.683
1749261401,0.68630000,1868.23000000,0.683
1749261401,0.68640000,25.51000000,0.683
1749261401,0.68650000,872.77000000,0.683
1749261401,0.68660000,1467.31000000,0.683
1749261401,0.68670000,25.49000000,0.683
1749261401,0.68680000,14.56000000,0.683
1749261401,0.68690000,740.92000000,0.683
1749261401,0.68700000,8432.49000000,0.683
1749261401,0.68710000,7826.11000000,0.683
1749261401,0.68720000,14.55000000,0.683
1749261401,0.68730000,1478.22000000,0.683
1749261401,0.68740000,825.66000000,0.683
1749261401,0.68750000,4574.30000000,0.683
1749261401,0.68760000,1478.21000000,0.683
1749261401,0.68770000,493.89000000,0.683
1749261401,0.68780000,14.54000000,0.683
1749261401,0.68790000,25.45000000,0.683
1749261401,0.68800000,25.76000000,0.683
1749261401,0.68810000,14.53000000,0.683
1749261401,0.68820000,740.74000000,0.683
1749261401,0.68830000,14541.32000000,0.683
1749261401,0.68840000,14.69000000,0.683
1749261401,0.68850000,25.59000000,0.683
1749261401,0.68860000,14.69000000,0.683
1749261401,0.68870000,14.68000000,0.683
1749261401,0.68880000,25.58000000,0.683
1749261401,0.68890000,53.85000000,0.683
1749261401,0.68900000,14.67000000,0.683
1749261401,0.68910000,247.45000000,0.683
1749261401,0.68920000,14.67000000,0.683
1749261401,0.68930000,14.66000000,0.683
1749261401,0.68940000,25.59000000,0.683
1749261401,0.68950000,1445.26000000,0.683
1749261401,0.68960000,160.56000000,0.683
1749261401,0.68970000,25.58000000,0.683
1749261401,0.68980000,666.28000000,0.683
1749261401,0.68990000,1250.22000000,0.683
1749261401,0.69000000,86.68000000,0.683
1749261401,0.69010000,588.67000000,0.683
1749261401,0.69020000,14.65000000,0.683
1749261401,0.69030000,25.57000000,0.683
1749261401,0.69040000,14.64000000,0.683
1749261401,0.69050000,735.05000000,0.683
1749261401,0.69060000,1159.49000000,0.683
1749261401,0.69090000,10.92000000,0.683
1749261401,0.69100000,908.79000000,0.683
1749261401,0.69120000,10.92000000,0.683
1749261401,0.69140000,2214.46000000,0.683
1749261401,0.69150000,10.92000000,0.683
1749261401,0.69160000,7.74000000,0.683
1749261401,0.69180000,10.92000000,0.683
1749261401,0.69200000,103.78000000,0.683
1749261401,0.69210000,10.92000000,0.683
1749261401,0.69230000,44034.27000000,0.683
1749261401,0.69240000,7602.42000000,0.683
1749261401,0.69250000,74.10000000,0.683
1749261401,0.69270000,10.92000000,0.683
1749261401,0.69280000,259.80000000,0.683
1749261401,0.69300000,46.89000000,0.683
1749261401,0.69320000,7.83000000,0.683
1749261401,0.69360000,273.91000000,0.683
1749261401,0.69390000,22515.58000000,0.683
1749261401,0.69400000,383.56000000,0.683
1749261401,0.69410000,1781.91000000,0.683
1749261401,0.69460000,113.68000000,0.683
1749261401,0.69500000,772.34000000,0.683
1749261401,0.69540000,221.89000000,0.683
1749261401,0.69560000,9.34000000,0.683
1749261713,0.68250000,975.51000000,0.6825
1749261713,0.68260000,731.64000000,0.6825
1749261713,0.68270000,814.81000000,0.6825
1749261713,0.68280000,2171.69000000,0.6825
1749261713,0.68290000,2591.55000000,0.6825
1749261713,0.68300000,2692.79000000,0.6825
1749261713,0.68310000,3016.88000000,0.6825
1749261713,0.68320000,11816.06000000,0.6825
1749261713,0.68330000,11035.83000000,0.6825
1749261713,0.68340000,4860.41000000,0.6825
1749261713,0.68350000,9121.57000000,0.6825
1749261713,0.68360000,6560.85000000,0.6825
1749261713,0.68370000,5088.75000000,0.6825
1749261713,0.68380000,3910.99000000,0.6825
1749261713,0.68390000,3308.97000000,0.6825
1749261713,0.68400000,2398.91000000,0.6825
1749261713,0.68410000,1357.45000000,0.6825
1749261713,0.68420000,4772.15000000,0.6825
1749261713,0.68430000,4538.16000000,0.6825
1749261713,0.68440000,3170.65000000,0.6825
1749261713,0.68450000,6069.04000000,0.6825
1749261713,0.68460000,1207.06000000,0.6825
1749261713,0.68470000,352.11000000,0.6825
1749261713,0.68480000,352.10000000,0.6825
1749261713,0.68490000,666.97000000,0.6825
1749261713,0.68500000,2531.22000000,0.6825
1749261713,0.68510000,3808.47000000,0.6825
1749261713,0.68520000,34.13000000,0.6825
1749261713,0.68530000,1467.34000000,0.6825
1749261713,0.68540000,14.59000000,0.6825
1749261713,0.68550000,751.90000000,0.6825
1749261713,0.68560000,1467.33000000,0.6825
1749261713,0.68570000,698.75000000,0.6825
1749261713,0.68580000,3438.56000000,0.6825
1749261713,0.68590000,1467.33000000,0.6825
1749261713,0.68600000,1072.47000000,0.6825
1749261713,0.68610000,421.67000000,0.6825
1749261713,0.68620000,237.61000000,0.6825
1749261713,0.68630000,1467.32000000,0.6825
1749261713,0.68640000,25.51000000,0.6825
1749261713,0.68650000,872.77000000,0.6825
1749261713,0.68660000,2278.42000000,0.6825
1749261713,0.68670000,6982.35000000,0.6825
1749261713,0.68680000,14.56000000,0.6825
1749261713,0.68690000,740.92000000,0.6825
1749261713,0.68700000,1478.23000000,0.6825
1749261713,0.68710000,151.82000000,0.6825
1749261713,0.68720000,14.55000000,0.6825
1749261713,0.68730000,9336.01000000,0.6825
1749261713,0.68740000,14.55000000,0.6825
1749261713,0.68750000,4574.30000000,0.6825
1749261713,0.68760000,1478.21000000,0.6825
1749261713,0.68770000,493.89000000,0.6825
1749261713,0.68780000,14.54000000,0.6825
1749261713,0.68790000,25.45000000,0.6825
1749261713,0.68800000,25.76000000,0.6825
1749261713,0.68810000,14.53000000,0.6825
1749261713,0.68820000,14287.20000000,0.6825
1749261713,0.68830000,14541.32000000,0.6825
1749261713,0.68840000,14.69000000,0.6825
1749261713,0.68850000,25.59000000,0.6825
1749261713,0.68860000,14.69000000,0.6825
1749261713,0.68870000,14.68000000,0.6825
1749261713,0.68880000,25.58000000,0.6825
1749261713,0.68890000,53.85000000,0.6825
1749261713,0.68900000,14.67000000,0.6825
1749261713,0.68910000,247.45000000,0.6825
1749261713,0.68920000,14.67000000,0.6825
1749261713,0.68930000,14.66000000,0.6825
1749261713,0.68940000,25.59000000,0.6825
1749261713,0.68950000,1445.26000000,0.6825
1749261713,0.68960000,160.56000000,0.6825
1749261713,0.68970000,171.29000000,0.6825
1749261713,0.68980000,666.28000000,0.6825
1749261713,0.68990000,1250.21000000,0.6825
1749261713,0.69000000,86.68000000,0.6825
1749261713,0.69010000,427.93000000,0.6825
1749261713,0.69030000,10.92000000,0.6825
1749261713,0.69050000,720.41000000,0.6825
1749261713,0.69060000,1144.85000000,0.6825
1749261713,0.69090000,10.92000000,0.6825
1749261713,0.69100000,892.07000000,0.6825
1749261713,0.69120000,10.92000000,0.6825
1749261713,0.69140000,2214.46000000,0.6825
1749261713,0.69150000,10.92000000,0.6825
1749261713,0.69160000,7.74000000,0.6825
1749261713,0.69180000,10.92000000,0.6825
1749261713,0.69200000,30559.02000000,0.6825
1749261713,0.69210000,7599.73000000,0.6825
1749261713,0.69240000,10.92000000,0.6825
1749261713,0.69250000,74.10000000,0.6825
1749261713,0.69270000,10.92000000,0.6825
1749261713,0.69280000,259.80000000,0.6825
1749261713,0.69320000,7.83000000,0.6825
1749261713,0.69360000,273.91000000,0.6825
1749261713,0.69390000,22515.58000000,0.6825
1749261713,0.69400000,91.84000000,0.6825
1749261713,0.69410000,1781.91000000,0.6825
1749261713,0.69460000,113.68000000,0.6825
1749261713,0.69500000,49.80000000,0.6825
1749262015,0.68080000,1209.49000000,0.6806
1749262015,0.68090000,1096.08000000,0.6806
1749262015,0.68100000,1544.63000000,0.6806
1749262015,0.68110000,2400.91000000,0.6806
1749262015,0.68120000,2295.46000000,0.6806
1749262015,0.68130000,2777.01000000,0.6806
1749262015,0.68140000,10492.66000000,0.6806
1749262015,0.68150000,9858.31000000,0.6806
1749262015,0.68160000,5466.00000000,0.6806
1749262015,0.68170000,3064.89000000,0.6806
1749262015,0.68180000,3011.71000000,0.6806
1749262015,0.68190000,5327.87000000,0.6806
1749262015,0.68200000,5838.13000000,0.6806
1749262015,0.68210000,5891.91000000,0.6806
1749262015,0.68220000,616.01000000,0.6806
1749262015,0.68230000,1476.09000000,0.6806
1749262015,0.68240000,2980.92000000,0.6806
1749262015,0.68250000,6682.04000000,0.6806
1749262015,0.68260000,352.14000000,0.6806
1749262015,0.68270000,1804.89000000,0.6806
1749262015,0.68280000,3090.49000000,0.6806
1749262015,0.68290000,847.71000000,0.6806
1749262015,0.68300000,2531.26000000,0.6806
1749262015,0.68310000,521.48000000,0.6806
1749262015,0.68320000,352.14000000,0.6806
1749262015,0.68330000,3648.08000000,0.6806
1749262015,0.68340000,25.62000000,0.6806
1749262015,0.68350000,1442.50000000,0.6806
1749262015,0.68360000,2004.83000000,0.6806
1749262015,0.68370000,3953.93000000,0.6806
1749262015,0.68380000,14.62000000,0.6806
1749262015,0.68390000,2329.56000000,0.6806
1749262015,0.68400000,1609.51000000,0.6806
1749262015,0.68410000,14.61000000,0.6806
1749262015,0.68420000,2325.57000000,0.6806
1749262015,0.68430000,25.58000000,0.6806
1749262015,0.68440000,14.61000000,0.6806
1749262015,0.68450000,2587.03000000,0.6806
1749262015,0.68460000,10405.18000000,0.6806
1749262015,0.68470000,14.61000000,0.6806
1749262015,0.68480000,14.60000000,0.6806
1749262015,0.68490000,25.56000000,0.6806
1749262015,0.68500000,2193.72000000,0.6806
1749262015,0.68510000,14.59000000,0.6806
1749262015,0.68520000,34.13000000,0.6806
1749262015,0.68530000,2415.72000000,0.6806
1749262015,0.68540000,14.59000000,0.6806
1749262015,0.68550000,751.90000000,0.6806
1749262015,0.68560000,1467.33000000,0.6806
1749262015,0.68570000,698.75000000,0.6806
1749262015,0.68580000,7864.01000000,0.6806
1749262015,0.68590000,1613.23000000,0.6806
1749262015,0.68600000,22.38000000,0.6806
1749262015,0.68610000,78.23000000,0.6806
1749262015,0.68620000,14.57000000,0.6806
1749262015,0.68630000,1467.32000000,0.6806
1749262015,0.68640000,740.65000000,0.6806
1749262015,0.68650000,14571.52000000,0.6806
1749262015,0.68660000,1467.31000000,0.6806
1749262015,0.68670000,25.49000000,0.6806
1749262015,0.68680000,14.56000000,0.6806
1749262015,0.68690000,14.55000000,0.6806
1749262015,0.68700000,1478.23000000,0.6806
1749262015,0.68710000,14.55000000,0.6806
1749262015,0.68720000,14.55000000,0.6806
1749262015,0.68730000,25.47000000,0.6806
1749262015,0.68740000,14453.08000000,0.6806
1749262015,0.68750000,4574.30000000,0.6806
1749262015,0.68760000,25.46000000,0.6806
1749262015,0.68770000,493.89000000,0.6806
1749262015,0.68780000,14.54000000,0.6806
1749262015,0.68790000,25.60000000,0.6806
1749262015,0.68800000,677.53000000,0.6806
1749262015,0.68810000,14.69000000,0.6806
1749262015,0.68820000,25.60000000,0.6806
1749262015,0.68830000,23.27000000,0.6806
1749262015,0.68850000,10.90000000,0.6806
1749262015,0.68860000,420.98000000,0.6806
1749262015,0.68880000,1144.83000000,0.6806
1749262015,0.68890000,39.17000000,0.6806
1749262015,0.68900000,721.25000000,0.6806
1749262015,0.68910000,232.78000000,0.6806
1749262015,0.68940000,10.92000000,0.6806
1749262015,0.68950000,1430.60000000,0.6806
1749262015,0.68960000,2205.88000000,0.6806
1749262015,0.68970000,156.63000000,0.6806
1749262015,0.68990000,1235.56000000,0.6806
1749262015,0.69000000,72.03000000,0.6806
1749262015,0.69030000,10.92000000,0.6806
1749262015,0.69040000,30487.81000000,0.6806
1749262015,0.69050000,7605.59000000,0.6806
1749262015,0.69060000,546.68000000,0.6806
1749262015,0.69090000,10.92000000,0.6806
1749262015,0.69120000,10.92000000,0.6806
1749262015,0.69140000,8.58000000,0.6806
1749262015,0.69150000,10.92000000,0.6806
1749262015,0.69160000,7.74000000,0.6806
1749262015,0.69180000,10.92000000,0.6806
1749262015,0.69200000,71.21000000,0.6806
1749262015,0.69210000,10.92000000,0.6806
1749262317,0.68190000,365.92000000,0.6817
1749262317,0.68200000,806.73000000,0.6817
1749262317,0.68210000,1478.57000000,0.6817
1749262317,0.68220000,827.77000000,0.6817
1749262317,0.68230000,1479.55000000,0.6817
1749262317,0.68240000,4715.69000000,0.6817
1749262317,0.68250000,8045.42000000,0.6817
1749262317,0.68260000,14912.66000000,0.6817
1749262317,0.68270000,14742.34000000,0.6817
1749262317,0.68280000,11128.16000000,0.6817
1749262317,0.68290000,2148.93000000,0.6817
1749262317,0.68300000,2664.62000000,0.6817
1749262317,0.68310000,615.99000000,0.6817
1749262317,0.68320000,2325.51000000,0.6817
1749262317,0.68330000,6499.36000000,0.6817
1749262317,0.68340000,1477.03000000,0.6817
1749262317,0.68350000,1564.73000000,0.6817
1749262317,0.68360000,8131.75000000,0.6817
1749262317,0.68370000,329.51000000,0.6817
1749262317,0.68380000,671.29000000,0.6817
1749262317,0.68390000,1865.25000000,0.6817
1749262317,0.68400000,751.97000000,0.6817
1749262317,0.68410000,14.61000000,0.6817
1749262317,0.68420000,1467.36000000,0.6817
1749262317,0.68430000,25.58000000,0.6817
1749262317,0.68440000,14.61000000,0.6817
1749262317,0.68450000,2362.86000000,0.6817
1749262317,0.68460000,3430.78000000,0.6817
1749262317,0.68470000,14.61000000,0.6817
1749262317,0.68480000,14.60000000,0.6817
1749262317,0.68490000,25.56000000,0.6817
1749262317,0.68500000,2193.72000000,0.6817
1749262317,0.68510000,67.41000000,0.6817
1749262317,0.68520000,34.13000000,0.6817
1749262317,0.68530000,2867.19000000,0.6817
1749262317,0.68540000,14.59000000,0.6817
1749262317,0.68550000,5311.66000000,0.6817
1749262317,0.68560000,1467.33000000,0.6817
1749262317,0.68570000,1509.86000000,0.6817
1749262317,0.68580000,33.36000000,0.6817
1749262317,0.68590000,8578.80000000,0.6817
1749262317,0.68600000,22.38000000,0.6817
1749262317,0.68610000,248.55000000,0.6817
1749262317,0.68620000,14.57000000,0.6817
1749262317,0.68630000,1467.32000000,0.6817
1749262317,0.68640000,740.65000000,0.6817
1749262317,0.68650000,22390.31000000,0.6817
1749262317,0.68660000,1467.31000000,0.6817
1749262317,0.68670000,25.49000000,0.6817
1749262317,0.68680000,14.56000000,0.6817
1749262317,0.68690000,14.55000000,0.6817
1749262317,0.68700000,1478.23000000,0.6817
1749262317,0.68710000,14.55000000,0.6817
1749262317,0.68720000,14.55000000,0.6817
1749262317,0.68730000,25.47000000,0.6817
1749262317,0.68740000,906.62000000,0.6817
1749262317,0.68750000,14.54000000,0.6817
1749262317,0.68760000,25.46000000,0.6817
1749262317,0.68770000,493.89000000,0.6817
1749262317,0.68780000,14.54000000,0.6817
1749262317,0.68790000,25.60000000,0.6817
1749262317,0.68800000,677.53000000,0.6817
1749262317,0.68810000,14.69000000,0.6817
1749262317,0.68820000,25.60000000,0.6817
1749262317,0.68830000,23.27000000,0.6817
1749262317,0.68840000,14.69000000,0.6817
1749262317,0.68850000,25.59000000,0.6817
1749262317,0.68860000,435.66000000,0.6817
1749262317,0.68870000,14.68000000,0.6817
1749262317,0.68880000,1159.51000000,0.6817
1749262317,0.68890000,53.85000000,0.6817
1749262317,0.68900000,735.92000000,0.6817
1749262317,0.68910000,247.45000000,0.6817
1749262317,0.68920000,14.67000000,0.6817
1749262317,0.68930000,14.67000000,0.6817
1749262317,0.68940000,25.59000000,0.6817
1749262317,0.68950000,882.78000000,0.6817
1749262317,0.68960000,2205.88000000,0.6817
1749262317,0.68970000,10.92000000,0.6817
1749262317,0.68990000,1235.56000000,0.6817
1749262317,0.69000000,72.03000000,0.6817
1749262317,0.69030000,10.92000000,0.6817
1749262317,0.69060000,546.68000000,0.6817
1749262317,0.69090000,10.92000000,0.6817
1749262317,0.69120000,44045.19000000,0.6817
1749262317,0.69130000,7598.53000000,0.6817
1749262317,0.69140000,8.58000000,0.6817
1749262317,0.69150000,10.92000000,0.6817
1749262317,0.69160000,7.74000000,0.6817
1749262317,0.69180000,10.92000000,0.6817
1749262317,0.69200000,71.21000000,0.6817
1749262317,0.69210000,10.92000000,0.6817
1749262317,0.69230000,1781.91000000,0.6817
1749262317,0.69240000,10.92000000,0.6817
1749262317,0.69250000,74.10000000,0.6817
1749262317,0.69320000,7.83000000,0.6817
1749262317,0.69380000,20325.20000000,0.6817
1749262317,0.69390000,22515.58000000,0.6817
1749262317,0.69400000,91.84000000,0.6817
1749262317,0.69450000,1014.16000000,0.6817
1749262618,0.68430000,1020.91000000,0.6844
1749262618,0.68440000,1279.91000000,0.6844
1749262618,0.68450000,1508.96000000,0.6844
1749262618,0.68460000,1068.79000000,0.6844
1749262618,0.68470000,2693.50000000,0.6844
1749262618,0.68480000,2968.99000000,0.6844
1749262618,0.68490000,6423.29000000,0.6844
1749262618,0.68500000,18938.98000000,0.6844
1749262618,0.68510000,7320.75000000,0.6844
1749262618,0.68520000,5217.30000000,0.6844
1749262618,0.68530000,7005.07000000,0.6844
1749262618,0.68540000,2393.59000000,0.6844
1749262618,0.68550000,5280.65000000,0.6844
1749262618,0.68560000,8540.65000000,0.6844
1749262618,0.68570000,3052.47000000,0.6844
1749262618,0.68580000,1475.83000000,0.6844
1749262618,0.68590000,3322.69000000,0.6844
1749262618,0.68600000,3977.67000000,0.6844
1749262618,0.68610000,1239.99000000,0.6844
1749262618,0.68620000,786.81000000,0.6844
1749262618,0.68630000,1467.32000000,0.6844
1749262618,0.68640000,7065.93000000,0.6844
1749262618,0.68650000,522.67000000,0.6844
1749262618,0.68660000,1791.03000000,0.6844
1749262618,0.68670000,25.49000000,0.6844
1749262618,0.68680000,14.56000000,0.6844
1749262618,0.68690000,151.82000000,0.6844
1749262618,0.68700000,1478.23000000,0.6844
1749262618,0.68710000,14.55000000,0.6844
1749262618,0.68720000,740.92000000,0.6844
1749262618,0.68730000,3598.93000000,0.6844
1749262618,0.68740000,14.55000000,0.6844
1749262618,0.68750000,1467.29000000,0.6844
1749262618,0.68760000,78.11000000,0.6844
1749262618,0.68770000,825.65000000,0.6844
1749262618,0.68780000,14.54000000,0.6844
1749262618,0.68790000,25.60000000,0.6844
1749262618,0.68800000,25.91000000,0.6844
1749262618,0.68810000,2193.81000000,0.6844
1749262618,0.68820000,248.64000000,0.6844
1749262618,0.68830000,738.41000000,0.6844
1749262618,0.68840000,6027.20000000,0.6844
1749262618,0.68850000,15799.89000000,0.6844
1749262618,0.68860000,6955.78000000,0.6844
1749262618,0.68870000,1467.43000000,0.6844
1749262618,0.68880000,8938.54000000,0.6844
1749262618,0.68890000,53.85000000,0.6844
1749262618,0.68900000,741.04000000,0.6844
1749262618,0.68910000,393.35000000,0.6844
1749262618,0.68920000,698.84000000,0.6844
1749262618,0.68930000,1467.42000000,0.6844
1749262618,0.68940000,25.59000000,0.6844
1749262618,0.68950000,22.49000000,0.6844
1749262618,0.68960000,14.66000000,0.6844
1749262618,0.68970000,25.58000000,0.6844
1749262618,0.68980000,666.28000000,0.6844
1749262618,0.68990000,1250.21000000,0.6844
1749262618,0.69000000,86.68000000,0.6844
1749262618,0.69010000,14.65000000,0.6844
1749262618,0.69020000,14.65000000,0.6844
1749262618,0.69030000,25.57000000,0.6844
1749262618,0.69040000,14.64000000,0.6844
1749262618,0.69050000,493.99000000,0.6844
1749262618,0.69060000,25.56000000,0.6844
1749262618,0.69070000,14.64000000,0.6844
1749262618,0.69080000,14.64000000,0.6844
1749262618,0.69090000,25.56000000,0.6844
1749262618,0.69100000,14.64000000,0.6844
1749262618,0.69110000,14.64000000,0.6844
1749262618,0.69120000,25.56000000,0.6844
1749262618,0.69130000,14.64000000,0.6844
1749262618,0.69140000,2229.08000000,0.6844
1749262618,0.69150000,25.54000000,0.6844
1749262618,0.69160000,1274.83000000,0.6844
1749262618,0.69170000,14.62000000,0.6844
1749262618,0.69180000,25.53000000,0.6844
1749262618,0.69190000,892.07000000,0.6844
1749262618,0.69200000,812.14000000,0.6844
1749262618,0.69210000,10.92000000,0.6844
1749262618,0.69240000,10.92000000,0.6844
1749262618,0.69250000,74.10000000,0.6844
1749262618,0.69320000,7.83000000,0.6844
1749262618,0.69340000,273.99000000,0.6844
1749262618,0.69370000,27096.60000000,0.6844
1749262618,0.69380000,16937.67000000,0.6844
1749262618,0.69390000,22515.58000000,0.6844
1749262618,0.69400000,91.84000000,0.6844
1749262618,0.69410000,9349.77000000,0.6844
1749262618,0.69460000,113.68000000,0.6844
1749262618,0.69500000,308.76000000,0.6844
1749262618,0.69540000,221.89000000,0.6844
1749262618,0.69560000,9.34000000,0.6844
1749262618,0.69570000,88.60000000,0.6844
1749262618,0.69600000,26.62000000,0.6844
1749262618,0.69630000,1014.16000000,0.6844
1749262618,0.69660000,12.64000000,0.6844
1749262618,0.69690000,7.83000000,0.6844
1749262618,0.69770000,8.58000000,0.6844
1749262618,0.69800000,38.46000000,0.6844
1749262618,0.69810000,784.33000000,0.6844
1749262921,0.68630000,189.44000000,0.6862
1749262921,0.68640000,140.90000000,0.6862
1749262921,0.68650000,834.21000000,0.6862
1749262921,0.68660000,1592.57000000,0.6862
1749262921,0.68670000,1365.36000000,0.6862
1749262921,0.68680000,333.52000000,0.6862
1749262921,0.68690000,1832.54000000,0.6862
1749262921,0.68700000,8740.19000000,0.6862
1749262921,0.68710000,7497.05000000,0.6862
1749262921,0.68720000,12659.87000000,0.6862
1749262921,0.68730000,5585.83000000,0.6862
1749262921,0.68740000,5622.86000000,0.6862
1749262921,0.68750000,5893.82000000,0.6862
1749262921,0.68760000,1709.81000000,0.6862
1749262921,0.68770000,6504.79000000,0.6862
1749262921,0.68780000,10923.51000000,0.6862
1749262921,0.68790000,3932.52000000,0.6862
1749262921,0.68800000,25.91000000,0.6862
1749262921,0.68810000,2193.81000000,0.6862
1749262921,0.68820000,186.52000000,0.6862
1749262921,0.68830000,1251.10000000,0.6862
1749262921,0.68840000,1467.44000000,0.6862
1749262921,0.68850000,836.70000000,0.6862
1749262921,0.68860000,14.68000000,0.6862
1749262921,0.68870000,1467.43000000,0.6862
1749262921,0.68880000,25.58000000,0.6862
1749262921,0.68890000,1474.07000000,0.6862
1749262921,0.68900000,2193.79000000,0.6862
1749262921,0.68910000,553.39000000,0.6862
1749262921,0.68920000,698.84000000,0.6862
1749262921,0.68930000,4735.55000000,0.6862
1749262921,0.68940000,883.80000000,0.6862
1749262921,0.68950000,22.49000000,0.6862
1749262921,0.68960000,14.66000000,0.6862
1749262921,0.68970000,4382.53000000,0.6862
1749262921,0.68980000,14.66000000,0.6862
1749262921,0.68990000,3824.91000000,0.6862
1749262921,0.69000000,7013.79000000,0.6862
1749262921,0.69010000,14.65000000,0.6862
1749262921,0.69020000,1467.40000000,0.6862
1749262921,0.69030000,25.57000000,0.6862
1749262921,0.69040000,237.68000000,0.6862
1749262921,0.69050000,1946.74000000,0.6862
1749262921,0.69060000,15629.39000000,0.6862
1749262921,0.69070000,14.64000000,0.6862
1749262921,0.69080000,741.01000000,0.6862
1749262921,0.69090000,25.56000000,0.6862
1749262921,0.69100000,14.64000000,0.6862
1749262921,0.69110000,1467.39000000,0.6862
1749262921,0.69120000,25.56000000,0.6862
1749262921,0.69130000,14.64000000,0.6862
1749262921,0.69140000,2229.08000000,0.6862
1749262921,0.69150000,77.89000000,0.6862
1749262921,0.69160000,22.36000000,0.6862
1749262921,0.69170000,14.62000000,0.6862
1749262921,0.69180000,1153.91000000,0.6862
1749262921,0.69190000,1052.59000000,0.6862
1749262921,0.69200000,85.83000000,0.6862
1749262921,0.69210000,25.54000000,0.6862
1749262921,0.69220000,14.62000000,0.6862
1749262921,0.69230000,14.62000000,0.6862
1749262921,0.69240000,25.52000000,0.6862
1749262921,0.69250000,88.70000000,0.6862
1749262921,0.69260000,14.60000000,0.6862
1749262921,0.69270000,14.60000000,0.6862
1749262921,0.69280000,53.59000000,0.6862
1749262921,0.69290000,14.60000000,0.6862
1749262921,0.69300000,14.60000000,0.6862
1749262921,0.69310000,437.94000000,0.6862
1749262921,0.69320000,22.43000000,0.6862
1749262921,0.69330000,14.58000000,0.6862
1749262921,0.69340000,14.58000000,0.6862
1749262921,0.69350000,744.91000000,0.6862
1749262921,0.69360000,14.58000000,0.6862
1749262921,0.69370000,13564.72000000,0.6862
1749262921,0.69380000,13561.03000000,0.6862
1749262921,0.69390000,22515.58000000,0.6862
1749262921,0.69400000,91.84000000,0.6862
1749262921,0.69410000,1781.91000000,0.6862
1749262921,0.69460000,113.68000000,0.6862
1749262921,0.69500000,308.76000000,0.6862
1749262921,0.69540000,221.89000000,0.6862
1749262921,0.69560000,9.34000000,0.6862
1749262921,0.69570000,7644.39000000,0.6862
1749262921,0.69600000,26.62000000,0.6862
1749262921,0.69620000,272.87000000,0.6862
1749262921,0.69660000,12.64000000,0.6862
1749262921,0.69690000,7.83000000,0.6862
1749262921,0.69770000,8.58000000,0.6862
1749262921,0.69800000,38.46000000,0.6862
1749262921,0.69820000,1014.16000000,0.6862
1749262921,0.69830000,59.33000000,0.6862
1749262921,0.69940000,17516.33000000,0.6862
1749262921,0.69950000,20325.20000000,0.6862
1749262921,0.69960000,8608.67000000,0.6862
1749262921,0.70000000,481.18000000,0.6862
1749262921,0.70070000,7.83000000,0.6862
1749262921,0.70080000,8.58000000,0.6862
1749262921,0.70100000,85.57000000,0.6862
1749262921,0.70120000,781.02000000,0.6862
1749263223,0.68750000,475.60000000,0.6874
1749263223,0.68760000,154.74000000,0.6874
1749263223,0.68770000,1392.66000000,0.6874
1749263223,0.68780000,3869.23000000,0.6874
1749263223,0.68790000,8026.09000000,0.6874
1749263223,0.68800000,3403.75000000,0.6874
1749263223,0.68810000,5540.70000000,0.6874
1749263223,0.68820000,7134.18000000,0.6874
1749263223,0.68830000,7600.63000000,0.6874
1749263223,0.68840000,7922.25000000,0.6874
1749263223,0.68850000,5374.60000000,0.6874
1749263223,0.68860000,4064.72000000,0.6874
1749263223,0.68870000,8627.66000000,0.6874
1749263223,0.68880000,1789.57000000,0.6874
1749263223,0.68890000,987.12000000,0.6874
1749263223,0.68900000,3086.33000000,0.6874
1749263223,0.68910000,550.51000000,0.6874
1749263223,0.68920000,3354.47000000,0.6874
1749263223,0.68930000,1467.42000000,0.6874
1749263223,0.68940000,1068.55000000,0.6874
1749263223,0.68950000,3553.93000000,0.6874
1749263223,0.68960000,1467.41000000,0.6874
1749263223,0.68970000,25.58000000,0.6874
1749263223,0.68980000,14.66000000,0.6874
1749263223,0.68990000,2363.16000000,0.6874
1749263223,0.69000000,152.82000000,0.6874
1749263223,0.69010000,729.79000000,0.6874
1749263223,0.69020000,4735.53000000,0.6874
1749263223,0.69030000,7771.99000000,0.6874
1749263223,0.69040000,237.68000000,0.6874
1749263223,0.69050000,2325.60000000,0.6874
1749263223,0.69060000,1159.49000000,0.6874
1749263223,0.69070000,413.45000000,0.6874
1749263223,0.69080000,741.01000000,0.6874
1749263223,0.69090000,162.83000000,0.6874
1749263223,0.69100000,53.20000000,0.6874
1749263223,0.69110000,1467.39000000,0.6874
1749263223,0.69120000,5066.68000000,0.6874
1749263223,0.69130000,14.64000000,0.6874
1749263223,0.69140000,2229.08000000,0.6874
1749263223,0.69150000,77.89000000,0.6874
1749263223,0.69160000,6931.88000000,0.6874
1749263223,0.69170000,1976.55000000,0.6874
1749263223,0.69180000,677.16000000,0.6874
1749263223,0.69190000,1052.59000000,0.6874
1749263223,0.69200000,141.94000000,0.6874
1749263223,0.69210000,25.54000000,0.6874
1749263223,0.69220000,14.62000000,0.6874
1749263223,0.69230000,14.62000000,0.6874
1749263223,0.69240000,25.52000000,0.6874
1749263223,0.69250000,815.07000000,0.6874
1749263223,0.69260000,14442.77000000,0.6874
1749263223,0.69270000,25.53000000,0.6874
1749263223,0.69280000,53.59000000,0.6874
1749263223,0.69290000,14.60000000,0.6874
1749263223,0.69300000,25.52000000,0.6874
1749263223,0.69310000,14.60000000,0.6874
1749263223,0.69320000,22.43000000,0.6874
1749263223,0.69330000,504.85000000,0.6874
1749263223,0.69340000,14.58000000,0.6874
1749263223,0.69350000,744.91000000,0.6874
1749263223,0.69360000,25.50000000,0.6874
1749263223,0.69370000,14.57000000,0.6874
1749263223,0.69380000,13561.03000000,0.6874
1749263223,0.69390000,23006.90000000,0.6874
1749263223,0.69400000,106.41000000,0.6874
1749263223,0.69410000,1796.48000000,0.6874
1749263223,0.69420000,14.57000000,0.6874
1749263223,0.69430000,14.56000000,0.6874
1749263223,0.69440000,14.56000000,0.6874
1749263223,0.69450000,14.56000000,0.6874
1749263223,0.69460000,553.76000000,0.6874
1749263223,0.69470000,14.55000000,0.6874
1749263223,0.69480000,14.55000000,0.6874
1749263223,0.69490000,14.55000000,0.6874
1749263223,0.69500000,64.35000000,0.6874
1749263223,0.69540000,221.89000000,0.6874
1749263223,0.69560000,9.34000000,0.6874
1749263223,0.69570000,88.60000000,0.6874
1749263223,0.69600000,26.62000000,0.6874
1749263223,0.69620000,272.87000000,0.6874
1749263223,0.69660000,30500.45000000,0.6874
1749263223,0.69690000,7.83000000,0.6874
1749263223,0.69720000,7795.74000000,0.6874
1749263223,0.69770000,8.58000000,0.6874
1749263223,0.69800000,38.46000000,0.6874
1749263223,0.69830000,59.33000000,0.6874
1749263223,0.69950000,20325.20000000,0.6874
1749263223,0.69960000,8608.67000000,0.6874
1749263223,0.70000000,1495.34000000,0.6874
1749263223,0.70070000,7.83000000,0.6874
1749263223,0.70080000,8.58000000,0.6874
1749263223,0.70120000,781.02000000,0.6874
1749263223,0.70180000,221.89000000,0.6874
1749263223,0.70200000,45.64000000,0.6874
1749263223,0.70290000,578.66000000,0.6874
1749263223,0.70350000,1486.46000000,0.6874
1749263223,0.70360000,1024.97000000,0.6874
1749263223,0.70390000,93.81000000,0.6874
1749263223,0.70400000,30.66000000,0.6874
1749263525,0.68820000,1299.23000000,0.688
1749263525,0.68830000,1742.72000000,0.688
1749263525,0.68840000,1781.90000000,0.688
1749263525,0.68850000,2717.55000000,0.688
1749263525,0.68860000,2397.93000000,0.688
1749263525,0.68870000,6353.65000000,0.688
1749263525,0.68880000,5082.11000000,0.688
1749263525,0.68890000,6556.37000000,0.688
1749263525,0.68900000,12055.05000000,0.688
1749263525,0.68910000,11431.33000000,0.688
1749263525,0.68920000,9554.66000000,0.688
1749263525,0.68930000,6736.60000000,0.688
1749263525,0.68940000,8304.98000000,0.688
1749263525,0.68950000,1815.22000000,0.688
1749263525,0.68960000,3379.05000000,0.688
1749263525,0.68970000,3668.44000000,0.688
1749263525,0.68980000,14.66000000,0.688
1749263525,0.68990000,2193.77000000,0.688
1749263525,0.69000000,310.72000000,0.688
1749263525,0.69010000,729.79000000,0.688
1749263525,0.69020000,5326.85000000,0.688
1749263525,0.69030000,25.57000000,0.688
1749263525,0.69040000,237.68000000,0.688
1749263525,0.69050000,2325.60000000,0.688
1749263525,0.69060000,1327.02000000,0.688
1749263525,0.69070000,14.64000000,0.688
1749263525,0.69080000,741.01000000,0.688
1749263525,0.69090000,162.83000000,0.688
1749263525,0.69100000,7788.11000000,0.688
1749263525,0.69110000,1467.39000000,0.688
1749263525,0.69120000,709.73000000,0.688
1749263525,0.69130000,14.64000000,0.688
1749263525,0.69140000,3681.83000000,0.688
1749263525,0.69150000,477.42000000,0.688
1749263525,0.69160000,6932.00000000,0.688
1749263525,0.69170000,3429.30000000,0.688
1749263525,0.69180000,677.16000000,0.688
1749263525,0.69190000,160.52000000,0.688
1749263525,0.69200000,141.94000000,0.688
1749263525,0.69210000,25.54000000,0.688
1749263525,0.69220000,14.62000000,0.688
1749263525,0.69230000,1467.37000000,0.688
1749263525,0.69240000,25.52000000,0.688
1749263525,0.69250000,815.07000000,0.688
1749263525,0.69260000,18799.72000000,0.688
1749263525,0.69270000,25.53000000,0.688
1749263525,0.69280000,53.59000000,0.688
1749263525,0.69290000,14.60000000,0.688
1749263525,0.69300000,25.52000000,0.688
1749263525,0.69310000,14.60000000,0.688
1749263525,0.69320000,22.43000000,0.688
1749263525,0.69330000,504.85000000,0.688
1749263525,0.69340000,14.58000000,0.688
1749263525,0.69350000,14.58000000,0.688
1749263525,0.69360000,25.50000000,0.688
1749263525,0.69370000,14.57000000,0.688
1749263525,0.69380000,13561.03000000,0.688
1749263525,0.69390000,23017.81000000,0.688
1749263525,0.69400000,998.48000000,0.688
1749263525,0.69410000,1796.48000000,0.688
1749263525,0.69420000,14.57000000,0.688
1749263525,0.69430000,14.56000000,0.688
1749263525,0.69440000,14.56000000,0.688
1749263525,0.69450000,14.56000000,0.688
1749263525,0.69460000,553.76000000,0.688
1749263525,0.69470000,14.55000000,0.688
1749263525,0.69480000,14.55000000,0.688
1749263525,0.69490000,14.55000000,0.688
1749263525,0.69500000,794.51000000,0.688
1749263525,0.69510000,14.54000000,0.688
1749263525,0.69520000,14.54000000,0.688
1749263525,0.69530000,14.54000000,0.688
1749263525,0.69540000,236.43000000,0.688
1749263525,0.69550000,14.54000000,0.688
1749263525,0.69560000,23.87000000,0.688
1749263525,0.69570000,103.13000000,0.688
1749263525,0.69600000,26.62000000,0.688
1749263525,0.69620000,272.87000000,0.688
1749263525,0.69660000,12.64000000,0.688
1749263525,0.69670000,13550.14000000,0.688
1749263525,0.69680000,16937.67000000,0.688
1749263525,0.69690000,7.83000000,0.688
1749263525,0.69720000,258.16000000,0.688
1749263525,0.69760000,7535.16000000,0.688
1749263525,0.69770000,8.58000000,0.688
1749263525,0.69800000,38.46000000,0.688
1749263525,0.69830000,59.33000000,0.688
1749263525,0.69950000,20325.20000000,0.688
1749263525,0.69960000,8608.67000000,0.688
1749263525,0.70000000,1495.34000000,0.688
1749263525,0.70070000,7.83000000,0.688
1749263525,0.70080000,8.58000000,0.688
1749263525,0.70120000,781.02000000,0.688
1749263525,0.70180000,221.89000000,0.688
1749263525,0.70200000,45.64000000,0.688
1749263525,0.70290000,578.66000000,0.688
1749263525,0.70350000,1486.46000000,0.688
1749263525,0.70360000,1024.97000000,0.688
1749263525,0.70390000,93.81000000,0.688
1749263525,0.70400000,30.66000000,0.688
1749263831,0.68810000,189.44000000,0.6881
1749263831,0.68820000,832.21000000,0.6881
1749263831,0.68830000,1435.78000000,0.6881
1749263831,0.68840000,1488.42000000,0.6881
1749263831,0.68850000,1031.39000000,0.6881
1749263831,0.68860000,1433.60000000,0.6881
1749263831,0.68870000,2848.63000000,0.6881
1749263831,0.68880000,4487.21000000,0.6881
1749263831,0.68890000,9008.86000000,0.6881
1749263831,0.68900000,6678.69000000,0.6881
1749263831,0.68910000,3369.09000000,0.6881
1749263831,0.68920000,4940.79000000,0.6881
1749263831,0.68930000,8079.99000000,0.6881
1749263831,0.68940000,5493.71000000,0.6881
1749263831,0.68950000,8707.46000000,0.6881
1749263831,0.68960000,10852.39000000,0.6881
1749263831,0.68970000,1584.34000000,0.6881
1749263831,0.68980000,948.27000000,0.6881
1749263831,0.68990000,3004.88000000,0.6881
1749263831,0.69000000,312.00000000,0.6881
1749263831,0.69010000,729.79000000,0.6881
1749263831,0.69020000,5117.26000000,0.6881
1749263831,0.69030000,3365.37000000,0.6881
1749263831,0.69040000,14.64000000,0.6881
1749263831,0.69050000,1467.39000000,0.6881
1749263831,0.69060000,1159.49000000,0.6881
1749263831,0.69070000,14.64000000,0.6881
1749263831,0.69080000,2193.76000000,0.6881
1749263831,0.69090000,162.83000000,0.6881
1749263831,0.69100000,7787.06000000,0.6881
1749263831,0.69110000,4905.42000000,0.6881
1749263831,0.69120000,709.73000000,0.6881
1749263831,0.69130000,14.64000000,0.6881
1749263831,0.69140000,3681.83000000,0.6881
1749263831,0.69150000,425.07000000,0.6881
1749263831,0.69160000,22.36000000,0.6881
1749263831,0.69170000,4287.51000000,0.6881
1749263831,0.69180000,677.16000000,0.6881
1749263831,0.69190000,160.52000000,0.6881
1749263831,0.69200000,141.94000000,0.6881
1749263831,0.69210000,25.54000000,0.6881
1749263831,0.69220000,14.62000000,0.6881
1749263831,0.69230000,1467.37000000,0.6881
1749263831,0.69240000,7148.32000000,0.6881
1749263831,0.69250000,815.07000000,0.6881
1749263831,0.69260000,18799.72000000,0.6881
1749263831,0.69270000,25.53000000,0.6881
1749263831,0.69280000,53.59000000,0.6881
1749263831,0.69290000,66.88000000,0.6881
1749263831,0.69300000,25.52000000,0.6881
1749263831,0.69310000,14.60000000,0.6881
1749263831,0.69320000,22.43000000,0.6881
1749263831,0.69330000,504.85000000,0.6881
1749263831,0.69340000,740.95000000,0.6881
1749263831,0.69350000,14.58000000,0.6881
1749263831,0.69360000,25.50000000,0.6881
1749263831,0.69370000,14.57000000,0.6881
1749263831,0.69380000,14.57000000,0.6881
1749263831,0.69390000,23017.81000000,0.6881
1749263831,0.69400000,998.48000000,0.6881
1749263831,0.69410000,1796.48000000,0.6881
1749263831,0.69420000,25.47000000,0.6881
1749263831,0.69430000,14.56000000,0.6881
1749263831,0.69440000,14.56000000,0.6881
1749263831,0.69450000,25.46000000,0.6881
1749263831,0.69460000,553.76000000,0.6881
1749263831,0.69470000,14.55000000,0.6881
1749263831,0.69480000,14.55000000,0.6881
1749263831,0.69490000,14.55000000,0.6881
1749263831,0.69500000,794.51000000,0.6881
1749263831,0.69510000,14.55000000,0.6881
1749263831,0.69520000,14.55000000,0.6881
1749263831,0.69530000,14.54000000,0.6881
1749263831,0.69540000,236.43000000,0.6881
1749263831,0.69550000,14.54000000,0.6881
1749263831,0.69560000,23.87000000,0.6881
1749263831,0.69570000,88.60000000,0.6881
1749263831,0.69600000,26.62000000,0.6881
1749263831,0.69620000,272.87000000,0.6881
1749263831,0.69660000,12.64000000,0.6881
1749263831,0.69690000,7.83000000,0.6881
1749263831,0.69720000,258.16000000,0.6881
1749263831,0.69770000,44042.85000000,0.6881
1749263831,0.69780000,7529.73000000,0.6881
1749263831,0.69800000,38.46000000,0.6881
1749263831,0.69830000,59.33000000,0.6881
1749263831,0.69960000,8608.67000000,0.6881
1749263831,0.70000000,1495.34000000,0.6881
1749263831,0.70070000,7.83000000,0.6881
1749263831,0.70080000,8.58000000,0.6881
1749263831,0.70120000,781.02000000,0.6881
1749263831,0.70180000,221.89000000,0.6881
1749263831,0.70200000,45.64000000,0.6881
1749263831,0.70290000,578.66000000,0.6881
1749263831,0.70350000,1486.46000000,0.6881
1749263831,0.70360000,1024.97000000,0.6881
1749263831,0.70390000,93.81000000,0.6881
1749263831,0.70400000,30.66000000,0.6881
1749263831,0.70440000,7.83000000,0.6881
1749263831,0.70460000,75.41000000,0.6881
1749264133,0.68680000,140.88000000,0.6867
1749264133,0.68690000,53.96000000,0.6867
1749264133,0.68700000,1462.11000000,0.6867
1749264133,0.68710000,1235.81000000,0.6867
1749264133,0.68720000,2166.11000000,0.6867
1749264133,0.68730000,1479.45000000,0.6867
1749264133,0.68740000,3996.63000000,0.6867
1749264133,0.68750000,5344.03000000,0.6867
1749264133,0.68760000,8575.83000000,0.6867
1749264133,0.68770000,7449.68000000,0.6867
1749264133,0.68780000,7696.89000000,0.6867
1749264133,0.68790000,3993.24000000,0.6867
1749264133,0.68800000,7375.92000000,0.6867
1749264133,0.68810000,7344.61000000,0.6867
1749264133,0.68820000,2967.12000000,0.6867
1749264133,0.68830000,1185.92000000,0.6867
1749264133,0.68840000,2204.55000000,0.6867
1749264133,0.68850000,360.04000000,0.6867
1749264133,0.68860000,2732.71000000,0.6867
1749264133,0.68870000,2305.15000000,0.6867
1749264133,0.68880000,706.76000000,0.6867
1749264133,0.68890000,740.88000000,0.6867
1749264133,0.68900000,1614.30000000,0.6867
1749264133,0.68910000,8009.31000000,0.6867
1749264133,0.68920000,2863.89000000,0.6867
1749264133,0.68930000,1636.29000000,0.6867
1749264133,0.68940000,4091.76000000,0.6867
1749264133,0.68950000,22.49000000,0.6867
1749264133,0.68960000,1855.36000000,0.6867
1749264133,0.68970000,571.71000000,0.6867
1749264133,0.68980000,14.66000000,0.6867
1749264133,0.68990000,2763.29000000,0.6867
1749264133,0.69000000,152.82000000,0.6867
1749264133,0.69010000,729.79000000,0.6867
1749264133,0.69020000,1467.40000000,0.6867
1749264133,0.69030000,25.57000000,0.6867
1749264133,0.69040000,14.64000000,0.6867
1749264133,0.69050000,1467.39000000,0.6867
1749264133,0.69060000,2017.70000000,0.6867
1749264133,0.69070000,408.10000000,0.6867
1749264133,0.69080000,2193.76000000,0.6867
1749264133,0.69090000,3430.96000000,0.6867
1749264133,0.69100000,53.20000000,0.6867
1749264133,0.69110000,1467.39000000,0.6867
1749264133,0.69120000,709.73000000,0.6867
1749264133,0.69130000,6924.79000000,0.6867
1749264133,0.69140000,3681.83000000,0.6867
1749264133,0.69150000,25.54000000,0.6867
1749264133,0.69160000,22.36000000,0.6867
1749264133,0.69170000,3429.30000000,0.6867
1749264133,0.69180000,677.16000000,0.6867
1749264133,0.69190000,14.62000000,0.6867
1749264133,0.69200000,1594.69000000,0.6867
1749264133,0.69210000,25.54000000,0.6867
1749264133,0.69220000,14.62000000,0.6867
1749264133,0.69230000,1467.37000000,0.6867
1749264133,0.69240000,248.56000000,0.6867
1749264133,0.69250000,815.07000000,0.6867
1749264133,0.69260000,18799.72000000,0.6867
1749264133,0.69270000,25.53000000,0.6867
1749264133,0.69280000,53.59000000,0.6867
1749264133,0.69290000,1519.63000000,0.6867
1749264133,0.69300000,25.52000000,0.6867
1749264133,0.69310000,14.60000000,0.6867
1749264133,0.69320000,22.43000000,0.6867
1749264133,0.69330000,504.85000000,0.6867
1749264133,0.69340000,740.95000000,0.6867
1749264133,0.69350000,14.58000000,0.6867
1749264133,0.69360000,25.50000000,0.6867
1749264133,0.69370000,14.57000000,0.6867
1749264133,0.69380000,13561.03000000,0.6867
1749264133,0.69390000,22541.06000000,0.6867
1749264133,0.69400000,998.48000000,0.6867
1749264133,0.69410000,1796.48000000,0.6867
1749264133,0.69420000,25.46000000,0.6867
1749264133,0.69430000,14.56000000,0.6867
1749264133,0.69450000,10.90000000,0.6867
1749264133,0.69460000,539.20000000,0.6867
1749264133,0.69470000,145.90000000,0.6867
1749264133,0.69480000,10.90000000,0.6867
1749264133,0.69500000,779.96000000,0.6867
1749264133,0.69510000,10.89000000,0.6867
1749264133,0.69540000,221.89000000,0.6867
1749264133,0.69560000,9.34000000,0.6867
1749264133,0.69570000,88.60000000,0.6867
1749264133,0.69600000,504.65000000,0.6867
1749264133,0.69660000,12.64000000,0.6867
1749264133,0.69670000,30746.13000000,0.6867
1749264133,0.69680000,7533.84000000,0.6867
1749264133,0.69690000,7.83000000,0.6867
1749264133,0.69770000,8.58000000,0.6867
1749264133,0.69800000,38.46000000,0.6867
1749264133,0.69830000,59.33000000,0.6867
1749264133,0.69940000,271.64000000,0.6867
1749264133,0.69950000,20325.20000000,0.6867
1749264133,0.69960000,8608.67000000,0.6867
1749264133,0.70000000,1218.35000000,0.6867
1749264133,0.70070000,7.83000000,0.6867
1749264133,0.70080000,8.58000000,0.6867
1749264133,0.70120000,781.02000000,0.6867
1749264439,0.68750000,864.44000000,0.6875
1749264439,0.68760000,1115.84000000,0.6875
1749264439,0.68770000,785.30000000,0.6875
1749264439,0.68780000,2399.01000000,0.6875
1749264439,0.68790000,6741.61000000,0.6875
1749264439,0.68800000,1635.15000000,0.6875
1749264439,0.68810000,4776.83000000,0.6875
1749264439,0.68820000,2402.58000000,0.6875
1749264439,0.68830000,3644.68000000,0.6875
1749264439,0.68840000,6657.59000000,0.6875
1749264439,0.68850000,8240.28000000,0.6875
1749264439,0.68860000,10903.82000000,0.6875
1749264439,0.68870000,8125.16000000,0.6875
1749264439,0.68880000,5128.72000000,0.6875
1749264439,0.68890000,5875.42000000,0.6875
1749264439,0.68900000,1614.30000000,0.6875
1749264439,0.68910000,2082.39000000,0.6875
1749264439,0.68920000,3629.56000000,0.6875
1749264439,0.68930000,4482.11000000,0.6875
1749264439,0.68940000,4249.93000000,0.6875
1749264439,0.68950000,7899.12000000,0.6875
1749264439,0.68960000,2371.04000000,0.6875
1749264439,0.68970000,25.58000000,0.6875
1749264439,0.68980000,87.78000000,0.6875
1749264439,0.68990000,2763.29000000,0.6875
1749264439,0.69000000,152.82000000,0.6875
1749264439,0.69010000,729.79000000,0.6875
1749264439,0.69020000,1467.40000000,0.6875
1749264439,0.69030000,25.57000000,0.6875
1749264439,0.69040000,14.64000000,0.6875
1749264439,0.69050000,1636.60000000,0.6875
1749264439,0.69060000,2017.70000000,0.6875
1749264439,0.69070000,14.64000000,0.6875
1749264439,0.69080000,2193.76000000,0.6875
1749264439,0.69090000,3483.37000000,0.6875
1749264439,0.69100000,53.20000000,0.6875
1749264439,0.69110000,1467.39000000,0.6875
1749264439,0.69120000,709.73000000,0.6875
1749264439,0.69130000,14.64000000,0.6875
1749264439,0.69140000,4077.21000000,0.6875
1749264439,0.69150000,6934.58000000,0.6875
1749264439,0.69160000,22.36000000,0.6875
1749264439,0.69170000,3429.30000000,0.6875
1749264439,0.69180000,677.16000000,0.6875
1749264439,0.69190000,14.62000000,0.6875
1749264439,0.69200000,1594.69000000,0.6875
1749264439,0.69210000,25.54000000,0.6875
1749264439,0.69220000,14.62000000,0.6875
1749264439,0.69230000,1467.37000000,0.6875
1749264439,0.69240000,248.56000000,0.6875
1749264439,0.69250000,815.07000000,0.6875
1749264439,0.69260000,18799.72000000,0.6875
1749264439,0.69270000,25.53000000,0.6875
1749264439,0.69280000,53.59000000,0.6875
1749264439,0.69290000,1467.35000000,0.6875
1749264439,0.69300000,25.52000000,0.6875
1749264439,0.69310000,14.60000000,0.6875
1749264439,0.69320000,22.43000000,0.6875
1749264439,0.69330000,504.85000000,0.6875
1749264439,0.69340000,740.95000000,0.6875
1749264439,0.69350000,14.58000000,0.6875
1749264439,0.69360000,25.50000000,0.6875
1749264439,0.69370000,14.57000000,0.6875
1749264439,0.69380000,13561.03000000,0.6875
1749264439,0.69390000,22541.06000000,0.6875
1749264439,0.69400000,998.48000000,0.6875
1749264439,0.69410000,1796.48000000,0.6875
1749264439,0.69420000,25.46000000,0.6875
1749264439,0.69430000,14.56000000,0.6875
1749264439,0.69440000,14.56000000,0.6875
1749264439,0.69450000,25.46000000,0.6875
1749264439,0.69460000,553.75000000,0.6875
1749264439,0.69470000,160.45000000,0.6875
1749264439,0.69480000,25.45000000,0.6875
1749264439,0.69490000,14.55000000,0.6875
1749264439,0.69500000,794.51000000,0.6875
1749264439,0.69510000,10.89000000,0.6875
1749264439,0.69540000,221.89000000,0.6875
1749264439,0.69560000,9.34000000,0.6875
1749264439,0.69570000,88.60000000,0.6875
1749264439,0.69600000,504.65000000,0.6875
1749264439,0.69660000,12.64000000,0.6875
1749264439,0.69670000,258.32000000,0.6875
1749264439,0.69690000,7.83000000,0.6875
1749264439,0.69700000,7536.15000000,0.6875
1749264439,0.69720000,30487.81000000,0.6875
1749264439,0.69770000,8.58000000,0.6875
1749264439,0.69800000,38.46000000,0.6875
1749264439,0.69830000,59.33000000,0.6875
1749264439,0.69940000,271.64000000,0.6875
1749264439,0.69950000,20325.20000000,0.6875
1749264439,0.69960000,8608.67000000,0.6875
1749264439,0.70000000,1218.35000000,0.6875
1749264439,0.70070000,7.83000000,0.6875
1749264439,0.70080000,8.58000000,0.6875
1749264439,0.70120000,781.02000000,0.6875
1749264439,0.70180000,221.89000000,0.6875
1749264439,0.70200000,45.64000000,0.6875
1749264439,0.70290000,578.66000000,0.6875
1749264439,0.70350000,1486.46000000,0.6875
1749264741,0.68990000,1881.36000000,0.6899
1749264741,0.69000000,1460.17000000,0.6899
1749264741,0.69010000,2129.23000000,0.6899
1749264741,0.69020000,5606.93000000,0.6899
1749264741,0.69030000,1108.30000000,0.6899
1749264741,0.69040000,1361.56000000,0.6899
1749264741,0.69050000,3672.57000000,0.6899
1749264741,0.69060000,4755.57000000,0.6899
1749264741,0.69070000,6083.55000000,0.6899
1749264741,0.69080000,8206.13000000,0.6899
1749264741,0.69090000,11590.67000000,0.6899
1749264741,0.69100000,6052.74000000,0.6899
1749264741,0.69110000,9582.07000000,0.6899
1749264741,0.69120000,2468.40000000,0.6899
1749264741,0.69130000,6253.03000000,0.6899
1749264741,0.69140000,2903.12000000,0.6899
1749264741,0.69150000,25.54000000,0.6899
1749264741,0.69160000,3658.46000000,0.6899
1749264741,0.69170000,3429.30000000,0.6899
1749264741,0.69180000,3365.34000000,0.6899
1749264741,0.69190000,14.62000000,0.6899
1749264741,0.69200000,2117.16000000,0.6899
1749264741,0.69210000,25.54000000,0.6899
1749264741,0.69220000,14.62000000,0.6899
1749264741,0.69230000,1636.11000000,0.6899
1749264741,0.69240000,740.66000000,0.6899
1749264741,0.69250000,4083.20000000,0.6899
1749264741,0.69260000,1467.35000000,0.6899
1749264741,0.69270000,6694.30000000,0.6899
1749264741,0.69280000,872.81000000,0.6899
1749264741,0.69290000,1604.62000000,0.6899
1749264741,0.69300000,320.39000000,0.6899
1749264741,0.69310000,14.60000000,0.6899
1749264741,0.69320000,2912.48000000,0.6899
1749264741,0.69330000,899.13000000,0.6899
1749264741,0.69340000,740.95000000,0.6899
1749264741,0.69350000,1467.33000000,0.6899
1749264741,0.69360000,6916.34000000,0.6899
1749264741,0.69370000,14.57000000,0.6899
1749264741,0.69380000,1467.32000000,0.6899
1749264741,0.69390000,22541.06000000,0.6899
1749264741,0.69400000,827.91000000,0.6899
1749264741,0.69410000,6153.43000000,0.6899
1749264741,0.69420000,77.64000000,0.6899
1749264741,0.69430000,963.97000000,0.6899
1749264741,0.69440000,1467.31000000,0.6899
1749264741,0.69450000,25.46000000,0.6899
1749264741,0.69460000,128.23000000,0.6899
1749264741,0.69470000,14545.46000000,0.6899
1749264741,0.69480000,25.45000000,0.6899
1749264741,0.69490000,14.55000000,0.6899
1749264741,0.69500000,64.35000000,0.6899
1749264741,0.69510000,25.43000000,0.6899
1749264741,0.69520000,740.91000000,0.6899
1749264741,0.69530000,14.54000000,0.6899
1749264741,0.69540000,247.31000000,0.6899
1749264741,0.69550000,14.54000000,0.6899
1749264741,0.69560000,23.87000000,0.6899
1749264741,0.69570000,114.01000000,0.6899
1749264741,0.69580000,14.53000000,0.6899
1749264741,0.69590000,14.53000000,0.6899
1749264741,0.69600000,530.06000000,0.6899
1749264741,0.69610000,14.52000000,0.6899
1749264741,0.69620000,14.52000000,0.6899
1749264741,0.69630000,53.32000000,0.6899
1749264741,0.69640000,14.52000000,0.6899
1749264741,0.69650000,14.52000000,0.6899
1749264741,0.69660000,449.75000000,0.6899
1749264741,0.69670000,14.51000000,0.6899
1749264741,0.69680000,740.98000000,0.6899
1749264741,0.69690000,22.34000000,0.6899
1749264741,0.69700000,906.57000000,0.6899
1749264741,0.69710000,14.50000000,0.6899
1749264741,0.69720000,14.50000000,0.6899
1749264741,0.69730000,14.50000000,0.6899
1749264741,0.69740000,14.50000000,0.6899
1749264741,0.69770000,8.58000000,0.6899
1749264741,0.69800000,38.46000000,0.6899
1749264741,0.69830000,59.33000000,0.6899
1749264741,0.69910000,44034.27000000,0.6899
1749264741,0.69920000,42.90000000,0.6899
1749264741,0.69930000,7515.23000000,0.6899
1749264741,0.69940000,271.64000000,0.6899
1749264741,0.69960000,8608.67000000,0.6899
1749264741,0.69970000,214.36000000,0.6899
1749264741,0.70000000,188.42000000,0.6899
1749264741,0.70070000,7.83000000,0.6899
1749264741,0.70080000,8.58000000,0.6899
1749264741,0.70120000,16.91000000,0.6899
1749264741,0.70180000,221.89000000,0.6899
1749264741,0.70200000,45.64000000,0.6899
1749264741,0.70250000,1014.16000000,0.6899
1749264741,0.70290000,578.66000000,0.6899
1749264741,0.70350000,1486.46000000,0.6899
1749264741,0.70390000,8.58000000,0.6899
1749264741,0.70400000,30.66000000,0.6899
1749264741,0.70440000,7.83000000,0.6899
1749264741,0.70450000,774.77000000,0.6899
1749264741,0.70460000,75.41000000,0.6899
1749264741,0.70500000,10.39000000,0.6899
1749265042,0.69070000,197.68000000,0.6899
1749265042,0.69080000,1413.46000000,0.6899
1749265042,0.69090000,1325.53000000,0.6899
1749265042,0.69100000,1306.18000000,0.6899
1749265042,0.69110000,2983.07000000,0.6899
1749265042,0.69120000,1838.90000000,0.6899
1749265042,0.69130000,4770.90000000,0.6899
1749265042,0.69140000,13404.59000000,0.6899
1749265042,0.69150000,9321.83000000,0.6899
1749265042,0.69160000,4830.21000000,0.6899
1749265042,0.69170000,9108.89000000,0.6899
1749265042,0.69180000,1236.26000000,0.6899
1749265042,0.69190000,1813.57000000,0.6899
1749265042,0.69200000,5652.37000000,0.6899
1749265042,0.69210000,9514.18000000,0.6899
1749265042,0.69220000,7966.98000000,0.6899
1749265042,0.69230000,6153.83000000,0.6899
1749265042,0.69240000,1885.45000000,0.6899
1749265042,0.69250000,1338.78000000,0.6899
1749265042,0.69260000,1467.35000000,0.6899
1749265042,0.69270000,25.53000000,0.6899
1749265042,0.69280000,701.48000000,0.6899
1749265042,0.69290000,4466.74000000,0.6899
1749265042,0.69300000,3485.90000000,0.6899
1749265042,0.69310000,86.10000000,0.6899
1749265042,0.69320000,2228.31000000,0.6899
1749265042,0.69330000,25.50000000,0.6899
1749265042,0.69340000,4009.08000000,0.6899
1749265042,0.69350000,2872.32000000,0.6899
1749265042,0.69360000,25.50000000,0.6899
1749265042,0.69370000,14.57000000,0.6899
1749265042,0.69380000,1467.32000000,0.6899
1749265042,0.69390000,22541.06000000,0.6899
1749265042,0.69400000,106.41000000,0.6899
1749265042,0.69410000,14.57000000,0.6899
1749265042,0.69420000,25.46000000,0.6899
1749265042,0.69430000,1016.17000000,0.6899
1749265042,0.69440000,1467.31000000,0.6899
1749265042,0.69450000,677.08000000,0.6899
1749265042,0.69460000,986.44000000,0.6899
1749265042,0.69470000,297.72000000,0.6899
1749265042,0.69480000,709.62000000,0.6899
1749265042,0.69490000,409.37000000,0.6899
1749265042,0.69500000,1517.10000000,0.6899
1749265042,0.69510000,6899.07000000,0.6899
1749265042,0.69520000,740.91000000,0.6899
1749265042,0.69530000,1467.29000000,0.6899
1749265042,0.69540000,6165.42000000,0.6899
1749265042,0.69550000,4371.49000000,0.6899
1749265042,0.69560000,1476.62000000,0.6899
1749265042,0.69570000,114.01000000,0.6899
1749265042,0.69580000,14.53000000,0.6899
1749265042,0.69590000,1796.44000000,0.6899
1749265042,0.69600000,234.07000000,0.6899
1749265042,0.69610000,740.89000000,0.6899
1749265042,0.69620000,493.87000000,0.6899
1749265042,0.69630000,64.20000000,0.6899
1749265042,0.69640000,14.52000000,0.6899
1749265042,0.69650000,14.52000000,0.6899
1749265042,0.69660000,13584.48000000,0.6899
1749265042,0.69670000,14357.85000000,0.6899
1749265042,0.69680000,14.51000000,0.6899
1749265042,0.69690000,33.20000000,0.6899
1749265042,0.69700000,906.57000000,0.6899
1749265042,0.69710000,14.50000000,0.6899
1749265042,0.69720000,25.36000000,0.6899
1749265042,0.69730000,14.50000000,0.6899
1749265042,0.69740000,14.50000000,0.6899
1749265042,0.69750000,14.49000000,0.6899
1749265042,0.69760000,14.49000000,0.6899
1749265042,0.69770000,23.07000000,0.6899
1749265042,0.69780000,14.49000000,0.6899
1749265042,0.69790000,14.49000000,0.6899
1749265042,0.69800000,52.94000000,0.6899
1749265042,0.69810000,439.86000000,0.6899
1749265042,0.69820000,14.48000000,0.6899
1749265042,0.69830000,785.34000000,0.6899
1749265042,0.69940000,271.64000000,0.6899
1749265042,0.69950000,13550.14000000,0.6899
1749265042,0.69960000,8608.67000000,0.6899
1749265042,0.69970000,214.36000000,0.6899
1749265042,0.70000000,188.42000000,0.6899
1749265042,0.70060000,16937.67000000,0.6899
1749265042,0.70070000,7527.73000000,0.6899
1749265042,0.70080000,8.58000000,0.6899
1749265042,0.70120000,16.91000000,0.6899
1749265042,0.70130000,42.77000000,0.6899
1749265042,0.70180000,221.89000000,0.6899
1749265042,0.70200000,45.64000000,0.6899
1749265042,0.70250000,1014.16000000,0.6899
1749265042,0.70350000,1486.46000000,0.6899
1749265042,0.70390000,8.58000000,0.6899
1749265042,0.70400000,30.66000000,0.6899
1749265042,0.70440000,7.83000000,0.6899
1749265042,0.70450000,774.77000000,0.6899
1749265042,0.70460000,75.41000000,0.6899
1749265042,0.70500000,10.39000000,0.6899
1749265042,0.70600000,21.07000000,0.6899
1749265042,0.70610000,1024.97000000,0.6899
1749265042,0.70640000,578.66000000,0.6899
1749265354,0.69030000,197.68000000,0.6902
1749265354,0.69040000,1002.03000000,0.6902
1749265354,0.69050000,2168.73000000,0.6902
1749265354,0.69060000,520.91000000,0.6902
1749265354,0.69070000,391.32000000,0.6902
1749265354,0.69080000,1085.93000000,0.6902
1749265354,0.69090000,3079.20000000,0.6902
1749265354,0.69100000,5679.63000000,0.6902
1749265354,0.69110000,13925.95000000,0.6902
1749265354,0.69120000,6527.12000000,0.6902
1749265354,0.69130000,8293.46000000,0.6902
1749265354,0.69140000,7346.97000000,0.6902
1749265354,0.69150000,5976.14000000,0.6902
1749265354,0.69160000,4191.49000000,0.6902
1749265354,0.69170000,7383.72000000,0.6902
1749265354,0.69180000,5867.26000000,0.6902
1749265354,0.69190000,5000.25000000,0.6902
1749265354,0.69200000,1876.08000000,0.6902
1749265354,0.69210000,3753.94000000,0.6902
1749265354,0.69220000,352.12000000,0.6902
1749265354,0.69230000,8062.39000000,0.6902
1749265354,0.69240000,2735.98000000,0.6902
1749265354,0.69250000,815.07000000,0.6902
1749265354,0.69260000,1467.35000000,0.6902
1749265354,0.69270000,2130.15000000,0.6902
1749265354,0.69280000,14.60000000,0.6902
1749265354,0.69290000,1467.35000000,0.6902
1749265354,0.69300000,195.73000000,0.6902
1749265354,0.69310000,14.60000000,0.6902
1749265354,0.69320000,2228.31000000,0.6902
1749265354,0.69330000,883.71000000,0.6902
1749265354,0.69340000,4009.08000000,0.6902
1749265354,0.69350000,2702.89000000,0.6902
1749265354,0.69360000,25.50000000,0.6902
1749265354,0.69370000,14.57000000,0.6902
1749265354,0.69380000,1467.32000000,0.6902
1749265354,0.69390000,22934.42000000,0.6902
1749265354,0.69400000,6993.06000000,0.6902
1749265354,0.69410000,14.57000000,0.6902
1749265354,0.69420000,25.46000000,0.6902
1749265354,0.69430000,1016.17000000,0.6902
1749265354,0.69440000,1467.31000000,0.6902
1749265354,0.69450000,25.46000000,0.6902
1749265354,0.69460000,128.23000000,0.6902
1749265354,0.69470000,297.72000000,0.6902
1749265354,0.69480000,709.62000000,0.6902
1749265354,0.69490000,14.55000000,0.6902
1749265354,0.69500000,1517.10000000,0.6902
1749265354,0.69510000,25.43000000,0.6902
1749265354,0.69520000,740.91000000,0.6902
1749265354,0.69530000,1467.29000000,0.6902
1749265354,0.69540000,247.31000000,0.6902
1749265354,0.69550000,4080.00000000,0.6902
1749265354,0.69560000,1476.62000000,0.6902
1749265354,0.69570000,114.01000000,0.6902
1749265354,0.69580000,14.53000000,0.6902
1749265354,0.69590000,1796.44000000,0.6902
1749265354,0.69600000,52.03000000,0.6902
1749265354,0.69610000,740.89000000,0.6902
1749265354,0.69620000,493.87000000,0.6902
1749265354,0.69630000,64.20000000,0.6902
1749265354,0.69640000,14.52000000,0.6902
1749265354,0.69650000,14.52000000,0.6902
1749265354,0.69660000,14000.60000000,0.6902
1749265354,0.69670000,14357.85000000,0.6902
1749265354,0.69680000,745.71000000,0.6902
1749265354,0.69690000,33.20000000,0.6902
1749265354,0.69700000,906.57000000,0.6902
1749265354,0.69710000,14.50000000,0.6902
1749265354,0.69720000,25.36000000,0.6902
1749265354,0.69730000,14.50000000,0.6902
1749265354,0.69740000,14.50000000,0.6902
1749265354,0.69750000,14.49000000,0.6902
1749265354,0.69760000,14.49000000,0.6902
1749265354,0.69770000,23.07000000,0.6902
1749265354,0.69780000,14.49000000,0.6902
1749265354,0.69800000,38.46000000,0.6902
1749265354,0.69830000,59.33000000,0.6902
1749265354,0.69920000,30487.81000000,0.6902
1749265354,0.69940000,271.64000000,0.6902
1749265354,0.69960000,8608.67000000,0.6902
1749265354,0.69970000,214.36000000,0.6902
1749265354,0.69980000,7510.02000000,0.6902
1749265354,0.70000000,188.42000000,0.6902
1749265354,0.70070000,7.83000000,0.6902
1749265354,0.70080000,8.58000000,0.6902
1749265354,0.70120000,16.91000000,0.6902
1749265354,0.70130000,42.77000000,0.6902
1749265354,0.70180000,221.89000000,0.6902
1749265354,0.70200000,45.64000000,0.6902
1749265354,0.70250000,1014.16000000,0.6902
1749265354,0.70350000,1486.46000000,0.6902
1749265354,0.70390000,8.58000000,0.6902
1749265354,0.70400000,30.66000000,0.6902
1749265354,0.70440000,7.83000000,0.6902
1749265354,0.70450000,774.77000000,0.6902
1749265354,0.70460000,75.41000000,0.6902
1749265354,0.70500000,10.39000000,0.6902
1749265354,0.70600000,21.07000000,0.6902
1749265354,0.70610000,1024.97000000,0.6902
1749265656,0.69050000,1017.95000000,0.6903
1749265656,0.69060000,381.70000000,0.6903
1749265656,0.69070000,728.06000000,0.6903
1749265656,0.69080000,1181.66000000,0.6903
1749265656,0.69090000,2232.54000000,0.6903
1749265656,0.69100000,4065.19000000,0.6903
1749265656,0.69110000,7340.50000000,0.6903
1749265656,0.69120000,14264.73000000,0.6903
1749265656,0.69130000,3692.62000000,0.6903
1749265656,0.69140000,7880.37000000,0.6903
1749265656,0.69150000,4505.76000000,0.6903
1749265656,0.69160000,7437.88000000,0.6903
1749265656,0.69170000,8397.20000000,0.6903
1749265656,0.69180000,5899.71000000,0.6903
1749265656,0.69190000,3610.57000000,0.6903
1749265656,0.69200000,9500.01000000,0.6903
1749265656,0.69210000,714.51000000,0.6903
1749265656,0.69220000,566.10000000,0.6903
1749265656,0.69230000,2085.70000000,0.6903
1749265656,0.69240000,1078.16000000,0.6903
1749265656,0.69250000,1152.57000000,0.6903
1749265656,0.69260000,2328.01000000,0.6903
1749265656,0.69270000,25.53000000,0.6903
1749265656,0.69280000,522.80000000,0.6903
1749265656,0.69290000,1804.85000000,0.6903
1749265656,0.69300000,3890.05000000,0.6903
1749265656,0.69310000,14.60000000,0.6903
1749265656,0.69320000,6350.63000000,0.6903
1749265656,0.69330000,883.71000000,0.6903
1749265656,0.69340000,740.95000000,0.6903
1749265656,0.69350000,1467.33000000,0.6903
1749265656,0.69360000,25.50000000,0.6903
1749265656,0.69370000,14.57000000,0.6903
1749265656,0.69380000,1467.32000000,0.6903
1749265656,0.69390000,22939.82000000,0.6903
1749265656,0.69400000,106.41000000,0.6903
1749265656,0.69410000,14.57000000,0.6903
1749265656,0.69420000,25.46000000,0.6903
1749265656,0.69430000,7843.36000000,0.6903
1749265656,0.69440000,2601.24000000,0.6903
1749265656,0.69450000,25.46000000,0.6903
1749265656,0.69460000,779.85000000,0.6903
1749265656,0.69470000,151.82000000,0.6903
1749265656,0.69480000,761.84000000,0.6903
1749265656,0.69490000,14.55000000,0.6903
1749265656,0.69500000,3722.98000000,0.6903
1749265656,0.69510000,25.43000000,0.6903
1749265656,0.69520000,740.91000000,0.6903
1749265656,0.69530000,1467.29000000,0.6903
1749265656,0.69540000,247.31000000,0.6903
1749265656,0.69550000,5031.37000000,0.6903
1749265656,0.69560000,1476.62000000,0.6903
1749265656,0.69570000,114.01000000,0.6903
1749265656,0.69580000,14.53000000,0.6903
1749265656,0.69590000,14.53000000,0.6903
1749265656,0.69600000,52.03000000,0.6903
1749265656,0.69610000,740.89000000,0.6903
1749265656,0.69620000,1946.62000000,0.6903
1749265656,0.69630000,64.20000000,0.6903
1749265656,0.69640000,14.52000000,0.6903
1749265656,0.69650000,14.52000000,0.6903
1749265656,0.69660000,13584.48000000,0.6903
1749265656,0.69670000,14357.85000000,0.6903
1749265656,0.69680000,14.51000000,0.6903
1749265656,0.69690000,33.20000000,0.6903
1749265656,0.69700000,14.50000000,0.6903
1749265656,0.69710000,14.50000000,0.6903
1749265656,0.69720000,25.36000000,0.6903
1749265656,0.69730000,14.50000000,0.6903
1749265656,0.69740000,14.50000000,0.6903
1749265656,0.69750000,171.24000000,0.6903
1749265656,0.69760000,14.49000000,0.6903
1749265656,0.69770000,1804.98000000,0.6903
1749265656,0.69780000,25.34000000,0.6903
1749265656,0.69790000,14.49000000,0.6903
1749265656,0.69800000,52.94000000,0.6903
1749265656,0.69810000,419.45000000,0.6903
1749265656,0.69830000,783.16000000,0.6903
1749265656,0.69940000,17209.31000000,0.6903
1749265656,0.69950000,13550.14000000,0.6903
1749265656,0.69960000,9500.74000000,0.6903
1749265656,0.69980000,7509.62000000,0.6903
1749265656,0.70000000,188.42000000,0.6903
1749265656,0.70070000,7.83000000,0.6903
1749265656,0.70080000,8.58000000,0.6903
1749265656,0.70120000,16.91000000,0.6903
1749265656,0.70130000,42.77000000,0.6903
1749265656,0.70180000,435.60000000,0.6903
1749265656,0.70200000,45.64000000,0.6903
1749265656,0.70250000,1014.16000000,0.6903
1749265656,0.70350000,1486.46000000,0.6903
1749265656,0.70390000,8.58000000,0.6903
1749265656,0.70400000,30.66000000,0.6903
1749265656,0.70440000,7.83000000,0.6903
1749265656,0.70450000,774.77000000,0.6903
1749265656,0.70460000,75.41000000,0.6903
1749265656,0.70500000,10.39000000,0.6903
1749265656,0.70600000,21.07000000,0.6903
1749265656,0.70610000,1024.97000000,0.6903
1749265656,0.70640000,578.66000000,0.6903
1749265957,0.69380000,206.87000000,0.6937
1749265957,0.69390000,23841.46000000,0.6937
1749265957,0.69400000,1877.99000000,0.6937
1749265957,0.69410000,2513.82000000,0.6937
1749265957,0.69420000,2799.88000000,0.6937
1749265957,0.69430000,4032.89000000,0.6937
1749265957,0.69440000,5091.23000000,0.6937
1749265957,0.69450000,7373.74000000,0.6937
1749265957,0.69460000,5631.14000000,0.6937
1749265957,0.69470000,12299.71000000,0.6937
1749265957,0.69480000,10497.92000000,0.6937
1749265957,0.69490000,11928.25000000,0.6937
1749265957,0.69500000,3354.51000000,0.6937
1749265957,0.69510000,1184.52000000,0.6937
1749265957,0.69520000,2050.07000000,0.6937
1749265957,0.69530000,1804.79000000,0.6937
1749265957,0.69540000,967.94000000,0.6937
1749265957,0.69550000,4927.40000000,0.6937
1749265957,0.69560000,1814.12000000,0.6937
1749265957,0.69570000,3440.51000000,0.6937
1749265957,0.69580000,14.53000000,0.6937
1749265957,0.69590000,3975.90000000,0.6937
1749265957,0.69600000,52.03000000,0.6937
1749265957,0.69610000,740.89000000,0.6937
1749265957,0.69620000,1467.27000000,0.6937
1749265957,0.69630000,922.41000000,0.6937
1749265957,0.69640000,14.52000000,0.6937
1749265957,0.69650000,14.52000000,0.6937
1749265957,0.69660000,3038.24000000,0.6937
1749265957,0.69670000,14.51000000,0.6937
1749265957,0.69680000,3041.83000000,0.6937
1749265957,0.69690000,33.20000000,0.6937
1749265957,0.69700000,14.50000000,0.6937
1749265957,0.69710000,5787.26000000,0.6937
1749265957,0.69720000,1872.18000000,0.6937
1749265957,0.69730000,14.50000000,0.6937
1749265957,0.69740000,14.50000000,0.6937
1749265957,0.69750000,897.61000000,0.6937
1749265957,0.69760000,14.49000000,0.6937
1749265957,0.69770000,1804.98000000,0.6937
1749265957,0.69780000,1478.09000000,0.6937
1749265957,0.69790000,14.49000000,0.6937
1749265957,0.69800000,7124.46000000,0.6937
1749265957,0.69810000,25.32000000,0.6937
1749265957,0.69820000,14.48000000,0.6937
1749265957,0.69830000,73.81000000,0.6937
1749265957,0.69840000,2204.44000000,0.6937
1749265957,0.69850000,2943.18000000,0.6937
1749265957,0.69860000,14.48000000,0.6937
1749265957,0.69870000,14327.94000000,0.6937
1749265957,0.69880000,14.47000000,0.6937
1749265957,0.69890000,493.82000000,0.6937
1749265957,0.69900000,1478.05000000,0.6937
1749265957,0.69910000,14.46000000,0.6937
1749265957,0.69920000,14.46000000,0.6937
1749265957,0.69930000,25.28000000,0.6937
1749265957,0.69940000,14.46000000,0.6937
1749265957,0.69950000,27111.05000000,0.6937
1749265957,0.69960000,9526.01000000,0.6937
1749265957,0.69970000,432.09000000,0.6937
1749265957,0.69980000,14.45000000,0.6937
1749265957,0.69990000,759.88000000,0.6937
1749265957,0.70000000,202.86000000,0.6937
1749265957,0.70010000,14.44000000,0.6937
1749265957,0.70020000,14.44000000,0.6937
1749265957,0.70030000,14.44000000,0.6937
1749265957,0.70040000,14.44000000,0.6937
1749265957,0.70050000,14.43000000,0.6937
1749265957,0.70060000,14.43000000,0.6937
1749265957,0.70070000,22.26000000,0.6937
1749265957,0.70080000,23.00000000,0.6937
1749265957,0.70090000,14.42000000,0.6937
1749265957,0.70100000,14.42000000,0.6937
1749265957,0.70110000,14.42000000,0.6937
1749265957,0.70120000,31.32000000,0.6937
1749265957,0.70130000,14.41000000,0.6937
1749265957,0.70180000,221.89000000,0.6937
1749265957,0.70200000,45.64000000,0.6937
1749265957,0.70220000,17208.21000000,0.6937
1749265957,0.70340000,42.64000000,0.6937
1749265957,0.70350000,8956.46000000,0.6937
1749265957,0.70390000,8.58000000,0.6937
1749265957,0.70400000,243.72000000,0.6937
1749265957,0.70440000,7.83000000,0.6937
1749265957,0.70460000,75.41000000,0.6937
1749265957,0.70500000,10.39000000,0.6937
1749265957,0.70600000,21.07000000,0.6937
1749265957,0.70610000,1014.16000000,0.6937
1749265957,0.70640000,578.66000000,0.6937
1749265957,0.70680000,9.34000000,0.6937
1749265957,0.70700000,264.19000000,0.6937
1749265957,0.70710000,8.58000000,0.6937
1749265957,0.70740000,84.04000000,0.6937
1749265957,0.70750000,74.10000000,0.6937
1749265957,0.70770000,779.07000000,0.6937
1749265957,0.70800000,67.17000000,0.6937
1749265957,0.70820000,229.72000000,0.6937
1749265957,0.70830000,7.74000000,0.6937
1749265957,0.70840000,103.05000000,0.6937
1749265957,0.70870000,59.33000000,0.6937
1749266259,0.69210000,1749.27000000,0.6922
1749266259,0.69220000,2721.27000000,0.6922
1749266259,0.69230000,4602.45000000,0.6922
1749266259,0.69240000,1120.98000000,0.6922
1749266259,0.69250000,2714.95000000,0.6922
1749266259,0.69260000,4286.38000000,0.6922
1749266259,0.69270000,11145.28000000,0.6922
1749266259,0.69280000,14256.11000000,0.6922
1749266259,0.69290000,3810.75000000,0.6922
1749266259,0.69300000,1712.87000000,0.6922
1749266259,0.69310000,3538.49000000,0.6922
1749266259,0.69320000,4597.78000000,0.6922
1749266259,0.69330000,7405.61000000,0.6922
1749266259,0.69340000,8258.43000000,0.6922
1749266259,0.69350000,1858.25000000,0.6922
1749266259,0.69360000,797.11000000,0.6922
1749266259,0.69370000,1838.37000000,0.6922
1749266259,0.69380000,5841.84000000,0.6922
1749266259,0.69390000,1779.81000000,0.6922
1749266259,0.69400000,1999.80000000,0.6922
1749266259,0.69410000,3007.52000000,0.6922
1749266259,0.69420000,2038.21000000,0.6922
1749266259,0.69430000,351.90000000,0.6922
1749266259,0.69440000,2832.17000000,0.6922
1749266259,0.69450000,362.71000000,0.6922
1749266259,0.69460000,713.93000000,0.6922
1749266259,0.69470000,2658.02000000,0.6922
1749266259,0.69480000,3379.88000000,0.6922
1749266259,0.69490000,2158.01000000,0.6922
1749266259,0.69500000,1992.60000000,0.6922
1749266259,0.69510000,3365.23000000,0.6922
1749266259,0.69520000,14.54000000,0.6922
1749266259,0.69530000,1846.47000000,0.6922
1749266259,0.69540000,1814.02000000,0.6922
1749266259,0.69550000,14.54000000,0.6922
1749266259,0.69560000,1476.62000000,0.6922
1749266259,0.69570000,114.01000000,0.6922
1749266259,0.69580000,14.53000000,0.6922
1749266259,0.69590000,1467.28000000,0.6922
1749266259,0.69600000,907.08000000,0.6922
1749266259,0.69610000,1456.03000000,0.6922
1749266259,0.69620000,2325.48000000,0.6922
1749266259,0.69630000,25.40000000,0.6922
1749266259,0.69640000,3685.36000000,0.6922
1749266259,0.69650000,6867.58000000,0.6922
1749266259,0.69660000,2901.31000000,0.6922
1749266259,0.69670000,666.13000000,0.6922
1749266259,0.69680000,2357.66000000,0.6922
1749266259,0.69690000,33.20000000,0.6922
1749266259,0.69700000,14.50000000,0.6922
1749266259,0.69710000,14.50000000,0.6922
1749266259,0.69720000,1478.11000000,0.6922
1749266259,0.69730000,1250.06000000,0.6922
1749266259,0.69740000,14.50000000,0.6922
1749266259,0.69750000,751.71000000,0.6922
1749266259,0.69760000,5787.25000000,0.6922
1749266259,0.69770000,23.07000000,0.6922
1749266259,0.69780000,1478.09000000,0.6922
1749266259,0.69790000,14.49000000,0.6922
1749266259,0.69800000,275.98000000,0.6922
1749266259,0.69810000,1530.10000000,0.6922
1749266259,0.69820000,14.48000000,0.6922
1749266259,0.69830000,73.81000000,0.6922
1749266259,0.69840000,2204.44000000,0.6922
1749266259,0.69850000,2943.18000000,0.6922
1749266259,0.69860000,14.48000000,0.6922
1749266259,0.69870000,14327.94000000,0.6922
1749266259,0.69880000,14.47000000,0.6922
1749266259,0.69890000,493.82000000,0.6922
1749266259,0.69900000,1478.05000000,0.6922
1749266259,0.69910000,14.46000000,0.6922
1749266259,0.69920000,14.46000000,0.6922
1749266259,0.69930000,25.28000000,0.6922
1749266259,0.69940000,14.46000000,0.6922
1749266259,0.69950000,15430.09000000,0.6922
1749266259,0.69960000,8633.94000000,0.6922
1749266259,0.69980000,1781.91000000,0.6922
1749266259,0.69990000,741.59000000,0.6922
1749266259,0.70000000,188.42000000,0.6922
1749266259,0.70020000,10.81000000,0.6922
1749266259,0.70030000,145.90000000,0.6922
1749266259,0.70050000,10.81000000,0.6922
1749266259,0.70070000,7.83000000,0.6922
1749266259,0.70080000,19.38000000,0.6922
1749266259,0.70090000,38.80000000,0.6922
1749266259,0.70120000,16.91000000,0.6922
1749266259,0.70160000,7489.92000000,0.6922
1749266259,0.70180000,221.89000000,0.6922
1749266259,0.70190000,892.07000000,0.6922
1749266259,0.70200000,45.64000000,0.6922
1749266259,0.70340000,42.64000000,0.6922
1749266259,0.70350000,1486.46000000,0.6922
1749266259,0.70360000,30487.81000000,0.6922
1749266259,0.70390000,8.58000000,0.6922
1749266259,0.70400000,243.72000000,0.6922
1749266259,0.70440000,7.83000000,0.6922
1749266259,0.70460000,75.41000000,0.6922
1749266259,0.70500000,10.39000000,0.6922
1749266259,0.70510000,269.45000000,0.6922
1749266259,0.70600000,21.07000000,0.6922
1749266560,0.68910000,3962.51000000,0.689
1749266560,0.68920000,2159.46000000,0.689
1749266560,0.68930000,952.68000000,0.689
1749266560,0.68940000,1521.12000000,0.689
1749266560,0.68950000,3039.77000000,0.689
1749266560,0.68960000,5204.58000000,0.689
1749266560,0.68970000,2208.96000000,0.689
1749266560,0.68980000,2372.59000000,0.689
1749266560,0.68990000,6989.31000000,0.689
1749266560,0.69000000,11031.76000000,0.689
1749266560,0.69010000,15849.74000000,0.689
1749266560,0.69020000,11251.78000000,0.689
1749266560,0.69030000,2757.30000000,0.689
1749266560,0.69040000,3015.22000000,0.689
1749266560,0.69050000,2681.25000000,0.689
1749266560,0.69060000,3044.85000000,0.689
1749266560,0.69070000,445.83000000,0.689
1749266560,0.69080000,3434.83000000,0.689
1749266560,0.69090000,1383.88000000,0.689
1749266560,0.69100000,3367.28000000,0.689
1749266560,0.69110000,1250.21000000,0.689
1749266560,0.69120000,2105.58000000,0.689
1749266560,0.69130000,871.43000000,0.689
1749266560,0.69140000,351.96000000,0.689
1749266560,0.69150000,1815.57000000,0.689
1749266560,0.69160000,1199.12000000,0.689
1749266560,0.69170000,1989.04000000,0.689
1749266560,0.69180000,4831.78000000,0.689
1749266560,0.69190000,351.95000000,0.689
1749266560,0.69200000,14.45000000,0.689
1749266560,0.69210000,2919.56000000,0.689
1749266560,0.69220000,14.44000000,0.689
1749266560,0.69230000,14.44000000,0.689
1749266560,0.69240000,1839.11000000,0.689
1749266560,0.69250000,14.44000000,0.689
1749266560,0.69260000,872.65000000,0.689
1749266560,0.69270000,2204.40000000,0.689
1749266560,0.69280000,14.44000000,0.689
1749266560,0.69290000,3354.23000000,0.689
1749266560,0.69300000,709.43000000,0.689
1749266560,0.69310000,151.70000000,0.689
1749266560,0.69320000,2096.33000000,0.689
1749266560,0.69330000,6912.25000000,0.689
1749266560,0.69340000,6738.10000000,0.689
1749266560,0.69350000,1467.17000000,0.689
1749266560,0.69360000,25.24000000,0.689
1749266560,0.69370000,14.41000000,0.689
1749266560,0.69380000,1467.16000000,0.689
1749266560,0.69390000,751.60000000,0.689
1749266560,0.69400000,3342.65000000,0.689
1749266560,0.69410000,1467.16000000,0.689
1749266560,0.69420000,25.21000000,0.689
1749266560,0.69430000,14.40000000,0.689
1749266560,0.69440000,2374.54000000,0.689
1749266560,0.69450000,25.21000000,0.689
1749266560,0.69460000,385.01000000,0.689
1749266560,0.69470000,1467.14000000,0.689
1749266560,0.69480000,25.20000000,0.689
1749266560,0.69490000,16125.40000000,0.689
1749266560,0.69500000,4198.48000000,0.689
1749266560,0.69510000,25.43000000,0.689
1749266560,0.69520000,14.54000000,0.689
1749266560,0.69530000,1846.47000000,0.689
1749266560,0.69540000,726.66000000,0.689
1749266560,0.69550000,1250.10000000,0.689
1749266560,0.69560000,1476.62000000,0.689
1749266560,0.69570000,114.01000000,0.689
1749266560,0.69580000,14.53000000,0.689
1749266560,0.69590000,14.53000000,0.689
1749266560,0.69600000,52.03000000,0.689
1749266560,0.69610000,14.52000000,0.689
1749266560,0.69620000,14.52000000,0.689
1749266560,0.69630000,25.40000000,0.689
1749266560,0.69640000,14.52000000,0.689
1749266560,0.69650000,3368.40000000,0.689
1749266560,0.69660000,76.44000000,0.689
1749266560,0.69670000,13692.36000000,0.689
1749266560,0.69690000,747.15000000,0.689
1749266560,0.69720000,10.86000000,0.689
1749266560,0.69750000,10.85000000,0.689
1749266560,0.69770000,8.58000000,0.689
1749266560,0.69780000,10.85000000,0.689
1749266560,0.69790000,1781.91000000,0.689
1749266560,0.69800000,38.46000000,0.689
1749266560,0.69810000,10.84000000,0.689
1749266560,0.69830000,951.40000000,0.689
1749266560,0.69840000,10.84000000,0.689
1749266560,0.69870000,7524.71000000,0.689
1749266560,0.69900000,10.83000000,0.689
1749266560,0.69910000,13550.14000000,0.689
1749266560,0.69930000,10.82000000,0.689
1749266560,0.69960000,8619.49000000,0.689
1749266560,0.69990000,10.81000000,0.689
1749266560,0.70000000,188.42000000,0.689
1749266560,0.70020000,10.81000000,0.689
1749266560,0.70050000,538.95000000,0.689
1749266560,0.70070000,7.83000000,0.689
1749266560,0.70080000,19.38000000,0.689
1749266560,0.70120000,16.91000000,0.689
1749266560,0.70160000,8.55000000,0.689
1749266862,0.69130000,14.46000000,0.6912
1749266862,0.69140000,478.20000000,0.6912
1749266862,0.69150000,726.55000000,0.6912
1749266862,0.69160000,836.00000000,0.6912
1749266862,0.69170000,2227.94000000,0.6912
1749266862,0.69180000,5227.77000000,0.6912
1749266862,0.69190000,1195.60000000,0.6912
1749266862,0.69200000,3450.04000000,0.6912
1749266862,0.69210000,7257.09000000,0.6912
1749266862,0.69220000,6490.45000000,0.6912
1749266862,0.69230000,16147.97000000,0.6912
1749266862,0.69240000,11760.63000000,0.6912
1749266862,0.69250000,6084.85000000,0.6912
1749266862,0.69260000,6936.35000000,0.6912
1749266862,0.69270000,9851.30000000,0.6912
1749266862,0.69280000,3734.60000000,0.6912
1749266862,0.69290000,351.93000000,0.6912
1749266862,0.69300000,483.41000000,0.6912
1749266862,0.69310000,424.06000000,0.6912
1749266862,0.69320000,1812.50000000,0.6912
1749266862,0.69330000,889.30000000,0.6912
1749266862,0.69340000,1078.29000000,0.6912
1749266862,0.69350000,1961.68000000,0.6912
1749266862,0.69360000,25.24000000,0.6912
1749266862,0.69370000,3740.61000000,0.6912
1749266862,0.69380000,1972.97000000,0.6912
1749266862,0.69390000,1089.10000000,0.6912
1749266862,0.69400000,22.21000000,0.6912
1749266862,0.69410000,1856.97000000,0.6912
1749266862,0.69420000,25.21000000,0.6912
1749266862,0.69430000,14.40000000,0.6912
1749266862,0.69440000,2374.54000000,0.6912
1749266862,0.69450000,25.21000000,0.6912
1749266862,0.69460000,385.01000000,0.6912
1749266862,0.69470000,1467.14000000,0.6912
1749266862,0.69480000,1970.09000000,0.6912
1749266862,0.69490000,23135.31000000,0.6912
1749266862,0.69500000,4421.52000000,0.6912
1749266862,0.69510000,25.43000000,0.6912
1749266862,0.69520000,14.54000000,0.6912
1749266862,0.69530000,7404.32000000,0.6912
1749266862,0.69540000,726.66000000,0.6912
1749266862,0.69550000,1250.10000000,0.6912
1749266862,0.69560000,1476.62000000,0.6912
1749266862,0.69570000,114.01000000,0.6912
1749266862,0.69580000,14.53000000,0.6912
1749266862,0.69590000,2943.23000000,0.6912
1749266862,0.69600000,52.03000000,0.6912
1749266862,0.69610000,14.52000000,0.6912
1749266862,0.69620000,14.52000000,0.6912
1749266862,0.69630000,25.40000000,0.6912
1749266862,0.69640000,14.52000000,0.6912
1749266862,0.69650000,14.52000000,0.6912
1749266862,0.69660000,76.44000000,0.6912
1749266862,0.69670000,160.41000000,0.6912
1749266862,0.69680000,14.51000000,0.6912
1749266862,0.69690000,33.20000000,0.6912
1749266862,0.69700000,14.51000000,0.6912
1749266862,0.69710000,14.50000000,0.6912
1749266862,0.69720000,25.36000000,0.6912
1749266862,0.69730000,14.50000000,0.6912
1749266862,0.69740000,14.50000000,0.6912
1749266862,0.69750000,25.35000000,0.6912
1749266862,0.69760000,14.50000000,0.6912
1749266862,0.69770000,23.07000000,0.6912
1749266862,0.69780000,25.34000000,0.6912
1749266862,0.69790000,1796.40000000,0.6912
1749266862,0.69800000,478.01000000,0.6912
1749266862,0.69810000,25.33000000,0.6912
1749266862,0.69820000,14.49000000,0.6912
1749266862,0.69830000,965.88000000,0.6912
1749266862,0.69840000,763.61000000,0.6912
1749266862,0.69850000,14.47000000,0.6912
1749266862,0.69860000,14.47000000,0.6912
1749266862,0.69870000,25.31000000,0.6912
1749266862,0.69880000,14.47000000,0.6912
1749266862,0.69900000,10.83000000,0.6912
1749266862,0.69930000,10.82000000,0.6912
1749266862,0.69950000,27096.60000000,0.6912
1749266862,0.69960000,8619.49000000,0.6912
1749266862,0.69990000,10.81000000,0.6912
1749266862,0.70000000,17126.09000000,0.6912
1749266862,0.70020000,10.81000000,0.6912
1749266862,0.70050000,538.95000000,0.6912
1749266862,0.70070000,7504.75000000,0.6912
1749266862,0.70080000,19.38000000,0.6912
1749266862,0.70120000,16.91000000,0.6912
1749266862,0.70160000,8.55000000,0.6912
1749266862,0.70180000,221.89000000,0.6912
1749266862,0.70200000,45.64000000,0.6912
1749266862,0.70220000,1014.16000000,0.6912
1749266862,0.70350000,1486.46000000,0.6912
1749266862,0.70390000,8.58000000,0.6912
1749266862,0.70400000,30.66000000,0.6912
1749266862,0.70440000,7.83000000,0.6912
1749266862,0.70460000,853.39000000,0.6912
1749266862,0.70500000,10.39000000,0.6912
1749266862,0.70580000,1024.97000000,0.6912
1749266862,0.70600000,21.07000000,0.6912
1749266862,0.70610000,578.66000000,0.6912
1749267163,0.69210000,281.88000000,0.6921
1749267163,0.69220000,1991.25000000,0.6921
1749267163,0.69230000,2788.56000000,0.6921
1749267163,0.69240000,4261.46000000,0.6921
1749267163,0.69250000,2574.89000000,0.6921
1749267163,0.69260000,1877.76000000,0.6921
1749267163,0.69270000,3051.83000000,0.6921
1749267163,0.69280000,5057.67000000,0.6921
1749267163,0.69290000,10380.63000000,0.6921
1749267163,0.69300000,12017.93000000,0.6921
1749267163,0.69310000,6734.16000000,0.6921
1749267163,0.69320000,11901.62000000,0.6921
1749267163,0.69330000,5050.29000000,0.6921
1749267163,0.69340000,2861.92000000,0.6921
1749267163,0.69350000,4842.63000000,0.6921
1749267163,0.69360000,719.62000000,0.6921
1749267163,0.69370000,788.95000000,0.6921
1749267163,0.69380000,1804.66000000,0.6921
1749267163,0.69390000,1089.10000000,0.6921
1749267163,0.69400000,3712.21000000,0.6921
1749267163,0.69410000,1963.69000000,0.6921
1749267163,0.69420000,554.95000000,0.6921
1749267163,0.69430000,404.21000000,0.6921
1749267163,0.69440000,2832.50000000,0.6921
1749267163,0.69450000,25.21000000,0.6921
1749267163,0.69460000,9848.67000000,0.6921
1749267163,0.69470000,1804.64000000,0.6921
1749267163,0.69480000,1046.87000000,0.6921
1749267163,0.69490000,2587.04000000,0.6921
1749267163,0.69500000,4929.90000000,0.6921
1749267163,0.69510000,25.43000000,0.6921
1749267163,0.69520000,14.54000000,0.6921
1749267163,0.69530000,1467.29000000,0.6921
1749267163,0.69540000,247.31000000,0.6921
1749267163,0.69550000,1250.10000000,0.6921
1749267163,0.69560000,2607.04000000,0.6921
1749267163,0.69570000,114.01000000,0.6921
1749267163,0.69580000,14.53000000,0.6921
1749267163,0.69590000,3517.25000000,0.6921
1749267163,0.69600000,6915.10000000,0.6921
1749267163,0.69610000,14.52000000,0.6921
1749267163,0.69620000,1467.27000000,0.6921
1749267163,0.69630000,25.40000000,0.6921
1749267163,0.69640000,14.52000000,0.6921
1749267163,0.69650000,14.52000000,0.6921
1749267163,0.69660000,76.44000000,0.6921
1749267163,0.69670000,160.41000000,0.6921
1749267163,0.69680000,14355.15000000,0.6921
1749267163,0.69690000,33.20000000,0.6921
1749267163,0.69700000,14.51000000,0.6921
1749267163,0.69710000,14.50000000,0.6921
1749267163,0.69720000,25.36000000,0.6921
1749267163,0.69730000,14.50000000,0.6921
1749267163,0.69740000,14.50000000,0.6921
1749267163,0.69750000,25.35000000,0.6921
1749267163,0.69760000,14.50000000,0.6921
1749267163,0.69770000,23.07000000,0.6921
1749267163,0.69780000,25.34000000,0.6921
1749267163,0.69790000,1796.40000000,0.6921
1749267163,0.69800000,478.01000000,0.6921
1749267163,0.69810000,25.33000000,0.6921
1749267163,0.69820000,14.49000000,0.6921
1749267163,0.69830000,965.88000000,0.6921
1749267163,0.69840000,1242.96000000,0.6921
1749267163,0.69850000,14.47000000,0.6921
1749267163,0.69860000,14.47000000,0.6921
1749267163,0.69870000,25.31000000,0.6921
1749267163,0.69880000,14.46000000,0.6921
1749267163,0.69890000,14.46000000,0.6921
1749267163,0.69900000,25.29000000,0.6921
1749267163,0.69910000,14.46000000,0.6921
1749267163,0.69920000,14.46000000,0.6921
1749267163,0.69930000,25.28000000,0.6921
1749267163,0.69940000,13564.60000000,0.6921
1749267163,0.69950000,13560.91000000,0.6921
1749267163,0.69960000,8633.94000000,0.6921
1749267163,0.69990000,10.81000000,0.6921
1749267163,0.70000000,188.42000000,0.6921
1749267163,0.70020000,10.81000000,0.6921
1749267163,0.70050000,282.02000000,0.6921
1749267163,0.70070000,7.83000000,0.6921
1749267163,0.70080000,19.38000000,0.6921
1749267163,0.70100000,16937.67000000,0.6921
1749267163,0.70120000,16.91000000,0.6921
1749267163,0.70160000,8.55000000,0.6921
1749267163,0.70170000,7489.83000000,0.6921
1749267163,0.70180000,221.89000000,0.6921
1749267163,0.70200000,45.64000000,0.6921
1749267163,0.70270000,256.11000000,0.6921
1749267163,0.70350000,1486.46000000,0.6921
1749267163,0.70390000,8.58000000,0.6921
1749267163,0.70400000,1044.82000000,0.6921
1749267163,0.70440000,7.83000000,0.6921
1749267163,0.70460000,853.39000000,0.6921
1749267163,0.70500000,10.39000000,0.6921
1749267163,0.70520000,12.76000000,0.6921
1749267163,0.70600000,21.07000000,0.6921
1749267163,0.70610000,578.66000000,0.6921
1749267163,0.70680000,9.34000000,0.6921
1749267163,0.70700000,264.19000000,0.6921
1749267465,0.69370000,1289.56000000,0.6936
1749267465,0.69380000,370.67000000,0.6936
1749267465,0.69390000,732.46000000,0.6936
1749267465,0.69400000,1366.46000000,0.6936
1749267465,0.69410000,6333.18000000,0.6936
1749267465,0.69420000,6664.78000000,0.6936
1749267465,0.69430000,4307.04000000,0.6936
1749267465,0.69440000,7835.00000000,0.6936
1749267465,0.69450000,6119.02000000,0.6936
1749267465,0.69460000,8994.78000000,0.6936
1749267465,0.69470000,8306.49000000,0.6936
1749267465,0.69480000,2794.42000000,0.6936
1749267465,0.69490000,4814.76000000,0.6936
1749267465,0.69500000,8851.66000000,0.6936
1749267465,0.69510000,7803.61000000,0.6936
1749267465,0.69520000,3979.49000000,0.6936
1749267465,0.69530000,1804.79000000,0.6936
1749267465,0.69540000,584.81000000,0.6936
1749267465,0.69550000,1587.60000000,0.6936
1749267465,0.69560000,2540.49000000,0.6936
1749267465,0.69570000,462.69000000,0.6936
1749267465,0.69580000,1167.99000000,0.6936
1749267465,0.69590000,14.53000000,0.6936
1749267465,0.69600000,6227.55000000,0.6936
1749267465,0.69610000,520.21000000,0.6936
1749267465,0.69620000,1804.77000000,0.6936
1749267465,0.69630000,25.40000000,0.6936
1749267465,0.69640000,14.52000000,0.6936
1749267465,0.69650000,4346.52000000,0.6936
1749267465,0.69660000,551.21000000,0.6936
1749267465,0.69670000,1467.26000000,0.6936
1749267465,0.69680000,698.68000000,0.6936
1749267465,0.69690000,891.41000000,0.6936
1749267465,0.69700000,2118.88000000,0.6936
1749267465,0.69710000,14.50000000,0.6936
1749267465,0.69720000,640.72000000,0.6936
1749267465,0.69730000,1467.25000000,0.6936
1749267465,0.69740000,3385.38000000,0.6936
1749267465,0.69750000,6874.54000000,0.6936
1749267465,0.69760000,14.50000000,0.6936
1749267465,0.69770000,23.07000000,0.6936
1749267465,0.69780000,25.34000000,0.6936
1749267465,0.69790000,3249.15000000,0.6936
1749267465,0.69800000,52.95000000,0.6936
1749267465,0.69810000,25.33000000,0.6936
1749267465,0.69820000,14.49000000,0.6936
1749267465,0.69830000,73.81000000,0.6936
1749267465,0.69840000,504.67000000,0.6936
1749267465,0.69850000,1467.22000000,0.6936
1749267465,0.69860000,14.47000000,0.6936
1749267465,0.69870000,25.31000000,0.6936
1749267465,0.69880000,14314.58000000,0.6936
1749267465,0.69890000,14.46000000,0.6936
1749267465,0.69900000,25.29000000,0.6936
1749267465,0.69910000,14.46000000,0.6936
1749267465,0.69920000,14.46000000,0.6936
1749267465,0.69930000,171.18000000,0.6936
1749267465,0.69940000,14.46000000,0.6936
1749267465,0.69950000,13976.81000000,0.6936
1749267465,0.69960000,8633.94000000,0.6936
1749267465,0.69970000,14.45000000,0.6936
1749267465,0.69980000,14.45000000,0.6936
1749267465,0.69990000,749.90000000,0.6936
1749267465,0.70000000,202.86000000,0.6936
1749267465,0.70010000,14.44000000,0.6936
1749267465,0.70020000,25.25000000,0.6936
1749267465,0.70030000,14.44000000,0.6936
1749267465,0.70040000,14.44000000,0.6936
1749267465,0.70050000,25.25000000,0.6936
1749267465,0.70060000,14.43000000,0.6936
1749267465,0.70070000,22.26000000,0.6936
1749267465,0.70080000,33.80000000,0.6936
1749267465,0.70090000,906.49000000,0.6936
1749267465,0.70100000,14.42000000,0.6936
1749267465,0.70110000,14.42000000,0.6936
1749267465,0.70120000,31.33000000,0.6936
1749267465,0.70160000,8.55000000,0.6936
1749267465,0.70180000,221.89000000,0.6936
1749267465,0.70200000,45.64000000,0.6936
1749267465,0.70240000,30487.81000000,0.6936
1749267465,0.70270000,256.11000000,0.6936
1749267465,0.70300000,7473.93000000,0.6936
1749267465,0.70340000,270.07000000,0.6936
1749267465,0.70350000,1486.46000000,0.6936
1749267465,0.70390000,8.58000000,0.6936
1749267465,0.70400000,30.66000000,0.6936
1749267465,0.70440000,7.83000000,0.6936
1749267465,0.70460000,75.41000000,0.6936
1749267465,0.70500000,10.39000000,0.6936
1749267465,0.70520000,12.76000000,0.6936
1749267465,0.70580000,1014.16000000,0.6936
1749267465,0.70600000,21.07000000,0.6936
1749267465,0.70610000,578.66000000,0.6936
1749267465,0.70680000,9.34000000,0.6936
1749267465,0.70700000,264.19000000,0.6936
1749267465,0.70710000,8.58000000,0.6936
1749267465,0.70740000,84.04000000,0.6936
1749267465,0.70750000,74.10000000,0.6936
1749267465,0.70770000,785.09000000,0.6936
1749267465,0.70800000,67.17000000,0.6936
1749267766,0.69290000,691.73000000,0.6928
1749267766,0.69300000,731.99000000,0.6928
1749267766,0.69310000,790.63000000,0.6928
1749267766,0.69320000,1336.70000000,0.6928
1749267766,0.69330000,2838.44000000,0.6928
1749267766,0.69340000,2295.08000000,0.6928
1749267766,0.69350000,6570.78000000,0.6928
1749267766,0.69360000,3850.42000000,0.6928
1749267766,0.69370000,5868.34000000,0.6928
1749267766,0.69380000,13932.30000000,0.6928
1749267766,0.69390000,5775.50000000,0.6928
1749267766,0.69400000,7810.16000000,0.6928
1749267766,0.69410000,6762.45000000,0.6928
1749267766,0.69420000,7037.40000000,0.6928
1749267766,0.69430000,3221.02000000,0.6928
1749267766,0.69440000,3545.95000000,0.6928
1749267766,0.69450000,2843.71000000,0.6928
1749267766,0.69460000,4577.65000000,0.6928
1749267766,0.69470000,1815.46000000,0.6928
1749267766,0.69480000,362.70000000,0.6928
1749267766,0.69490000,2210.14000000,0.6928
1749267766,0.69500000,3718.19000000,0.6928
1749267766,0.69510000,3822.93000000,0.6928
1749267766,0.69520000,509.52000000,0.6928
1749267766,0.69530000,1804.79000000,0.6928
1749267766,0.69540000,584.81000000,0.6928
1749267766,0.69550000,521.03000000,0.6928
1749267766,0.69560000,2540.49000000,0.6928
1749267766,0.69570000,462.69000000,0.6928
