timestamp,price,volume,current_price
1749254609,0.68430000,826.21000000,0.6841
1749254609,0.68440000,489.44000000,0.6841
1749254609,0.68450000,797.29000000,0.6841
1749254609,0.68460000,1138.05000000,0.6841
1749254609,0.68470000,2383.78000000,0.6841
1749254609,0.68480000,5306.17000000,0.6841
1749254609,0.68490000,8282.98000000,0.6841
1749254609,0.68500000,10304.40000000,0.6841
1749254609,0.68510000,8716.49000000,0.6841
1749254609,0.68520000,7355.49000000,0.6841
1749254609,0.68530000,2130.94000000,0.6841
1749254609,0.68540000,4108.22000000,0.6841
1749254609,0.68550000,3577.84000000,0.6841
1749254609,0.68560000,6391.48000000,0.6841
1749254609,0.68570000,1089.41000000,0.6841
1749254609,0.68580000,2431.71000000,0.6841
1749254609,0.68590000,416.78000000,0.6841
1749254609,0.68600000,599.67000000,0.6841
1749254609,0.68610000,1855.90000000,0.6841
1749254609,0.68620000,5091.83000000,0.6841
1749254609,0.68630000,352.07000000,0.6841
1749254609,0.68640000,2470.94000000,0.6841
1749254609,0.68650000,3788.33000000,0.6841
1749254609,0.68660000,4230.80000000,0.6841
1749254609,0.68670000,352.05000000,0.6841
1749254609,0.68680000,413.46000000,0.6841
1749254609,0.68690000,1443.33000000,0.6841
1749254609,0.68700000,2344.06000000,0.6841
1749254609,0.68710000,7831.45000000,0.6841
1749254609,0.68720000,254.41000000,0.6841
1749254609,0.68730000,1467.46000000,0.6841
1749254609,0.68740000,1461.82000000,0.6841
1749254609,0.68750000,1569.10000000,0.6841
1749254609,0.68760000,14.70000000,0.6841
1749254609,0.68770000,3069.97000000,0.6841
1749254609,0.68780000,14.70000000,0.6841
1749254609,0.68790000,56.29000000,0.6841
1749254609,0.68800000,73.35000000,0.6841
1749254609,0.68810000,3429.51000000,0.6841
1749254609,0.68820000,415.16000000,0.6841
1749254609,0.68830000,1486.93000000,0.6841
1749254609,0.68840000,14.69000000,0.6841
1749254609,0.68850000,51.21000000,0.6841
1749254609,0.68860000,2204.70000000,0.6841
1749254609,0.68870000,14.68000000,0.6841
1749254609,0.68880000,6953.18000000,0.6841
1749254609,0.68890000,1701.37000000,0.6841
1749254609,0.68900000,188.46000000,0.6841
1749254609,0.68910000,236.56000000,0.6841
1749254609,0.68920000,2204.68000000,0.6841
1749254609,0.68930000,14511.19000000,0.6841
1749254609,0.68940000,698.84000000,0.6841
1749254609,0.68950000,33.39000000,0.6841
1749254609,0.68960000,4614.68000000,0.6841
1749254609,0.68970000,14.66000000,0.6841
1749254609,0.68980000,1478.30000000,0.6841
1749254609,0.68990000,14.66000000,0.6841
1749254609,0.69000000,979.96000000,0.6841
1749254609,0.69010000,751.90000000,0.6841
1749254609,0.69020000,14.64000000,0.6841
1749254609,0.69030000,14.64000000,0.6841
1749254609,0.69040000,1478.28000000,0.6841
1749254609,0.69050000,14.64000000,0.6841
1749254609,0.69060000,14.64000000,0.6841
1749254609,0.69070000,664.11000000,0.6841
1749254609,0.69080000,14.64000000,0.6841
1749254609,0.69090000,14.64000000,0.6841
1749254609,0.69100000,171.49000000,0.6841
1749254609,0.69110000,14.63000000,0.6841
1749254609,0.69120000,14.63000000,0.6841
1749254609,0.69130000,917.64000000,0.6841
1749254609,0.69140000,23.20000000,0.6841
1749254609,0.69150000,14.62000000,0.6841
1749254609,0.69160000,33.31000000,0.6841
1749254609,0.69170000,14.62000000,0.6841
1749254609,0.69180000,14.61000000,0.6841
1749254609,0.69190000,10.94000000,0.6841
1749254609,0.69200000,71.21000000,0.6841
1749254609,0.69220000,1149.22000000,0.6841
1749254609,0.69250000,74.10000000,0.6841
1749254609,0.69260000,8.28000000,0.6841
1749254609,0.69320000,7.83000000,0.6841
1749254609,0.69370000,16937.67000000,0.6841
1749254609,0.69380000,27096.60000000,0.6841
1749254609,0.69390000,22515.58000000,0.6841
1749254609,0.69400000,365.59000000,0.6841
1749254609,0.69420000,7565.61000000,0.6841
1749254609,0.69460000,113.68000000,0.6841
1749254609,0.69500000,49.80000000,0.6841
1749254609,0.69520000,43.14000000,0.6841
1749254609,0.69530000,215.71000000,0.6841
1749254609,0.69540000,221.89000000,0.6841
1749254609,0.69560000,9.34000000,0.6841
1749254609,0.69570000,88.60000000,0.6841
1749254609,0.69600000,26.62000000,0.6841
1749254609,0.69660000,12.64000000,0.6841
1749254609,0.69690000,7.83000000,0.6841
1749254609,0.69770000,8.58000000,0.6841
1749254609,0.69780000,1014.16000000,0.6841
1749254609,0.69800000,617.12000000,0.6841
1749254916,0.68500000,1104.36000000,0.685
1749254916,0.68510000,1206.60000000,0.685
1749254916,0.68520000,1518.17000000,0.685
1749254916,0.68530000,2825.50000000,0.685
1749254916,0.68540000,3096.91000000,0.685
1749254916,0.68550000,3348.91000000,0.685
1749254916,0.68560000,1342.63000000,0.685
1749254916,0.68570000,6865.97000000,0.685
1749254916,0.68580000,16756.83000000,0.685
1749254916,0.68590000,5638.92000000,0.685
1749254916,0.68600000,9882.44000000,0.685
1749254916,0.68610000,2461.29000000,0.685
1749254916,0.68620000,2378.63000000,0.685
1749254916,0.68630000,5121.94000000,0.685
1749254916,0.68640000,4959.47000000,0.685
1749254916,0.68650000,5393.93000000,0.685
1749254916,0.68660000,4356.84000000,0.685
1749254916,0.68670000,1815.74000000,0.685
1749254916,0.68680000,673.92000000,0.685
1749254916,0.68690000,1161.48000000,0.685
1749254916,0.68700000,6103.07000000,0.685
1749254916,0.68710000,405.47000000,0.685
1749254916,0.68720000,3315.19000000,0.685
1749254916,0.68730000,1977.62000000,0.685
1749254916,0.68740000,2316.47000000,0.685
1749254916,0.68750000,1503.58000000,0.685
1749254916,0.68760000,174.72000000,0.685
1749254916,0.68770000,2204.74000000,0.685
1749254916,0.68780000,14.70000000,0.685
1749254916,0.68790000,674.36000000,0.685
1749254916,0.68800000,240.83000000,0.685
1749254916,0.68810000,14.70000000,0.685
1749254916,0.68820000,14.69000000,0.685
1749254916,0.68830000,1537.29000000,0.685
1749254916,0.68840000,7799.99000000,0.685
1749254916,0.68850000,51.17000000,0.685
1749254916,0.68860000,3062.91000000,0.685
1749254916,0.68870000,3429.49000000,0.685
1749254916,0.68880000,14.68000000,0.685
1749254916,0.68890000,1701.37000000,0.685
1749254916,0.68900000,188.43000000,0.685
1749254916,0.68910000,236.56000000,0.685
1749254916,0.68920000,9135.09000000,0.685
1749254916,0.68930000,409.24000000,0.685
1749254916,0.68940000,698.84000000,0.685
1749254916,0.68950000,1522.62000000,0.685
1749254916,0.68960000,4614.68000000,0.685
1749254916,0.68970000,14.66000000,0.685
1749254916,0.68980000,1478.30000000,0.685
1749254916,0.68990000,14.66000000,0.685
1749254916,0.69000000,979.96000000,0.685
1749254916,0.69010000,751.90000000,0.685
1749254916,0.69020000,14.64000000,0.685
1749254916,0.69030000,14.64000000,0.685
1749254916,0.69040000,1478.28000000,0.685
1749254916,0.69050000,14.64000000,0.685
1749254916,0.69060000,14.64000000,0.685
1749254916,0.69070000,664.11000000,0.685
1749254916,0.69080000,14.64000000,0.685
1749254916,0.69090000,14.64000000,0.685
1749254916,0.69100000,1624.24000000,0.685
1749254916,0.69110000,13561.09000000,0.685
1749254916,0.69120000,14472.05000000,0.685
1749254916,0.69130000,917.64000000,0.685
1749254916,0.69140000,23.20000000,0.685
1749254916,0.69150000,14.62000000,0.685
1749254916,0.69160000,33.31000000,0.685
1749254916,0.69170000,14.62000000,0.685
1749254916,0.69180000,14.61000000,0.685
1749254916,0.69190000,25.55000000,0.685
1749254916,0.69200000,85.82000000,0.685
1749254916,0.69210000,14.61000000,0.685
1749254916,0.69220000,1163.83000000,0.685
1749254916,0.69230000,14.60000000,0.685
1749254916,0.69240000,53.56000000,0.685
1749254916,0.69250000,88.70000000,0.685
1749254916,0.69260000,8.28000000,0.685
1749254916,0.69320000,7.83000000,0.685
1749254916,0.69380000,13550.14000000,0.685
1749254916,0.69390000,22515.58000000,0.685
1749254916,0.69400000,365.59000000,0.685
1749254916,0.69460000,113.68000000,0.685
1749254916,0.69470000,7561.91000000,0.685
1749254916,0.69500000,16987.47000000,0.685
1749254916,0.69520000,43.14000000,0.685
1749254916,0.69530000,215.71000000,0.685
1749254916,0.69540000,221.89000000,0.685
1749254916,0.69560000,9.34000000,0.685
1749254916,0.69570000,88.60000000,0.685
1749254916,0.69600000,26.62000000,0.685
1749254916,0.69660000,12.64000000,0.685
1749254916,0.69690000,7.83000000,0.685
1749254916,0.69770000,8.58000000,0.685
1749254916,0.69780000,1014.16000000,0.685
1749254916,0.69800000,38.46000000,0.685
1749254916,0.69830000,821.54000000,0.685
1749254916,0.69950000,20325.20000000,0.685
1749254916,0.69960000,8608.67000000,0.685
1749254916,0.70000000,188.42000000,0.685
1749254916,0.70070000,7.83000000,0.685
