timestamp,price,volume,current_price
1749258383,0.69200000,655.76000000,0.692
1749258383,0.69210000,940.59000000,0.692
1749258383,0.69220000,880.74000000,0.692
1749258383,0.69230000,478.17000000,0.692
1749258383,0.69240000,1559.74000000,0.692
1749258383,0.69250000,4471.49000000,0.692
1749258383,0.69260000,3753.91000000,0.692
1749258383,0.69270000,5048.16000000,0.692
1749258383,0.69280000,1455.94000000,0.692
1749258383,0.69290000,6011.15000000,0.692
1749258383,0.69300000,19856.73000000,0.692
1749258383,0.69310000,9955.63000000,0.692
1749258383,0.69320000,7508.17000000,0.692
1749258383,0.69330000,14309.68000000,0.692
1749258383,0.69340000,1121.42000000,0.692
1749258383,0.69350000,1660.90000000,0.692
1749258383,0.69360000,8654.44000000,0.692
1749258383,0.69370000,7958.52000000,0.692
1749258383,0.69380000,1614.68000000,0.692
1749258383,0.69390000,23982.90000000,0.692
1749258383,0.69400000,310.30000000,0.692
1749258383,0.69410000,543.04000000,0.692
1749258383,0.69420000,3296.97000000,0.692
1749258383,0.69430000,992.19000000,0.692
1749258383,0.69440000,7384.52000000,0.692
1749258383,0.69450000,523.27000000,0.692
1749258383,0.69460000,637.17000000,0.692
1749258383,0.69470000,2193.67000000,0.692
1749258383,0.69480000,14.55000000,0.692
1749258383,0.69490000,25.45000000,0.692
1749258383,0.69500000,1746.92000000,0.692
1749258383,0.69510000,14.54000000,0.692
1749258383,0.69520000,677.05000000,0.692
1749258383,0.69530000,14.54000000,0.692
1749258383,0.69540000,6409.56000000,0.692
1749258383,0.69550000,61.65000000,0.692
1749258383,0.69560000,23.87000000,0.692
1749258383,0.69570000,1916.65000000,0.692
1749258383,0.69580000,25.41000000,0.692
1749258383,0.69590000,6874.29000000,0.692
1749258383,0.69600000,2975.20000000,0.692
1749258383,0.69610000,25.40000000,0.692
1749258383,0.69620000,1095.77000000,0.692
1749258383,0.69630000,779.85000000,0.692
1749258383,0.69640000,25.39000000,0.692
1749258383,0.69650000,734.86000000,0.692
1749258383,0.69660000,1625.80000000,0.692
1749258383,0.69670000,25.38000000,0.692
1749258383,0.69680000,14.51000000,0.692
1749258383,0.69690000,22.34000000,0.692
1749258383,0.69700000,61.51000000,0.692
1749258383,0.69710000,14.50000000,0.692
1749258383,0.69720000,2193.62000000,0.692
1749258383,0.69730000,4429.94000000,0.692
1749258383,0.69740000,14.50000000,0.692
1749258383,0.69750000,14377.50000000,0.692
1749258383,0.69760000,25.34000000,0.692
1749258383,0.69770000,5806.96000000,0.692
1749258383,0.69780000,1467.24000000,0.692
1749258383,0.69790000,25.34000000,0.692
1749258383,0.69800000,52.95000000,0.692
1749258383,0.69810000,740.86000000,0.692
1749258383,0.69820000,25.33000000,0.692
1749258383,0.69830000,1526.56000000,0.692
1749258383,0.69840000,14.47000000,0.692
1749258383,0.69850000,504.66000000,0.692
1749258383,0.69860000,14.47000000,0.692
1749258383,0.69870000,1859.21000000,0.692
1749258383,0.69880000,25.30000000,0.692
1749258383,0.69890000,14.46000000,0.692
1749258383,0.69900000,14.46000000,0.692
1749258383,0.69910000,25.29000000,0.692
1749258383,0.69920000,14.46000000,0.692
1749258383,0.69930000,14.46000000,0.692
1749258383,0.69940000,25.27000000,0.692
1749258383,0.69950000,13560.91000000,0.692
1749258383,0.69960000,8608.67000000,0.692
1749258383,0.69970000,10.82000000,0.692
1749258383,0.70000000,206.16000000,0.692
1749258383,0.70070000,7.83000000,0.692
1749258383,0.70080000,8.58000000,0.692
1749258383,0.70120000,16.91000000,0.692
1749258383,0.70180000,478.34000000,0.692
1749258383,0.70190000,30487.81000000,0.692
1749258383,0.70200000,7529.22000000,0.692
1749258383,0.70250000,270.43000000,0.692
1749258383,0.70350000,1486.46000000,0.692
1749258383,0.70360000,1014.16000000,0.692
1749258383,0.70390000,8.58000000,0.692
1749258383,0.70400000,30.66000000,0.692
1749258383,0.70440000,7.83000000,0.692
1749258383,0.70460000,75.41000000,0.692
1749258383,0.70500000,10.39000000,0.692
1749258383,0.70600000,21.07000000,0.692
1749258383,0.70630000,578.66000000,0.692
1749258383,0.70680000,9.34000000,0.692
1749258383,0.70700000,264.19000000,0.692
1749258383,0.70710000,21.31000000,0.692
1749258383,0.70730000,1036.28000000,0.692
1749258383,0.70740000,84.04000000,0.692
1749258699,0.68750000,188.70000000,0.6875
1749258699,0.68760000,903.42000000,0.6875
1749258699,0.68770000,478.34000000,0.6875
1749258699,0.68780000,478.34000000,0.6875
1749258699,0.68790000,810.45000000,0.6875
1749258699,0.68800000,1314.45000000,0.6875
1749258699,0.68810000,1393.04000000,0.6875
1749258699,0.68820000,5658.06000000,0.6875
1749258699,0.68830000,4791.99000000,0.6875
1749258699,0.68840000,5239.97000000,0.6875
1749258699,0.68850000,4211.87000000,0.6875
1749258699,0.68860000,3708.62000000,0.6875
1749258699,0.68870000,1544.71000000,0.6875
1749258699,0.68880000,5516.05000000,0.6875
1749258699,0.68890000,8902.59000000,0.6875
1749258699,0.68900000,9033.38000000,0.6875
1749258699,0.68910000,8692.75000000,0.6875
1749258699,0.68920000,8795.46000000,0.6875
1749258699,0.68930000,4023.41000000,0.6875
1749258699,0.68940000,1905.03000000,0.6875
1749258699,0.68950000,2158.13000000,0.6875
1749258699,0.68960000,5550.23000000,0.6875
1749258699,0.68970000,2011.18000000,0.6875
1749258699,0.68980000,351.98000000,0.6875
1749258699,0.68990000,351.98000000,0.6875
1749258699,0.69000000,1815.65000000,0.6875
1749258699,0.69010000,1078.35000000,0.6875
1749258699,0.69020000,529.73000000,0.6875
1749258699,0.69030000,1815.65000000,0.6875
1749258699,0.69040000,14.48000000,0.6875
1749258699,0.69050000,184.52000000,0.6875
1749258699,0.69060000,349.12000000,0.6875
1749258699,0.69070000,3051.81000000,0.6875
1749258699,0.69080000,2124.21000000,0.6875
1749258699,0.69090000,25.39000000,0.6875
1749258699,0.69100000,14.47000000,0.6875
1749258699,0.69110000,1502.48000000,0.6875
1749258699,0.69120000,385.39000000,0.6875
1749258699,0.69130000,4549.63000000,0.6875
1749258699,0.69140000,1475.79000000,0.6875
1749258699,0.69150000,1531.32000000,0.6875
1749258699,0.69160000,3388.58000000,0.6875
1749258699,0.69170000,1690.25000000,0.6875
1749258699,0.69180000,7659.64000000,0.6875
1749258699,0.69190000,50.80000000,0.6875
1749258699,0.69200000,9386.25000000,0.6875
1749258699,0.69210000,25.37000000,0.6875
1749258699,0.69220000,14.44000000,0.6875
1749258699,0.69230000,2193.56000000,0.6875
1749258699,0.69240000,25.36000000,0.6875
1749258699,0.69250000,14.44000000,0.6875
1749258699,0.69260000,14.44000000,0.6875
1749258699,0.69270000,1478.11000000,0.6875
1749258699,0.69280000,14.44000000,0.6875
1749258699,0.69290000,64.79000000,0.6875
1749258699,0.69300000,1705.99000000,0.6875
1749258699,0.69310000,971.44000000,0.6875
1749258699,0.69320000,22.27000000,0.6875
1749258699,0.69330000,1478.09000000,0.6875
1749258699,0.69340000,4046.87000000,0.6875
1749258699,0.69350000,14.42000000,0.6875
1749258699,0.69360000,1478.08000000,0.6875
1749258699,0.69370000,14420.52000000,0.6875
1749258699,0.69380000,29.09000000,0.6875
1749258699,0.69390000,22541.06000000,0.6875
1749258699,0.69400000,263.34000000,0.6875
1749258699,0.69410000,50.93000000,0.6875
1749258699,0.69420000,303.26000000,0.6875
1749258699,0.69430000,736.52000000,0.6875
1749258699,0.69440000,736.52000000,0.6875
1749258699,0.69450000,14.56000000,0.6875
1749258699,0.69460000,556.37000000,0.6875
1749258699,0.69470000,921.11000000,0.6875
1749258699,0.69480000,742.86000000,0.6875
1749258699,0.69490000,493.89000000,0.6875
1749258699,0.69500000,13804.36000000,0.6875
1749258699,0.69510000,6614.04000000,0.6875
1749258699,0.69520000,50.82000000,0.6875
1749258699,0.69540000,945.53000000,0.6875
1749258699,0.69560000,9.34000000,0.6875
1749258699,0.69570000,88.60000000,0.6875
1749258699,0.69600000,1471.71000000,0.6875
1749258699,0.69630000,75.32000000,0.6875
1749258699,0.69660000,12.64000000,0.6875
1749258699,0.69690000,7.83000000,0.6875
1749258699,0.69710000,13550.14000000,0.6875
1749258699,0.69720000,8509.35000000,0.6875
1749258699,0.69740000,294.45000000,0.6875
1749258699,0.69770000,8.58000000,0.6875
1749258699,0.69800000,38.46000000,0.6875
1749258699,0.69830000,59.33000000,0.6875
1749258699,0.69850000,36.36000000,0.6875
1749258699,0.69950000,16937.67000000,0.6875
1749258699,0.69960000,8645.03000000,0.6875
1749258699,0.69970000,271.52000000,0.6875
1749258699,0.69990000,1014.16000000,0.6875
1749258699,0.70000000,188.42000000,0.6875
1749258699,0.70070000,7.83000000,0.6875
1749258699,0.70080000,8.58000000,0.6875
1749258699,0.70120000,16.91000000,0.6875
1749259000,0.68740000,1686.41000000,0.6874
1749259000,0.68750000,815.85000000,0.6874
1749259000,0.68760000,938.81000000,0.6874
1749259000,0.68770000,1949.48000000,0.6874
1749259000,0.68780000,2088.60000000,0.6874
1749259000,0.68790000,7766.19000000,0.6874
1749259000,0.68800000,2599.35000000,0.6874
1749259000,0.68810000,2916.10000000,0.6874
1749259000,0.68820000,6771.54000000,0.6874
1749259000,0.68830000,9303.27000000,0.6874
1749259000,0.68840000,6377.42000000,0.6874
1749259000,0.68850000,9310.22000000,0.6874
1749259000,0.68860000,4258.98000000,0.6874
1749259000,0.68870000,3342.03000000,0.6874
1749259000,0.68880000,1868.88000000,0.6874
1749259000,0.68890000,902.58000000,0.6874
1749259000,0.68900000,2237.90000000,0.6874
1749259000,0.68910000,5700.06000000,0.6874
1749259000,0.68920000,1003.02000000,0.6874
1749259000,0.68930000,3272.65000000,0.6874
1749259000,0.68940000,1826.58000000,0.6874
1749259000,0.68950000,632.01000000,0.6874
1749259000,0.68960000,4605.36000000,0.6874
1749259000,0.68970000,2010.42000000,0.6874
1749259000,0.68980000,1575.98000000,0.6874
1749259000,0.68990000,1221.82000000,0.6874
1749259000,0.69000000,5189.77000000,0.6874
1749259000,0.69010000,1078.35000000,0.6874
1749259000,0.69020000,529.73000000,0.6874
1749259000,0.69030000,1815.65000000,0.6874
1749259000,0.69040000,14.48000000,0.6874
1749259000,0.69050000,14.48000000,0.6874
1749259000,0.69060000,3729.95000000,0.6874
1749259000,0.69070000,2412.92000000,0.6874
1749259000,0.69080000,354.66000000,0.6874
1749259000,0.69090000,25.39000000,0.6874
1749259000,0.69100000,66.81000000,0.6874
1749259000,0.69110000,1467.22000000,0.6874
1749259000,0.69120000,25.39000000,0.6874
1749259000,0.69130000,1828.36000000,0.6874
1749259000,0.69140000,1475.79000000,0.6874
1749259000,0.69150000,25.38000000,0.6874
1749259000,0.69160000,14.46000000,0.6874
1749259000,0.69170000,1690.25000000,0.6874
1749259000,0.69180000,751.75000000,0.6874
1749259000,0.69190000,7811.28000000,0.6874
1749259000,0.69200000,1658.73000000,0.6874
1749259000,0.69210000,25.37000000,0.6874
1749259000,0.69220000,14.44000000,0.6874
1749259000,0.69230000,1467.19000000,0.6874
1749259000,0.69240000,25.36000000,0.6874
1749259000,0.69250000,825.55000000,0.6874
1749259000,0.69260000,151.71000000,0.6874
1749259000,0.69270000,2204.48000000,0.6874
1749259000,0.69280000,14.44000000,0.6874
1749259000,0.69290000,14.43000000,0.6874
1749259000,0.69300000,1705.99000000,0.6874
1749259000,0.69310000,12278.00000000,0.6874
1749259000,0.69320000,22.27000000,0.6874
1749259000,0.69330000,25.34000000,0.6874
1749259000,0.69340000,666.04000000,0.6874
1749259000,0.69350000,14.42000000,0.6874
1749259000,0.69360000,25.33000000,0.6874
1749259000,0.69370000,14.42000000,0.6874
1749259000,0.69380000,29.09000000,0.6874
1749259000,0.69390000,36942.69000000,0.6874
1749259000,0.69400000,263.34000000,0.6874
1749259000,0.69410000,50.93000000,0.6874
1749259000,0.69420000,1285.07000000,0.6874
1749259000,0.69430000,736.52000000,0.6874
1749259000,0.69440000,736.52000000,0.6874
1749259000,0.69450000,25.46000000,0.6874
1749259000,0.69460000,551.29000000,0.6874
1749259000,0.69470000,1066.63000000,0.6874
1749259000,0.69480000,756.53000000,0.6874
1749259000,0.69490000,493.90000000,0.6874
1749259000,0.69500000,243.36000000,0.6874
1749259000,0.69510000,2216.77000000,0.6874
1749259000,0.69520000,50.82000000,0.6874
1749259000,0.69540000,945.53000000,0.6874
1749259000,0.69560000,9.34000000,0.6874
1749259000,0.69570000,88.60000000,0.6874
1749259000,0.69600000,1471.71000000,0.6874
1749259000,0.69630000,75.32000000,0.6874
1749259000,0.69660000,285.35000000,0.6874
1749259000,0.69690000,7.83000000,0.6874
1749259000,0.69720000,7535.30000000,0.6874
1749259000,0.69740000,294.45000000,0.6874
1749259000,0.69770000,8.58000000,0.6874
1749259000,0.69800000,38.46000000,0.6874
1749259000,0.69820000,44034.27000000,0.6874
1749259000,0.69830000,59.33000000,0.6874
1749259000,0.69850000,36.36000000,0.6874
1749259000,0.69960000,8645.04000000,0.6874
1749259000,0.69990000,1014.16000000,0.6874
1749259000,0.70000000,206.16000000,0.6874
1749259000,0.70070000,7.83000000,0.6874
1749259000,0.70080000,8.58000000,0.6874
1749259000,0.70120000,16.91000000,0.6874
1749259000,0.70180000,221.89000000,0.6874
