timestamp,price,volume,current_price
1749258261,4.66700000,793.05000000,4.666
1749258261,4.66800000,1281.60000000,4.666
1749258261,4.66900000,1746.95000000,4.666
1749258261,4.67000000,1727.75000000,4.666
1749258261,4.67100000,2509.70000000,4.666
1749258261,4.67200000,2939.58000000,4.666
1749258261,4.67300000,1935.26000000,4.666
1749258261,4.67400000,2740.83000000,4.666
1749258261,4.67500000,2308.03000000,4.666
1749258261,4.67600000,2892.32000000,4.666
1749258261,4.67700000,3756.83000000,4.666
1749258261,4.67800000,703.13000000,4.666
1749258261,4.67900000,480.88000000,4.666
1749258261,4.68000000,581.71000000,4.666
1749258261,4.68100000,221.86000000,4.666
1749258261,4.68200000,3393.97000000,4.666
1749258261,4.68300000,145.69000000,4.666
1749258261,4.68400000,448.90000000,4.666
1749258261,4.68500000,3746.65000000,4.666
1749258261,4.68600000,367.95000000,4.666
1749258261,4.68700000,276.02000000,4.666
1749258261,4.68800000,4917.56000000,4.666
1749258261,4.68900000,171.84000000,4.666
1749258261,4.69000000,173.94000000,4.666
1749258261,4.69100000,138.42000000,4.666
1749258261,4.69200000,366.42000000,4.666
1749258261,4.69300000,116.29000000,4.666
1749258261,4.69400000,5.09000000,4.666
1749258261,4.69500000,52.75000000,4.666
1749258261,4.69600000,251.27000000,4.666
1749258261,4.69700000,5.94000000,4.666
1749258261,4.69800000,73.12000000,4.666
1749258261,4.69900000,88.62000000,4.666
1749258261,4.70000000,727.12000000,4.666
1749258261,4.70100000,50.06000000,4.666
1749258261,4.70200000,26.35000000,4.666
1749258261,4.70300000,54.90000000,4.666
1749258261,4.70400000,1286.93000000,4.666
1749258261,4.70500000,30.39000000,4.666
1749258261,4.70600000,21264.54000000,4.666
1749258261,4.70700000,60.62000000,4.666
1749258261,4.70800000,27.67000000,4.666
1749258261,4.70900000,3.77000000,4.666
1749258261,4.71000000,97.06000000,4.666
1749258261,4.71100000,6.30000000,4.666
1749258261,4.71200000,3.33000000,4.666
1749258261,4.71300000,3.77000000,4.666
1749258261,4.71400000,5.23000000,4.666
1749258261,4.71500000,3.76000000,4.666
1749258261,4.71600000,6.09000000,4.666
1749258261,4.71700000,2.16000000,4.666
1749258261,4.71800000,3.22000000,4.666
1749258261,4.71900000,2.16000000,4.666
1749258261,4.72000000,7.95000000,4.666
1749258261,4.72100000,2.16000000,4.666
1749258261,4.72200000,2.16000000,4.666
1749258261,4.72300000,324.17000000,4.666
1749258261,4.72400000,998.65000000,4.666
1749258261,4.72500000,2.16000000,4.666
1749258261,4.72600000,2.16000000,4.666
1749258261,4.72700000,5.95000000,4.666
1749258261,4.72800000,2.16000000,4.666
1749258261,4.72900000,42.08000000,4.666
1749258261,4.73000000,125.45000000,4.666
1749258261,4.73100000,2.15000000,4.666
1749258261,4.73200000,8.47000000,4.666
1749258261,4.73300000,9.68000000,4.666
1749258261,4.73400000,3.50000000,4.666
1749258261,4.73500000,2.15000000,4.666
1749258261,4.73600000,3.75000000,4.666
1749258261,4.73700000,8.85000000,4.666
1749258261,4.73800000,58.03000000,4.666
1749258261,4.73900000,2.15000000,4.666
1749258261,4.74000000,44.93000000,4.666
1749258261,4.74100000,2.15000000,4.666
1749258261,4.74200000,2.15000000,4.666
1749258261,4.74300000,19.82000000,4.666
1749258261,4.74400000,3.88000000,4.666
1749258261,4.74500000,33.12000000,4.666
1749258261,4.74900000,17.32000000,4.666
1749258261,4.75000000,185.06000000,4.666
1749258261,4.75200000,19.54000000,4.666
1749258261,4.75300000,36524.69000000,4.666
1749258261,4.75400000,1441.10000000,4.666
1749258261,4.75500000,63.56000000,4.666
1749258261,4.75600000,1.60000000,4.666
1749258261,4.75700000,1.12000000,4.666
1749258261,4.75800000,1.18000000,4.666
1749258261,4.75900000,1.23000000,4.666
1749258261,4.76000000,20.85000000,4.666
1749258261,4.76100000,9.61000000,4.666
1749258261,4.76300000,1.68000000,4.666
1749258261,4.76400000,4.00000000,4.666
1749258261,4.76500000,2.19000000,4.666
1749258261,4.76600000,250.00000000,4.666
1749258261,4.76700000,3.07000000,4.666
1749258261,4.76900000,2.06000000,4.666
1749258261,4.77000000,7.38000000,4.666
1749258261,4.77200000,1.83000000,4.666
1749258261,4.77300000,29.82000000,4.666
1749258574,4.67500000,119.32000000,4.674
1749258574,4.67600000,831.12000000,4.674
1749258574,4.67700000,671.15000000,4.674
1749258574,4.67800000,1386.74000000,4.674
1749258574,4.67900000,2477.37000000,4.674
1749258574,4.68000000,1274.89000000,4.674
1749258574,4.68100000,1688.09000000,4.674
1749258574,4.68200000,1610.11000000,4.674
1749258574,4.68300000,1784.10000000,4.674
1749258574,4.68400000,2401.56000000,4.674
1749258574,4.68500000,1090.43000000,4.674
1749258574,4.68600000,407.90000000,4.674
1749258574,4.68700000,6678.13000000,4.674
1749258574,4.68800000,3278.06000000,4.674
1749258574,4.68900000,258.09000000,4.674
1749258574,4.69000000,396.43000000,4.674
1749258574,4.69100000,181.72000000,4.674
1749258574,4.69200000,361.06000000,4.674
1749258574,4.69300000,4728.27000000,4.674
1749258574,4.69400000,162.07000000,4.674
1749258574,4.69500000,159.89000000,4.674
1749258574,4.69600000,363.77000000,4.674
1749258574,4.69700000,140.57000000,4.674
1749258574,4.69800000,180.26000000,4.674
1749258574,4.69900000,201.12000000,4.674
1749258574,4.70000000,483.85000000,4.674
1749258574,4.70100000,179.41000000,4.674
1749258574,4.70200000,247.20000000,4.674
1749258574,4.70300000,276.21000000,4.674
1749258574,4.70400000,53.52000000,4.674
1749258574,4.70500000,396.83000000,4.674
1749258574,4.70600000,32.14000000,4.674
1749258574,4.70700000,1474.00000000,4.674
1749258574,4.70800000,27.67000000,4.674
1749258574,4.70900000,3.77000000,4.674
1749258574,4.71000000,97.06000000,4.674
1749258574,4.71100000,249.00000000,4.674
1749258574,4.71200000,999.05000000,4.674
1749258574,4.71300000,20800.64000000,4.674
1749258574,4.71400000,5.23000000,4.674
1749258574,4.71500000,5.37000000,4.674
1749258574,4.71600000,7.26000000,4.674
1749258574,4.71700000,3.77000000,4.674
1749258574,4.71800000,3.22000000,4.674
1749258574,4.71900000,2.16000000,4.674
1749258574,4.72000000,7.95000000,4.674
1749258574,4.72100000,2.16000000,4.674
1749258574,4.72200000,2.16000000,4.674
1749258574,4.72300000,324.17000000,4.674
1749258574,4.72400000,60.85000000,4.674
1749258574,4.72500000,2.16000000,4.674
1749258574,4.72600000,203.43000000,4.674
1749258574,4.72700000,5.95000000,4.674
1749258574,4.72800000,2.16000000,4.674
1749258574,4.72900000,42.08000000,4.674
1749258574,4.73000000,15.13000000,4.674
1749258574,4.73100000,2.15000000,4.674
1749258574,4.73200000,8.47000000,4.674
1749258574,4.73300000,9.68000000,4.674
1749258574,4.73400000,3.50000000,4.674
1749258574,4.73500000,2.15000000,4.674
1749258574,4.73600000,3.75000000,4.674
1749258574,4.73700000,8.85000000,4.674
1749258574,4.73800000,58.03000000,4.674
1749258574,4.73900000,2.15000000,4.674
1749258574,4.74000000,44.93000000,4.674
1749258574,4.74100000,2.15000000,4.674
1749258574,4.74200000,2.15000000,4.674
1749258574,4.74300000,21.97000000,4.674
1749258574,4.74400000,6.03000000,4.674
1749258574,4.74500000,35.27000000,4.674
1749258574,4.74600000,2.15000000,4.674
1749258574,4.74700000,2.15000000,4.674
1749258574,4.74800000,2.15000000,4.674
1749258574,4.74900000,19.47000000,4.674
1749258574,4.75000000,187.21000000,4.674
1749258574,4.75200000,7.71000000,4.674
1749258574,4.75400000,1441.10000000,4.674
1749258574,4.75500000,63.56000000,4.674
1749258574,4.75600000,1.60000000,4.674
1749258574,4.75700000,1.12000000,4.674
1749258574,4.75800000,13.01000000,4.674
1749258574,4.75900000,1.23000000,4.674
1749258574,4.76000000,20.85000000,4.674
1749258574,4.76100000,36828.89000000,4.674
1749258574,4.76300000,1.68000000,4.674
1749258574,4.76400000,4.00000000,4.674
1749258574,4.76500000,2.19000000,4.674
1749258574,4.76600000,250.00000000,4.674
1749258574,4.76700000,3.07000000,4.674
1749258574,4.76900000,2.06000000,4.674
1749258574,4.77000000,7.38000000,4.674
1749258574,4.77200000,1.83000000,4.674
1749258574,4.77300000,29.82000000,4.674
1749258574,4.77400000,209.39000000,4.674
1749258574,4.77500000,4.68000000,4.674
1749258574,4.77600000,4.92000000,4.674
1749258574,4.77700000,1360.72000000,4.674
1749258574,4.78000000,205.26000000,4.674
1749258574,4.78100000,5.11000000,4.674
1749258889,4.67800000,737.71000000,4.678
1749258889,4.67900000,1840.09000000,4.678
1749258889,4.68000000,2362.38000000,4.678
1749258889,4.68100000,890.04000000,4.678
1749258889,4.68200000,1564.03000000,4.678
1749258889,4.68300000,3938.62000000,4.678
1749258889,4.68400000,2076.96000000,4.678
1749258889,4.68500000,3063.65000000,4.678
1749258889,4.68600000,1592.43000000,4.678
1749258889,4.68700000,2044.64000000,4.678
1749258889,4.68800000,2649.70000000,4.678
1749258889,4.68900000,543.77000000,4.678
1749258889,4.69000000,398.04000000,4.678
1749258889,4.69100000,3070.18000000,4.678
1749258889,4.69200000,898.50000000,4.678
1749258889,4.69300000,3694.18000000,4.678
1749258889,4.69400000,162.07000000,4.678
1749258889,4.69500000,3143.11000000,4.678
1749258889,4.69600000,369.11000000,4.678
1749258889,4.69700000,294.53000000,4.678
1749258889,4.69800000,181.44000000,4.678
1749258889,4.69900000,201.12000000,4.678
1749258889,4.70000000,527.15000000,4.678
1749258889,4.70100000,4594.42000000,4.678
1749258889,4.70200000,183.33000000,4.678
1749258889,4.70300000,432.01000000,4.678
1749258889,4.70400000,171.36000000,4.678
1749258889,4.70500000,30.39000000,4.678
1749258889,4.70600000,187.94000000,4.678
1749258889,4.70700000,1474.00000000,4.678
1749258889,4.70800000,138.77000000,4.678
1749258889,4.70900000,47.07000000,4.678
1749258889,4.71000000,97.06000000,4.678
1749258889,4.71100000,249.00000000,4.678
1749258889,4.71200000,1004.39000000,4.678
1749258889,4.71300000,3.77000000,4.678
1749258889,4.71400000,26.60000000,4.678
1749258889,4.71500000,576.98000000,4.678
1749258889,4.71600000,7.26000000,4.678
1749258889,4.71700000,3.77000000,4.678
1749258889,4.71800000,3.22000000,4.678
1749258889,4.71900000,20516.43000000,4.678
1749258889,4.72000000,14.46000000,4.678
1749258889,4.72100000,3.77000000,4.678
1749258889,4.72200000,43.09000000,4.678
1749258889,4.72300000,324.17000000,4.678
1749258889,4.72400000,60.85000000,4.678
1749258889,4.72500000,2.16000000,4.678
1749258889,4.72600000,2.16000000,4.678
1749258889,4.72700000,7.01000000,4.678
1749258889,4.72800000,7.50000000,4.678
1749258889,4.72900000,42.08000000,4.678
1749258889,4.73000000,15.13000000,4.678
1749258889,4.73100000,2.15000000,4.678
1749258889,4.73200000,8.47000000,4.678
1749258889,4.73300000,9.68000000,4.678
1749258889,4.73400000,3.50000000,4.678
1749258889,4.73500000,2.15000000,4.678
1749258889,4.73600000,9.09000000,4.678
1749258889,4.73700000,8.85000000,4.678
1749258889,4.73800000,358.50000000,4.678
1749258889,4.73900000,2.15000000,4.678
1749258889,4.74000000,44.93000000,4.678
1749258889,4.74100000,2.15000000,4.678
1749258889,4.74200000,2.15000000,4.678
1749258889,4.74300000,21.97000000,4.678
1749258889,4.74400000,11.37000000,4.678
1749258889,4.74500000,35.27000000,4.678
1749258889,4.74600000,2.15000000,4.678
1749258889,4.74700000,2.15000000,4.678
1749258889,4.74800000,2.15000000,4.678
1749258889,4.74900000,19.47000000,4.678
1749258889,4.75000000,197.72000000,4.678
1749258889,4.75100000,2.14000000,4.678
1749258889,4.75200000,15.19000000,4.678
1749258889,4.75300000,2.14000000,4.678
1749258889,4.75400000,1441.10000000,4.678
1749258889,4.75500000,63.56000000,4.678
1749258889,4.75600000,1.60000000,4.678
1749258889,4.75700000,1.12000000,4.678
1749258889,4.75800000,13.01000000,4.678
1749258889,4.75900000,1.23000000,4.678
1749258889,4.76000000,16.91000000,4.678
1749258889,4.76100000,9.61000000,4.678
1749258889,4.76300000,1.68000000,4.678
1749258889,4.76400000,4.00000000,4.678
1749258889,4.76500000,2.19000000,4.678
1749258889,4.76600000,250.00000000,4.678
1749258889,4.76700000,36104.76000000,4.678
1749258889,4.76900000,2.06000000,4.678
1749258889,4.77000000,7.38000000,4.678
1749258889,4.77200000,11.11000000,4.678
1749258889,4.77300000,29.82000000,4.678
1749258889,4.77400000,209.39000000,4.678
1749258889,4.77500000,4.68000000,4.678
1749258889,4.77600000,4.92000000,4.678
1749258889,4.77700000,1360.72000000,4.678
1749258889,4.78000000,205.26000000,4.678
1749258889,4.78100000,5.11000000,4.678
1749258889,4.78300000,4.69000000,4.678
1749259191,4.67100000,128.65000000,4.671
1749259191,4.67200000,1647.39000000,4.671
1749259191,4.67300000,735.70000000,4.671
1749259191,4.67400000,1751.32000000,4.671
1749259191,4.67500000,4584.41000000,4.671
1749259191,4.67600000,2024.80000000,4.671
1749259191,4.67700000,1987.81000000,4.671
1749259191,4.67800000,2511.80000000,4.671
1749259191,4.67900000,1601.33000000,4.671
1749259191,4.68000000,3343.11000000,4.671
1749259191,4.68100000,526.60000000,4.671
1749259191,4.68200000,494.95000000,4.671
1749259191,4.68300000,733.14000000,4.671
1749259191,4.68400000,913.65000000,4.671
1749259191,4.68500000,170.77000000,4.671
1749259191,4.68600000,2979.77000000,4.671
1749259191,4.68700000,3705.32000000,4.671
1749259191,4.68800000,365.17000000,4.671
1749259191,4.68900000,160.62000000,4.671
1749259191,4.69000000,3320.24000000,4.671
1749259191,4.69100000,138.42000000,4.671
1749259191,4.69200000,4867.18000000,4.671
1749259191,4.69300000,181.72000000,4.671
1749259191,4.69400000,117.59000000,4.671
1749259191,4.69500000,577.77000000,4.671
1749259191,4.69600000,412.41000000,4.671
1749259191,4.69700000,145.92000000,4.671
1749259191,4.69800000,180.26000000,4.671
1749259191,4.69900000,205.98000000,4.671
1749259191,4.70000000,1553.59000000,4.671
1749259191,4.70100000,3.78000000,4.671
1749259191,4.70200000,69.65000000,4.671
1749259191,4.70300000,276.21000000,4.671
1749259191,4.70400000,8.68000000,4.671
1749259191,4.70500000,30.39000000,4.671
1749259191,4.70600000,32.14000000,4.671
1749259191,4.70700000,1474.00000000,4.671
1749259191,4.70800000,27.67000000,4.671
1749259191,4.70900000,3.77000000,4.671
1749259191,4.71000000,20451.89000000,4.671
1749259191,4.71100000,249.00000000,4.671
1749259191,4.71200000,8.67000000,4.671
1749259191,4.71300000,3.77000000,4.671
1749259191,4.71400000,26.60000000,4.671
1749259191,4.71500000,226.68000000,4.671
1749259191,4.71600000,6.09000000,4.671
1749259191,4.71700000,3.77000000,4.671
1749259191,4.71800000,3.22000000,4.671
1749259191,4.71900000,3.77000000,4.671
1749259191,4.72000000,13.29000000,4.671
1749259191,4.72100000,3.77000000,4.671
1749259191,4.72200000,43.09000000,4.671
1749259191,4.72300000,324.17000000,4.671
1749259191,4.72400000,263.17000000,4.671
1749259191,4.72500000,2.16000000,4.671
1749259191,4.72600000,2.16000000,4.671
1749259191,4.72700000,7.01000000,4.671
1749259191,4.72800000,7.50000000,4.671
1749259191,4.72900000,42.08000000,4.671
1749259191,4.73000000,15.13000000,4.671
1749259191,4.73100000,2.15000000,4.671
1749259191,4.73200000,8.47000000,4.671
1749259191,4.73300000,9.68000000,4.671
1749259191,4.73400000,3.50000000,4.671
1749259191,4.73500000,2.15000000,4.671
1749259191,4.73600000,9.09000000,4.671
1749259191,4.73700000,8.85000000,4.671
1749259191,4.73800000,166.91000000,4.671
1749259191,4.73900000,2.15000000,4.671
1749259191,4.74000000,44.93000000,4.671
1749259191,4.74100000,2.15000000,4.671
1749259191,4.74200000,2.15000000,4.671
1749259191,4.74300000,21.97000000,4.671
1749259191,4.74400000,11.38000000,4.671
1749259191,4.74500000,35.27000000,4.671
1749259191,4.74600000,2.15000000,4.671
1749259191,4.74900000,17.32000000,4.671
1749259191,4.75000000,185.06000000,4.671
1749259191,4.75200000,7.71000000,4.671
1749259191,4.75400000,1441.10000000,4.671
1749259191,4.75500000,63.56000000,4.671
1749259191,4.75600000,1.60000000,4.671
1749259191,4.75700000,1.12000000,4.671
1749259191,4.75800000,36518.49000000,4.671
1749259191,4.75900000,1.23000000,4.671
1749259191,4.76000000,20.85000000,4.671
1749259191,4.76100000,9.61000000,4.671
1749259191,4.76300000,1.68000000,4.671
1749259191,4.76400000,4.00000000,4.671
1749259191,4.76500000,2.19000000,4.671
1749259191,4.76600000,250.00000000,4.671
1749259191,4.76700000,3.07000000,4.671
1749259191,4.76900000,2.06000000,4.671
1749259191,4.77000000,7.38000000,4.671
1749259191,4.77200000,1.83000000,4.671
1749259191,4.77300000,29.82000000,4.671
1749259191,4.77400000,209.39000000,4.671
1749259191,4.77500000,4.68000000,4.671
1749259191,4.77600000,4.92000000,4.671
1749259191,4.77700000,1360.72000000,4.671
