timestamp,price,volume,current_price
1749260684,4.65100000,387.60000000,4.65
1749260684,4.65200000,2218.43000000,4.65
1749260684,4.65300000,935.17000000,4.65
1749260684,4.65400000,2114.83000000,4.65
1749260684,4.65500000,3795.47000000,4.65
1749260684,4.65600000,2570.84000000,4.65
1749260684,4.65700000,2479.58000000,4.65
1749260684,4.65800000,4601.89000000,4.65
1749260684,4.65900000,3660.73000000,4.65
1749260684,4.66000000,1387.83000000,4.65
1749260684,4.66100000,841.84000000,4.65
1749260684,4.66200000,1825.80000000,4.65
1749260684,4.66300000,3495.86000000,4.65
1749260684,4.66400000,292.85000000,4.65
1749260684,4.66500000,571.21000000,4.65
1749260684,4.66600000,138.89000000,4.65
1749260684,4.66700000,513.66000000,4.65
1749260684,4.66800000,6552.43000000,4.65
1749260684,4.66900000,398.21000000,4.65
1749260684,4.67000000,159.13000000,4.65
1749260684,4.67100000,270.47000000,4.65
1749260684,4.67200000,747.64000000,4.65
1749260684,4.67300000,4710.98000000,4.65
1749260684,4.67400000,432.45000000,4.65
1749260684,4.67500000,198.23000000,4.65
1749260684,4.67600000,358.52000000,4.65
1749260684,4.67700000,271.38000000,4.65
1749260684,4.67800000,354.22000000,4.65
1749260684,4.67900000,137.15000000,4.65
1749260684,4.68000000,388.77000000,4.65
1749260684,4.68100000,120.10000000,4.65
1749260684,4.68200000,224.59000000,4.65
1749260684,4.68300000,49.18000000,4.65
1749260684,4.68400000,241.76000000,4.65
1749260684,4.68500000,27.13000000,4.65
1749260684,4.68600000,248.90000000,4.65
1749260684,4.68700000,1200.21000000,4.65
1749260684,4.68800000,21081.43000000,4.65
1749260684,4.68900000,3.79000000,4.65
1749260684,4.69000000,61.44000000,4.65
1749260684,4.69100000,3.79000000,4.65
1749260684,4.69200000,43.74000000,4.65
1749260684,4.69300000,3.79000000,4.65
1749260684,4.69400000,7.22000000,4.65
1749260684,4.69500000,25.26000000,4.65
1749260684,4.69600000,28.78000000,4.65
1749260684,4.69700000,46.87000000,4.65
1749260684,4.69800000,2.17000000,4.65
1749260684,4.69900000,44.54000000,4.65
1749260684,4.70000000,167.31000000,4.65
1749260684,4.70100000,3.78000000,4.65
1749260684,4.70200000,26.35000000,4.65
1749260684,4.70300000,32.77000000,4.65
1749260684,4.70400000,2.17000000,4.65
1749260684,4.70500000,30.39000000,4.65
1749260684,4.70600000,48.16000000,4.65
1749260684,4.70700000,5.23000000,4.65
1749260684,4.70800000,26.50000000,4.65
1749260684,4.70900000,3.77000000,4.65
1749260684,4.71000000,206.10000000,4.65
1749260684,4.71100000,43.71000000,4.65
1749260684,4.71200000,203.73000000,4.65
1749260684,4.71300000,3.77000000,4.65
1749260684,4.71400000,26.60000000,4.65
1749260684,4.71500000,5.37000000,4.65
1749260684,4.71600000,6.09000000,4.65
1749260684,4.71700000,3.77000000,4.65
1749260684,4.71800000,17.39000000,4.65
1749260684,4.71900000,3.77000000,4.65
1749260684,4.72000000,18.27000000,4.65
1749260684,4.72100000,3.77000000,4.65
1749260684,4.72200000,2.16000000,4.65
1749260684,4.72300000,324.17000000,4.65
1749260684,4.72400000,5.46000000,4.65
1749260684,4.72500000,12.68000000,4.65
1749260684,4.72600000,2.16000000,4.65
1749260684,4.72700000,20.88000000,4.65
1749260684,4.72900000,39.93000000,4.65
1749260684,4.73000000,1452.30000000,4.65
1749260684,4.73200000,6.32000000,4.65
1749260684,4.73300000,7.53000000,4.65
1749260684,4.73400000,25.13000000,4.65
1749260684,4.73500000,36949.51000000,4.65
1749260684,4.73600000,1.60000000,4.65
1749260684,4.73700000,6.70000000,4.65
1749260684,4.73800000,45.36000000,4.65
1749260684,4.74000000,42.78000000,4.65
1749260684,4.74300000,19.82000000,4.65
1749260684,4.74400000,3.88000000,4.65
1749260684,4.74500000,22.80000000,4.65
1749260684,4.74800000,18.89000000,4.65
1749260684,4.74900000,213.08000000,4.65
1749260684,4.75000000,214.88000000,4.65
1749260684,4.75200000,7.71000000,4.65
1749260684,4.75300000,1357.27000000,4.65
1749260684,4.75400000,1.78000000,4.65
1749260684,4.75500000,312.10000000,4.65
1749260684,4.75600000,1.60000000,4.65
1749260684,4.75700000,1.12000000,4.65
1749260684,4.75800000,1.18000000,4.65
1749261003,4.65700000,456.88000000,4.656
1749261003,4.65800000,1566.21000000,4.656
1749261003,4.65900000,2318.41000000,4.656
1749261003,4.66000000,2122.36000000,4.656
1749261003,4.66100000,3647.99000000,4.656
1749261003,4.66200000,2650.25000000,4.656
1749261003,4.66300000,2614.31000000,4.656
1749261003,4.66400000,3316.66000000,4.656
1749261003,4.66500000,2538.51000000,4.656
1749261003,4.66600000,1104.04000000,4.656
1749261003,4.66700000,1020.82000000,4.656
1749261003,4.66800000,670.46000000,4.656
1749261003,4.66900000,3947.95000000,4.656
1749261003,4.67000000,3627.50000000,4.656
1749261003,4.67100000,281.09000000,4.656
1749261003,4.67200000,338.75000000,4.656
1749261003,4.67300000,1210.34000000,4.656
1749261003,4.67400000,3358.17000000,4.656
1749261003,4.67500000,159.79000000,4.656
1749261003,4.67600000,401.82000000,4.656
1749261003,4.67700000,138.38000000,4.656
1749261003,4.67800000,464.88000000,4.656
1749261003,4.67900000,181.48000000,4.656
1749261003,4.68000000,388.77000000,4.656
1749261003,4.68100000,232.60000000,4.656
1749261003,4.68200000,4671.23000000,4.656
1749261003,4.68300000,271.10000000,4.656
1749261003,4.68400000,755.45000000,4.656
1749261003,4.68500000,27.13000000,4.656
1749261003,4.68600000,426.99000000,4.656
1749261003,4.68700000,69.17000000,4.656
1749261003,4.68800000,26.02000000,4.656
1749261003,4.68900000,1491.30000000,4.656
1749261003,4.69000000,61.44000000,4.656
1749261003,4.69100000,3.79000000,4.656
1749261003,4.69200000,43.74000000,4.656
1749261003,4.69300000,3.79000000,4.656
1749261003,4.69400000,21208.51000000,4.656
1749261003,4.69500000,25.26000000,4.656
1749261003,4.69600000,29.96000000,4.656
1749261003,4.69700000,46.87000000,4.656
1749261003,4.69800000,2.17000000,4.656
1749261003,4.69900000,44.54000000,4.656
1749261003,4.70000000,168.49000000,4.656
1749261003,4.70100000,3.78000000,4.656
1749261003,4.70200000,26.35000000,4.656
1749261003,4.70300000,32.77000000,4.656
1749261003,4.70400000,2.17000000,4.656
1749261003,4.70500000,30.39000000,4.656
1749261003,4.70600000,48.16000000,4.656
1749261003,4.70700000,5.23000000,4.656
1749261003,4.70800000,26.50000000,4.656
1749261003,4.70900000,3.77000000,4.656
1749261003,4.71000000,97.06000000,4.656
1749261003,4.71100000,43.71000000,4.656
1749261003,4.71200000,203.73000000,4.656
1749261003,4.71300000,3.77000000,4.656
1749261003,4.71400000,26.60000000,4.656
1749261003,4.71500000,5.37000000,4.656
1749261003,4.71600000,6.09000000,4.656
1749261003,4.71700000,3.77000000,4.656
1749261003,4.71800000,17.39000000,4.656
1749261003,4.71900000,3.77000000,4.656
1749261003,4.72000000,7.95000000,4.656
1749261003,4.72100000,3.77000000,4.656
1749261003,4.72200000,2.16000000,4.656
1749261003,4.72300000,434.50000000,4.656
1749261003,4.72400000,5.46000000,4.656
1749261003,4.72500000,12.68000000,4.656
1749261003,4.72600000,2.16000000,4.656
1749261003,4.72700000,23.04000000,4.656
1749261003,4.72800000,2.16000000,4.656
1749261003,4.72900000,42.08000000,4.656
1749261003,4.73000000,15.13000000,4.656
1749261003,4.73100000,2.15000000,4.656
1749261003,4.73200000,8.47000000,4.656
1749261003,4.73300000,17.85000000,4.656
1749261003,4.73400000,13.18000000,4.656
1749261003,4.73600000,1.60000000,4.656
1749261003,4.73700000,6.70000000,4.656
1749261003,4.73800000,45.36000000,4.656
1749261003,4.74000000,54.73000000,4.656
1749261003,4.74100000,36464.07000000,4.656
1749261003,4.74200000,1439.32000000,4.656
1749261003,4.74300000,19.82000000,4.656
1749261003,4.74400000,3.88000000,4.656
1749261003,4.74500000,22.80000000,4.656
1749261003,4.74800000,18.89000000,4.656
1749261003,4.74900000,5.37000000,4.656
1749261003,4.75000000,214.88000000,4.656
1749261003,4.75200000,7.71000000,4.656
1749261003,4.75400000,1.78000000,4.656
1749261003,4.75500000,63.56000000,4.656
1749261003,4.75600000,1.60000000,4.656
1749261003,4.75700000,1.12000000,4.656
1749261003,4.75800000,1.18000000,4.656
1749261003,4.75900000,1.23000000,4.656
1749261003,4.76000000,11.57000000,4.656
1749261003,4.76100000,207.71000000,4.656
1749261003,4.76300000,1.68000000,4.656
1749261304,4.65400000,444.80000000,4.653
1749261304,4.65500000,1612.93000000,4.653
1749261304,4.65600000,1665.84000000,4.653
1749261304,4.65700000,2448.84000000,4.653
1749261304,4.65800000,2356.65000000,4.653
1749261304,4.65900000,3228.55000000,4.653
1749261304,4.66000000,2058.65000000,4.653
1749261304,4.66100000,2572.42000000,4.653
1749261304,4.66200000,2807.70000000,4.653
1749261304,4.66300000,934.21000000,4.653
1749261304,4.66400000,1019.12000000,4.653
1749261304,4.66500000,1635.86000000,4.653
1749261304,4.66600000,499.05000000,4.653
1749261304,4.66700000,622.91000000,4.653
1749261304,4.66800000,661.58000000,4.653
1749261304,4.66900000,3139.22000000,4.653
1749261304,4.67000000,3627.50000000,4.653
1749261304,4.67100000,3158.28000000,4.653
1749261304,4.67200000,338.75000000,4.653
1749261304,4.67300000,1167.04000000,4.653
1749261304,4.67400000,473.79000000,4.653
1749261304,4.67500000,159.79000000,4.653
1749261304,4.67600000,358.52000000,4.653
1749261304,4.67700000,138.38000000,4.653
1749261304,4.67800000,354.22000000,4.653
1749261304,4.67900000,181.48000000,4.653
1749261304,4.68000000,388.77000000,4.653
1749261304,4.68100000,643.10000000,4.653
1749261304,4.68200000,4671.23000000,4.653
1749261304,4.68300000,158.60000000,4.653
1749261304,4.68400000,241.76000000,4.653
1749261304,4.68500000,27.13000000,4.653
1749261304,4.68600000,314.49000000,4.653
1749261304,4.68700000,69.17000000,4.653
1749261304,4.68800000,26.02000000,4.653
1749261304,4.68900000,1491.30000000,4.653
1749261304,4.69000000,61.44000000,4.653
1749261304,4.69100000,3.79000000,4.653
1749261304,4.69200000,43.74000000,4.653
1749261304,4.69300000,3.79000000,4.653
1749261304,4.69400000,20706.31000000,4.653
1749261304,4.69500000,25.26000000,4.653
1749261304,4.69600000,29.96000000,4.653
1749261304,4.69700000,46.87000000,4.653
1749261304,4.69800000,2.17000000,4.653
1749261304,4.69900000,44.54000000,4.653
1749261304,4.70000000,168.49000000,4.653
1749261304,4.70100000,3.78000000,4.653
1749261304,4.70200000,26.35000000,4.653
1749261304,4.70300000,32.77000000,4.653
1749261304,4.70400000,2.17000000,4.653
1749261304,4.70500000,30.39000000,4.653
1749261304,4.70600000,48.16000000,4.653
1749261304,4.70700000,5.23000000,4.653
1749261304,4.70800000,26.50000000,4.653
1749261304,4.70900000,3.77000000,4.653
1749261304,4.71000000,97.06000000,4.653
1749261304,4.71100000,43.71000000,4.653
1749261304,4.71200000,203.73000000,4.653
1749261304,4.71300000,3.77000000,4.653
1749261304,4.71400000,26.60000000,4.653
1749261304,4.71500000,5.37000000,4.653
1749261304,4.71600000,6.09000000,4.653
1749261304,4.71700000,3.77000000,4.653
1749261304,4.71800000,17.39000000,4.653
1749261304,4.71900000,3.77000000,4.653
1749261304,4.72000000,7.95000000,4.653
1749261304,4.72100000,3.77000000,4.653
1749261304,4.72200000,2.16000000,4.653
1749261304,4.72300000,434.50000000,4.653
1749261304,4.72400000,5.46000000,4.653
1749261304,4.72500000,12.68000000,4.653
1749261304,4.72600000,2.16000000,4.653
1749261304,4.72700000,23.04000000,4.653
1749261304,4.72800000,2.16000000,4.653
1749261304,4.72900000,42.08000000,4.653
1749261304,4.73000000,12.98000000,4.653
1749261304,4.73200000,6.32000000,4.653
1749261304,4.73300000,17.85000000,4.653
1749261304,4.73400000,13.18000000,4.653
1749261304,4.73600000,1.60000000,4.653
1749261304,4.73700000,6.70000000,4.653
1749261304,4.73800000,45.36000000,4.653
1749261304,4.74000000,54.73000000,4.653
1749261304,4.74100000,36406.02000000,4.653
1749261304,4.74200000,1439.32000000,4.653
1749261304,4.74300000,19.82000000,4.653
1749261304,4.74400000,3.88000000,4.653
1749261304,4.74500000,22.80000000,4.653
1749261304,4.74800000,18.89000000,4.653
1749261304,4.74900000,5.37000000,4.653
1749261304,4.75000000,214.88000000,4.653
1749261304,4.75200000,7.71000000,4.653
1749261304,4.75400000,1.78000000,4.653
1749261304,4.75500000,63.56000000,4.653
1749261304,4.75600000,1.60000000,4.653
1749261304,4.75700000,1.12000000,4.653
1749261304,4.75800000,1.18000000,4.653
1749261304,4.75900000,1.23000000,4.653
1749261304,4.76000000,11.57000000,4.653
1749261606,4.65600000,93.54000000,4.656
1749261606,4.65700000,1243.24000000,4.656
1749261606,4.65800000,1802.21000000,4.656
1749261606,4.65900000,1831.76000000,4.656
1749261606,4.66000000,1927.69000000,4.656
1749261606,4.66100000,2229.78000000,4.656
1749261606,4.66200000,1536.48000000,4.656
1749261606,4.66300000,1609.31000000,4.656
1749261606,4.66400000,3276.12000000,4.656
1749261606,4.66500000,2959.75000000,4.656
1749261606,4.66600000,1856.50000000,4.656
1749261606,4.66700000,1014.42000000,4.656
1749261606,4.66800000,405.78000000,4.656
1749261606,4.66900000,3971.14000000,4.656
1749261606,4.67000000,169.75000000,4.656
1749261606,4.67100000,272.12000000,4.656
1749261606,4.67200000,360.21000000,4.656
1749261606,4.67300000,1188.93000000,4.656
1749261606,4.67400000,473.79000000,4.656
1749261606,4.67500000,3044.76000000,4.656
1749261606,4.67600000,3847.19000000,4.656
1749261606,4.67700000,159.84000000,4.656
1749261606,4.67800000,355.40000000,4.656
1749261606,4.67900000,181.56000000,4.656
1749261606,4.68000000,789.96000000,4.656
1749261606,4.68100000,232.69000000,4.656
1749261606,4.68200000,4671.23000000,4.656
1749261606,4.68300000,271.20000000,4.656
1749261606,4.68400000,354.26000000,4.656
1749261606,4.68500000,139.57000000,4.656
1749261606,4.68600000,293.00000000,4.656
1749261606,4.68700000,69.17000000,4.656
1749261606,4.68800000,25.99000000,4.656
1749261606,4.68900000,1491.30000000,4.656
1749261606,4.69000000,39.95000000,4.656
1749261606,4.69100000,25.25000000,4.656
1749261606,4.69200000,22.26000000,4.656
1749261606,4.69300000,3.79000000,4.656
1749261606,4.69400000,7.22000000,4.656
1749261606,4.69500000,3.79000000,4.656
1749261606,4.69600000,29.97000000,4.656
1749261606,4.69700000,20790.65000000,4.656
1749261606,4.69800000,23.64000000,4.656
1749261606,4.69900000,23.09000000,4.656
1749261606,4.70000000,168.49000000,4.656
1749261606,4.70100000,3.78000000,4.656
1749261606,4.70200000,26.35000000,4.656
1749261606,4.70300000,11.34000000,4.656
1749261606,4.70400000,2.17000000,4.656
1749261606,4.70500000,8.96000000,4.656
1749261606,4.70600000,26.74000000,4.656
1749261606,4.70700000,5.23000000,4.656
1749261606,4.70800000,5.09000000,4.656
1749261606,4.70900000,3.77000000,4.656
1749261606,4.71000000,97.06000000,4.656
1749261606,4.71100000,22.32000000,4.656
1749261606,4.71200000,203.73000000,4.656
1749261606,4.71300000,3.77000000,4.656
1749261606,4.71400000,5.23000000,4.656
1749261606,4.71500000,5.37000000,4.656
1749261606,4.71600000,6.09000000,4.656
1749261606,4.71700000,3.77000000,4.656
1749261606,4.71800000,17.39000000,4.656
1749261606,4.71900000,3.77000000,4.656
1749261606,4.72000000,7.95000000,4.656
1749261606,4.72100000,3.77000000,4.656
1749261606,4.72200000,2.16000000,4.656
1749261606,4.72300000,434.50000000,4.656
1749261606,4.72400000,5.46000000,4.656
1749261606,4.72500000,12.68000000,4.656
1749261606,4.72600000,2.16000000,4.656
1749261606,4.72700000,23.04000000,4.656
1749261606,4.72800000,2.16000000,4.656
1749261606,4.72900000,42.08000000,4.656
1749261606,4.73000000,15.13000000,4.656
1749261606,4.73100000,2.15000000,4.656
1749261606,4.73200000,6.32000000,4.656
1749261606,4.73300000,17.85000000,4.656
1749261606,4.73400000,13.18000000,4.656
1749261606,4.73600000,1.60000000,4.656
1749261606,4.73700000,6.70000000,4.656
1749261606,4.73800000,45.36000000,4.656
1749261606,4.74000000,54.73000000,4.656
1749261606,4.74200000,1439.32000000,4.656
1749261606,4.74300000,19.82000000,4.656
1749261606,4.74400000,36785.92000000,4.656
1749261606,4.74500000,22.80000000,4.656
1749261606,4.74800000,18.89000000,4.656
1749261606,4.74900000,5.37000000,4.656
1749261606,4.75000000,214.88000000,4.656
1749261606,4.75200000,7.71000000,4.656
1749261606,4.75400000,1.78000000,4.656
1749261606,4.75500000,63.56000000,4.656
1749261606,4.75600000,1.60000000,4.656
1749261606,4.75700000,1.12000000,4.656
1749261606,4.75800000,1.18000000,4.656
1749261606,4.75900000,1.23000000,4.656
1749261606,4.76000000,11.57000000,4.656
1749261606,4.76100000,207.71000000,4.656
1749261606,4.76300000,1.68000000,4.656
1749261912,4.65500000,1058.20000000,4.654
1749261912,4.65600000,1729.95000000,4.654
1749261912,4.65700000,1424.14000000,4.654
1749261912,4.65800000,1666.98000000,4.654
1749261912,4.65900000,2270.65000000,4.654
1749261912,4.66000000,2899.91000000,4.654
1749261912,4.66100000,2401.00000000,4.654
1749261912,4.66200000,2828.92000000,4.654
1749261912,4.66300000,2595.22000000,4.654
1749261912,4.66400000,1747.65000000,4.654
1749261912,4.66500000,955.49000000,4.654
1749261912,4.66600000,452.41000000,4.654
1749261912,4.66700000,536.75000000,4.654
1749261912,4.66800000,180.17000000,4.654
1749261912,4.66900000,3117.80000000,4.654
1749261912,4.67000000,6513.55000000,4.654
1749261912,4.67100000,272.12000000,4.654
1749261912,4.67200000,766.05000000,4.654
1749261912,4.67300000,1187.32000000,4.654
1749261912,4.67400000,473.79000000,4.654
1749261912,4.67500000,159.84000000,4.654
1749261912,4.67600000,402.63000000,4.654
1749261912,4.67700000,159.84000000,4.654
1749261912,4.67800000,354.22000000,4.654
1749261912,4.67900000,137.23000000,4.654
1749261912,4.68000000,433.24000000,4.654
1749261912,4.68100000,232.69000000,4.654
1749261912,4.68200000,4671.23000000,4.654
1749261912,4.68300000,271.20000000,4.654
1749261912,4.68400000,241.76000000,4.654
1749261912,4.68500000,27.07000000,4.654
1749261912,4.68600000,293.00000000,4.654
1749261912,4.68700000,69.17000000,4.654
1749261912,4.68800000,25.99000000,4.654
1749261912,4.68900000,1469.10000000,4.654
1749261912,4.69000000,39.95000000,4.654
1749261912,4.69100000,25.25000000,4.654
1749261912,4.69200000,22.26000000,4.654
1749261912,4.69300000,25.27000000,4.654
1749261912,4.69400000,20728.85000000,4.654
1749261912,4.69500000,3.79000000,4.654
1749261912,4.69600000,29.97000000,4.654
1749261912,4.69700000,46.87000000,4.654
1749261912,4.69800000,23.64000000,4.654
1749261912,4.69900000,23.09000000,4.654
1749261912,4.70000000,167.31000000,4.654
1749261912,4.70100000,3.78000000,4.654
1749261912,4.70200000,26.35000000,4.654
1749261912,4.70300000,11.34000000,4.654
1749261912,4.70400000,2.17000000,4.654
1749261912,4.70500000,8.96000000,4.654
1749261912,4.70600000,26.74000000,4.654
1749261912,4.70700000,5.23000000,4.654
1749261912,4.70800000,5.09000000,4.654
1749261912,4.70900000,3.77000000,4.654
1749261912,4.71000000,97.06000000,4.654
1749261912,4.71100000,22.32000000,4.654
1749261912,4.71200000,203.73000000,4.654
1749261912,4.71300000,3.77000000,4.654
1749261912,4.71400000,5.23000000,4.654
1749261912,4.71500000,5.37000000,4.654
1749261912,4.71600000,6.09000000,4.654
1749261912,4.71700000,3.77000000,4.654
1749261912,4.71800000,17.39000000,4.654
1749261912,4.71900000,3.77000000,4.654
1749261912,4.72000000,7.95000000,4.654
1749261912,4.72100000,3.77000000,4.654
1749261912,4.72200000,2.16000000,4.654
1749261912,4.72300000,434.50000000,4.654
1749261912,4.72400000,5.46000000,4.654
1749261912,4.72500000,12.68000000,4.654
1749261912,4.72600000,2.16000000,4.654
1749261912,4.72700000,23.04000000,4.654
1749261912,4.72800000,2.16000000,4.654
1749261912,4.72900000,42.08000000,4.654
1749261912,4.73000000,15.13000000,4.654
1749261912,4.73200000,6.32000000,4.654
1749261912,4.73300000,17.85000000,4.654
1749261912,4.73400000,13.18000000,4.654
1749261912,4.73600000,1.60000000,4.654
1749261912,4.73700000,6.70000000,4.654
1749261912,4.73800000,45.36000000,4.654
1749261912,4.74000000,54.73000000,4.654
1749261912,4.74100000,36190.35000000,4.654
1749261912,4.74200000,1439.32000000,4.654
1749261912,4.74300000,19.82000000,4.654
1749261912,4.74400000,3.88000000,4.654
1749261912,4.74500000,22.80000000,4.654
1749261912,4.74800000,21.02000000,4.654
1749261912,4.74900000,5.37000000,4.654
1749261912,4.75000000,214.88000000,4.654
1749261912,4.75200000,7.71000000,4.654
1749261912,4.75400000,1.78000000,4.654
1749261912,4.75500000,312.10000000,4.654
1749261912,4.75600000,1.60000000,4.654
1749261912,4.75700000,1.12000000,4.654
1749261912,4.75800000,1.18000000,4.654
1749261912,4.75900000,1.23000000,4.654
1749261912,4.76000000,11.57000000,4.654
1749261912,4.76100000,207.71000000,4.654
1749262213,4.65600000,268.82000000,4.655
1749262213,4.65700000,1751.33000000,4.655
1749262213,4.65800000,1513.07000000,4.655
1749262213,4.65900000,2992.82000000,4.655
1749262213,4.66000000,2164.92000000,4.655
1749262213,4.66100000,2105.39000000,4.655
1749262213,4.66200000,2411.56000000,4.655
1749262213,4.66300000,3875.66000000,4.655
1749262213,4.66400000,1892.30000000,4.655
1749262213,4.66500000,906.90000000,4.655
1749262213,4.66600000,452.26000000,4.655
1749262213,4.66700000,1074.19000000,4.655
1749262213,4.66800000,3239.58000000,4.655
1749262213,4.66900000,489.06000000,4.655
1749262213,4.67000000,3636.51000000,4.655
1749262213,4.67100000,272.12000000,4.655
1749262213,4.67200000,360.21000000,4.655
1749262213,4.67300000,4476.45000000,4.655
1749262213,4.67400000,473.79000000,4.655
1749262213,4.67500000,159.84000000,4.655
1749262213,4.67600000,359.33000000,4.655
1749262213,4.67700000,159.84000000,4.655
1749262213,4.67800000,354.22000000,4.655
1749262213,4.67900000,137.23000000,4.655
1749262213,4.68000000,432.77000000,4.655
1749262213,4.68100000,232.69000000,4.655
1749262213,4.68200000,4671.23000000,4.655
1749262213,4.68300000,271.20000000,4.655
1749262213,4.68400000,354.26000000,4.655
1749262213,4.68500000,27.07000000,4.655
1749262213,4.68600000,405.50000000,4.655
1749262213,4.68700000,69.17000000,4.655
1749262213,4.68800000,25.99000000,4.655
1749262213,4.68900000,1469.10000000,4.655
1749262213,4.69000000,39.95000000,4.655
1749262213,4.69100000,25.25000000,4.655
1749262213,4.69200000,22.26000000,4.655
1749262213,4.69300000,25.27000000,4.655
1749262213,4.69400000,20321.10000000,4.655
1749262213,4.69500000,3.79000000,4.655
1749262213,4.69600000,29.97000000,4.655
1749262213,4.69700000,46.87000000,4.655
1749262213,4.69800000,23.64000000,4.655
1749262213,4.69900000,23.09000000,4.655
1749262213,4.70000000,167.31000000,4.655
1749262213,4.70100000,3.78000000,4.655
1749262213,4.70200000,26.35000000,4.655
1749262213,4.70300000,11.34000000,4.655
1749262213,4.70400000,2.17000000,4.655
1749262213,4.70500000,8.96000000,4.655
1749262213,4.70600000,26.74000000,4.655
1749262213,4.70700000,5.23000000,4.655
1749262213,4.70800000,5.09000000,4.655
1749262213,4.70900000,3.77000000,4.655
1749262213,4.71000000,97.06000000,4.655
1749262213,4.71100000,22.32000000,4.655
1749262213,4.71200000,203.73000000,4.655
1749262213,4.71300000,3.77000000,4.655
1749262213,4.71400000,5.23000000,4.655
1749262213,4.71500000,5.37000000,4.655
1749262213,4.71600000,6.09000000,4.655
1749262213,4.71700000,3.77000000,4.655
1749262213,4.71800000,17.39000000,4.655
1749262213,4.71900000,3.77000000,4.655
1749262213,4.72000000,7.95000000,4.655
1749262213,4.72100000,3.77000000,4.655
1749262213,4.72200000,2.16000000,4.655
1749262213,4.72300000,434.50000000,4.655
1749262213,4.72400000,5.46000000,4.655
1749262213,4.72500000,12.68000000,4.655
1749262213,4.72600000,2.16000000,4.655
1749262213,4.72700000,23.04000000,4.655
1749262213,4.72800000,2.16000000,4.655
1749262213,4.72900000,42.08000000,4.655
1749262213,4.73000000,15.13000000,4.655
1749262213,4.73100000,2.15000000,4.655
1749262213,4.73200000,6.32000000,4.655
1749262213,4.73300000,17.85000000,4.655
1749262213,4.73400000,1.35000000,4.655
1749262213,4.73600000,1.60000000,4.655
1749262213,4.73700000,6.70000000,4.655
1749262213,4.73800000,45.36000000,4.655
1749262213,4.74000000,66.56000000,4.655
1749262213,4.74100000,36507.73000000,4.655
1749262213,4.74200000,1439.32000000,4.655
1749262213,4.74300000,19.82000000,4.655
1749262213,4.74400000,3.88000000,4.655
1749262213,4.74500000,22.80000000,4.655
1749262213,4.74800000,21.02000000,4.655
1749262213,4.74900000,5.37000000,4.655
1749262213,4.75000000,214.88000000,4.655
1749262213,4.75200000,7.71000000,4.655
1749262213,4.75400000,1.78000000,4.655
1749262213,4.75500000,312.10000000,4.655
1749262213,4.75600000,1.60000000,4.655
1749262213,4.75700000,1.12000000,4.655
1749262213,4.75800000,1.18000000,4.655
1749262213,4.75900000,1.23000000,4.655
1749262213,4.76000000,11.57000000,4.655
1749262213,4.76100000,207.71000000,4.655
1749262515,4.66900000,1298.02000000,4.668
1749262515,4.67000000,1117.41000000,4.668
1749262515,4.67100000,1374.46000000,4.668
1749262515,4.67200000,2191.41000000,4.668
1749262515,4.67300000,2691.78000000,4.668
1749262515,4.67400000,2366.96000000,4.668
1749262515,4.67500000,1987.34000000,4.668
1749262515,4.67600000,3150.59000000,4.668
1749262515,4.67700000,1152.33000000,4.668
1749262515,4.67800000,1094.17000000,4.668
1749262515,4.67900000,2434.86000000,4.668
1749262515,4.68000000,3588.53000000,4.668
1749262515,4.68100000,924.86000000,4.668
1749262515,4.68200000,3848.33000000,4.668
1749262515,4.68300000,281.45000000,4.668
1749262515,4.68400000,1351.60000000,4.668
1749262515,4.68500000,3193.99000000,4.668
1749262515,4.68600000,406.68000000,4.668
1749262515,4.68700000,225.25000000,4.668
1749262515,4.68800000,181.79000000,4.668
1749262515,4.68900000,160.62000000,4.668
1749262515,4.69000000,4754.09000000,4.668
1749262515,4.69100000,203.18000000,4.668
1749262515,4.69200000,504.87000000,4.668
1749262515,4.69300000,187.95000000,4.668
1749262515,4.69400000,405.75000000,4.668
1749262515,4.69500000,225.13000000,4.668
1749262515,4.69600000,29.97000000,4.668
1749262515,4.69700000,202.67000000,4.668
1749262515,4.69800000,244.95000000,4.668
1749262515,4.69900000,19.90000000,4.668
1749262515,4.70000000,1677.10000000,4.668
1749262515,4.70100000,25.22000000,4.668
1749262515,4.70200000,47.79000000,4.668
1749262515,4.70300000,11.34000000,4.668
1749262515,4.70400000,3.34000000,4.668
1749262515,4.70500000,30.39000000,4.668
1749262515,4.70600000,22.41000000,4.668
1749262515,4.70700000,5.23000000,4.668
1749262515,4.70800000,27.68000000,4.668
1749262515,4.70900000,21193.15000000,4.668
1749262515,4.71000000,97.06000000,4.668
1749262515,4.71100000,17.99000000,4.668
1749262515,4.71200000,2.16000000,4.668
1749262515,4.71300000,3.77000000,4.668
1749262515,4.71400000,5.23000000,4.668
1749262515,4.71500000,5.37000000,4.668
1749262515,4.71600000,6.09000000,4.668
1749262515,4.71700000,3.77000000,4.668
1749262515,4.71800000,17.39000000,4.668
1749262515,4.71900000,3.77000000,4.668
1749262515,4.72000000,7.95000000,4.668
1749262515,4.72100000,3.77000000,4.668
1749262515,4.72200000,2.16000000,4.668
1749262515,4.72300000,434.50000000,4.668
1749262515,4.72400000,209.09000000,4.668
1749262515,4.72500000,2.16000000,4.668
1749262515,4.72600000,2.16000000,4.668
1749262515,4.72700000,18.72000000,4.668
1749262515,4.72800000,2.16000000,4.668
1749262515,4.72900000,42.08000000,4.668
1749262515,4.73000000,15.13000000,4.668
1749262515,4.73100000,2.15000000,4.668
1749262515,4.73200000,8.47000000,4.668
1749262515,4.73300000,20.00000000,4.668
1749262515,4.73400000,3.50000000,4.668
1749262515,4.73500000,2.15000000,4.668
1749262515,4.73600000,3.75000000,4.668
1749262515,4.73700000,19.37000000,4.668
1749262515,4.73800000,47.51000000,4.668
1749262515,4.73900000,2.15000000,4.668
1749262515,4.74000000,44.93000000,4.668
1749262515,4.74100000,2.15000000,4.668
1749262515,4.74200000,1441.47000000,4.668
1749262515,4.74300000,21.97000000,4.668
1749262515,4.74400000,6.03000000,4.668
1749262515,4.74500000,22.80000000,4.668
1749262515,4.74800000,2.13000000,4.668
1749262515,4.74900000,29.15000000,4.668
1749262515,4.75000000,185.06000000,4.668
1749262515,4.75200000,7.71000000,4.668
1749262515,4.75400000,1.78000000,4.668
1749262515,4.75500000,63.56000000,4.668
1749262515,4.75600000,36131.22000000,4.668
1749262515,4.75700000,1.12000000,4.668
1749262515,4.75800000,1.18000000,4.668
1749262515,4.75900000,1.23000000,4.668
1749262515,4.76000000,30.46000000,4.668
1749262515,4.76100000,207.71000000,4.668
1749262515,4.76300000,1.68000000,4.668
1749262515,4.76400000,4.00000000,4.668
1749262515,4.76500000,1359.46000000,4.668
1749262515,4.76600000,1.46000000,4.668
1749262515,4.76700000,251.61000000,4.668
1749262515,4.76900000,2.06000000,4.668
1749262515,4.77000000,7.38000000,4.668
1749262515,4.77100000,200.00000000,4.668
1749262515,4.77200000,1.83000000,4.668
1749262515,4.77400000,31.50000000,4.668
1749262515,4.77500000,4.68000000,4.668
1749262817,4.67200000,508.34000000,4.671
1749262817,4.67300000,2115.83000000,4.671
1749262817,4.67400000,1391.62000000,4.671
1749262817,4.67500000,1879.07000000,4.671
1749262817,4.67600000,3940.01000000,4.671
1749262817,4.67700000,1439.47000000,4.671
1749262817,4.67800000,2510.04000000,4.671
1749262817,4.67900000,2661.20000000,4.671
1749262817,4.68000000,2027.08000000,4.671
1749262817,4.68100000,1983.98000000,4.671
1749262817,4.68200000,933.06000000,4.671
1749262817,4.68300000,1691.57000000,4.671
1749262817,4.68400000,3936.21000000,4.671
1749262817,4.68500000,485.67000000,4.671
1749262817,4.68600000,351.71000000,4.671
1749262817,4.68700000,270.53000000,4.671
1749262817,4.68800000,6486.58000000,4.671
1749262817,4.68900000,249.08000000,4.671
1749262817,4.69000000,377.29000000,4.671
1749262817,4.69100000,203.18000000,4.671
1749262817,4.69200000,349.84000000,4.671
1749262817,4.69300000,187.95000000,4.671
1749262817,4.69400000,4912.80000000,4.671
1749262817,4.69500000,182.63000000,4.671
1749262817,4.69600000,508.84000000,4.671
1749262817,4.69700000,224.80000000,4.671
1749262817,4.69800000,423.04000000,4.671
1749262817,4.69900000,216.87000000,4.671
1749262817,4.70000000,113.10000000,4.671
1749262817,4.70100000,156.21000000,4.671
1749262817,4.70200000,269.10000000,4.671
1749262817,4.70300000,11.34000000,4.671
1749262817,4.70400000,3.34000000,4.671
1749262817,4.70500000,30.39000000,4.671
1749262817,4.70600000,243.72000000,4.671
1749262817,4.70700000,26.63000000,4.671
1749262817,4.70800000,1401.16000000,4.671
1749262817,4.70900000,3.77000000,4.671
1749262817,4.71000000,306.71000000,4.671
1749262817,4.71100000,17.99000000,4.671
1749262817,4.71200000,20704.25000000,4.671
1749262817,4.71300000,3.77000000,4.671
1749262817,4.71400000,5.23000000,4.671
1749262817,4.71500000,5.37000000,4.671
1749262817,4.71600000,61.48000000,4.671
1749262817,4.71700000,3.77000000,4.671
1749262817,4.71800000,13.49000000,4.671
1749262817,4.71900000,3.77000000,4.671
1749262817,4.72000000,7.95000000,4.671
1749262817,4.72100000,3.77000000,4.671
1749262817,4.72200000,2.16000000,4.671
1749262817,4.72300000,324.17000000,4.671
1749262817,4.72400000,209.09000000,4.671
1749262817,4.72500000,2.16000000,4.671
1749262817,4.72600000,2.16000000,4.671
1749262817,4.72700000,18.72000000,4.671
1749262817,4.72800000,2.16000000,4.671
1749262817,4.72900000,42.08000000,4.671
1749262817,4.73000000,15.13000000,4.671
1749262817,4.73100000,2.15000000,4.671
1749262817,4.73200000,8.47000000,4.671
1749262817,4.73300000,9.68000000,4.671
1749262817,4.73400000,3.50000000,4.671
1749262817,4.73500000,2.15000000,4.671
1749262817,4.73600000,3.75000000,4.671
1749262817,4.73700000,129.89000000,4.671
1749262817,4.73800000,47.51000000,4.671
1749262817,4.73900000,2.15000000,4.671
1749262817,4.74000000,44.93000000,4.671
1749262817,4.74100000,2.15000000,4.671
1749262817,4.74200000,2.15000000,4.671
1749262817,4.74300000,21.97000000,4.671
1749262817,4.74400000,6.03000000,4.671
1749262817,4.74500000,35.27000000,4.671
1749262817,4.74600000,2.15000000,4.671
1749262817,4.74700000,2.15000000,4.671
1749262817,4.74800000,2.13000000,4.671
1749262817,4.74900000,17.20000000,4.671
1749262817,4.75000000,185.06000000,4.671
1749262817,4.75200000,7.71000000,4.671
1749262817,4.75400000,1441.10000000,4.671
1749262817,4.75500000,63.56000000,4.671
1749262817,4.75600000,1.60000000,4.671
1749262817,4.75700000,1.12000000,4.671
1749262817,4.75800000,46.20000000,4.671
1749262817,4.75900000,1.23000000,4.671
1749262817,4.76000000,35843.29000000,4.671
1749262817,4.76300000,1.68000000,4.671
1749262817,4.76400000,4.00000000,4.671
1749262817,4.76500000,2.19000000,4.671
1749262817,4.76600000,1.46000000,4.671
1749262817,4.76700000,251.61000000,4.671
1749262817,4.76900000,2.06000000,4.671
1749262817,4.77000000,7.38000000,4.671
1749262817,4.77200000,1.83000000,4.671
1749262817,4.77300000,207.71000000,4.671
1749262817,4.77400000,31.50000000,4.671
1749262817,4.77500000,4.68000000,4.671
1749262817,4.77600000,4.92000000,4.671
1749262817,4.77700000,1360.72000000,4.671
1749263119,4.67200000,75.33000000,4.671
1749263119,4.67300000,1684.98000000,4.671
1749263119,4.67400000,1723.78000000,4.671
1749263119,4.67500000,1939.22000000,4.671
1749263119,4.67600000,1603.04000000,4.671
1749263119,4.67700000,2966.34000000,4.671
1749263119,4.67800000,2720.49000000,4.671
1749263119,4.67900000,2597.40000000,4.671
1749263119,4.68000000,3031.52000000,4.671
1749263119,4.68100000,3315.19000000,4.671
1749263119,4.68200000,1291.54000000,4.671
1749263119,4.68300000,324.13000000,4.671
1749263119,4.68400000,4351.48000000,4.671
1749263119,4.68500000,317.27000000,4.671
1749263119,4.68600000,351.71000000,4.671
1749263119,4.68700000,270.53000000,4.671
1749263119,4.68800000,3832.94000000,4.671
1749263119,4.68900000,138.42000000,4.671
1749263119,4.69000000,3252.19000000,4.671
1749263119,4.69100000,203.18000000,4.671
1749263119,4.69200000,345.43000000,4.671
1749263119,4.69300000,210.08000000,4.671
1749263119,4.69400000,4912.80000000,4.671
1749263119,4.69500000,248.20000000,4.671
1749263119,4.69600000,186.51000000,4.671
1749263119,4.69700000,591.17000000,4.671
1749263119,4.69800000,423.04000000,4.671
1749263119,4.69900000,212.46000000,4.671
1749263119,4.70000000,113.10000000,4.671
1749263119,4.70100000,47.42000000,4.671
1749263119,4.70200000,269.10000000,4.671
1749263119,4.70300000,11.34000000,4.671
1749263119,4.70400000,3.34000000,4.671
1749263119,4.70500000,30.39000000,4.671
1749263119,4.70600000,250.61000000,4.671
1749263119,4.70700000,26.63000000,4.671
1749263119,4.70800000,1401.16000000,4.671
1749263119,4.70900000,3.77000000,4.671
1749263119,4.71000000,20996.14000000,4.671
1749263119,4.71100000,13.05000000,4.671
1749263119,4.71200000,3.33000000,4.671
1749263119,4.71300000,3.77000000,4.671
1749263119,4.71400000,5.23000000,4.671
1749263119,4.71500000,5.37000000,4.671
1749263119,4.71600000,61.48000000,4.671
1749263119,4.71700000,3.77000000,4.671
1749263119,4.71800000,9.08000000,4.671
1749263119,4.71900000,3.77000000,4.671
1749263119,4.72000000,7.95000000,4.671
1749263119,4.72100000,3.77000000,4.671
1749263119,4.72200000,2.16000000,4.671
1749263119,4.72300000,324.17000000,4.671
1749263119,4.72400000,209.09000000,4.671
1749263119,4.72500000,2.16000000,4.671
1749263119,4.72600000,2.16000000,4.671
1749263119,4.72700000,13.77000000,4.671
1749263119,4.72800000,2.16000000,4.671
1749263119,4.72900000,42.08000000,4.671
1749263119,4.73000000,15.13000000,4.671
1749263119,4.73100000,2.15000000,4.671
1749263119,4.73200000,8.47000000,4.671
1749263119,4.73300000,9.68000000,4.671
1749263119,4.73400000,3.50000000,4.671
1749263119,4.73500000,2.15000000,4.671
1749263119,4.73600000,3.75000000,4.671
1749263119,4.73700000,129.89000000,4.671
1749263119,4.73800000,47.51000000,4.671
1749263119,4.73900000,2.15000000,4.671
1749263119,4.74000000,44.93000000,4.671
1749263119,4.74100000,2.15000000,4.671
1749263119,4.74200000,2.15000000,4.671
1749263119,4.74300000,21.97000000,4.671
1749263119,4.74400000,6.03000000,4.671
1749263119,4.74500000,35.27000000,4.671
1749263119,4.74600000,2.15000000,4.671
1749263119,4.74700000,2.15000000,4.671
1749263119,4.74800000,2.13000000,4.671
1749263119,4.74900000,5.37000000,4.671
1749263119,4.75000000,185.06000000,4.671
1749263119,4.75200000,7.71000000,4.671
1749263119,4.75400000,1441.10000000,4.671
1749263119,4.75500000,63.56000000,4.671
1749263119,4.75600000,1.60000000,4.671
1749263119,4.75700000,1.12000000,4.671
1749263119,4.75800000,35826.57000000,4.671
1749263119,4.75900000,1.23000000,4.671
1749263119,4.76000000,30.46000000,4.671
1749263119,4.76300000,1.68000000,4.671
1749263119,4.76400000,4.00000000,4.671
1749263119,4.76500000,2.19000000,4.671
1749263119,4.76600000,1.46000000,4.671
1749263119,4.76700000,251.61000000,4.671
1749263119,4.76900000,2.06000000,4.671
1749263119,4.77000000,7.38000000,4.671
1749263119,4.77200000,1.83000000,4.671
1749263119,4.77300000,207.71000000,4.671
1749263119,4.77400000,31.50000000,4.671
1749263119,4.77500000,4.68000000,4.671
1749263119,4.77600000,4.92000000,4.671
1749263119,4.77700000,1360.72000000,4.671
1749263420,4.67800000,434.64000000,4.678
1749263420,4.67900000,1412.49000000,4.678
1749263420,4.68000000,1669.46000000,4.678
1749263420,4.68100000,3267.51000000,4.678
1749263420,4.68200000,1271.53000000,4.678
1749263420,4.68300000,3104.02000000,4.678
1749263420,4.68400000,4412.59000000,4.678
1749263420,4.68500000,3868.00000000,4.678
1749263420,4.68600000,2857.06000000,4.678
1749263420,4.68700000,1745.15000000,4.678
1749263420,4.68800000,3289.26000000,4.678
1749263420,4.68900000,662.36000000,4.678
1749263420,4.69000000,932.54000000,4.678
1749263420,4.69100000,629.38000000,4.678
1749263420,4.69200000,354.44000000,4.678
1749263420,4.69300000,270.56000000,4.678
1749263420,4.69400000,8343.82000000,4.678
1749263420,4.69500000,156.23000000,4.678
1749263420,4.69600000,3014.37000000,4.678
1749263420,4.69700000,183.87000000,4.678
1749263420,4.69800000,424.22000000,4.678
1749263420,4.69900000,212.46000000,4.678
1749263420,4.70000000,268.90000000,4.678
1749263420,4.70100000,203.19000000,4.678
1749263420,4.70200000,381.60000000,4.678
1749263420,4.70300000,167.14000000,4.678
1749263420,4.70400000,3.34000000,4.678
1749263420,4.70500000,543.30000000,4.678
1749263420,4.70600000,392.85000000,4.678
1749263420,4.70700000,135.27000000,4.678
1749263420,4.70800000,1401.16000000,4.678
1749263420,4.70900000,47.07000000,4.678
1749263420,4.71000000,306.71000000,4.678
1749263420,4.71100000,11.32000000,4.678
1749263420,4.71200000,68.03000000,4.678
1749263420,4.71300000,3.77000000,4.678
1749263420,4.71400000,5.23000000,4.678
1749263420,4.71500000,26.76000000,4.678
1749263420,4.71600000,103.58000000,4.678
1749263420,4.71700000,3.77000000,4.678
1749263420,4.71800000,9.08000000,4.678
1749263420,4.71900000,20801.92000000,4.678
1749263420,4.72000000,7.95000000,4.678
1749263420,4.72100000,3.77000000,4.678
1749263420,4.72200000,2.16000000,4.678
1749263420,4.72300000,324.17000000,4.678
1749263420,4.72400000,5.46000000,4.678
1749263420,4.72500000,2.16000000,4.678
1749263420,4.72600000,2.16000000,4.678
1749263420,4.72700000,12.04000000,4.678
1749263420,4.72800000,2.16000000,4.678
1749263420,4.72900000,42.08000000,4.678
1749263420,4.73000000,15.13000000,4.678
1749263420,4.73100000,2.15000000,4.678
1749263420,4.73200000,8.47000000,4.678
1749263420,4.73300000,9.68000000,4.678
1749263420,4.73400000,10.83000000,4.678
1749263420,4.73500000,2.15000000,4.678
1749263420,4.73600000,206.15000000,4.678
1749263420,4.73700000,119.37000000,4.678
1749263420,4.73800000,47.51000000,4.678
1749263420,4.73900000,2.15000000,4.678
1749263420,4.74000000,44.93000000,4.678
1749263420,4.74100000,2.15000000,4.678
1749263420,4.74200000,2.15000000,4.678
1749263420,4.74300000,21.97000000,4.678
1749263420,4.74400000,6.03000000,4.678
1749263420,4.74500000,35.27000000,4.678
1749263420,4.74600000,2.15000000,4.678
1749263420,4.74700000,2.15000000,4.678
1749263420,4.74800000,4.28000000,4.678
1749263420,4.74900000,18.04000000,4.678
1749263420,4.75000000,187.20000000,4.678
1749263420,4.75100000,2.14000000,4.678
1749263420,4.75200000,9.85000000,4.678
1749263420,4.75300000,2.14000000,4.678
1749263420,4.75400000,1441.10000000,4.678
1749263420,4.75500000,63.56000000,4.678
1749263420,4.75600000,1.60000000,4.678
1749263420,4.75700000,1.12000000,4.678
1749263420,4.75800000,46.20000000,4.678
1749263420,4.75900000,1.23000000,4.678
1749263420,4.76000000,21.18000000,4.678
1749263420,4.76300000,13.51000000,4.678
1749263420,4.76400000,4.00000000,4.678
1749263420,4.76500000,2.19000000,4.678
1749263420,4.76600000,1.46000000,4.678
1749263420,4.76700000,34836.88000000,4.678
1749263420,4.76900000,2.06000000,4.678
1749263420,4.77000000,7.38000000,4.678
1749263420,4.77200000,11.11000000,4.678
1749263420,4.77300000,207.71000000,4.678
1749263420,4.77400000,31.50000000,4.678
1749263420,4.77500000,4.68000000,4.678
1749263420,4.77600000,4.92000000,4.678
1749263420,4.77700000,1360.72000000,4.678
1749263420,4.77900000,248.54000000,4.678
1749263420,4.78000000,205.26000000,4.678
1749263420,4.78100000,5.11000000,4.678
1749263420,4.78300000,4.69000000,4.678
1749263722,4.67100000,803.65000000,4.67
1749263722,4.67200000,1914.22000000,4.67
1749263722,4.67300000,1530.80000000,4.67
1749263722,4.67400000,2197.06000000,4.67
1749263722,4.67500000,2315.71000000,4.67
1749263722,4.67600000,2647.77000000,4.67
1749263722,4.67700000,2951.99000000,4.67
1749263722,4.67800000,3717.65000000,4.67
1749263722,4.67900000,1923.13000000,4.67
1749263722,4.68000000,1013.27000000,4.67
1749263722,4.68100000,1481.83000000,4.67
1749263722,4.68200000,1658.89000000,4.67
1749263722,4.68300000,1694.09000000,4.67
1749263722,4.68400000,1538.63000000,4.67
1749263722,4.68500000,877.66000000,4.67
1749263722,4.68600000,374.94000000,4.67
1749263722,4.68700000,272.14000000,4.67
1749263722,4.68800000,5862.74000000,4.67
1749263722,4.68900000,140.03000000,4.67
1749263722,4.69000000,377.29000000,4.67
1749263722,4.69100000,270.54000000,4.67
1749263722,4.69200000,711.51000000,4.67
1749263722,4.69300000,270.56000000,4.67
1749263722,4.69400000,8299.34000000,4.67
1749263722,4.69500000,181.80000000,4.67
1749263722,4.69600000,142.47000000,4.67
1749263722,4.69700000,140.57000000,4.67
1749263722,4.69800000,423.04000000,4.67
1749263722,4.69900000,209.86000000,4.67
1749263722,4.70000000,225.60000000,4.67
1749263722,4.70100000,269.57000000,4.67
1749263722,4.70200000,381.60000000,4.67
1749263722,4.70300000,11.34000000,4.67
1749263722,4.70400000,3.34000000,4.67
1749263722,4.70500000,80.57000000,4.67
1749263722,4.70600000,235.84000000,4.67
1749263722,4.70700000,26.63000000,4.67
1749263722,4.70800000,1401.16000000,4.67
1749263722,4.70900000,3.77000000,4.67
1749263722,4.71000000,20526.58000000,4.67
1749263722,4.71100000,10.11000000,4.67
1749263722,4.71200000,24.73000000,4.67
1749263722,4.71300000,3.77000000,4.67
1749263722,4.71400000,5.23000000,4.67
1749263722,4.71500000,26.76000000,4.67
1749263722,4.71600000,103.58000000,4.67
1749263722,4.71700000,3.77000000,4.67
1749263722,4.71800000,6.48000000,4.67
1749263722,4.71900000,3.77000000,4.67
1749263722,4.72000000,7.95000000,4.67
1749263722,4.72100000,3.77000000,4.67
1749263722,4.72200000,2.16000000,4.67
1749263722,4.72300000,324.17000000,4.67
1749263722,4.72400000,5.46000000,4.67
1749263722,4.72500000,2.16000000,4.67
1749263722,4.72600000,2.16000000,4.67
1749263722,4.72700000,10.83000000,4.67
1749263722,4.72800000,2.16000000,4.67
1749263722,4.72900000,42.08000000,4.67
1749263722,4.73000000,15.13000000,4.67
1749263722,4.73100000,2.15000000,4.67
1749263722,4.73200000,8.47000000,4.67
1749263722,4.73300000,9.68000000,4.67
1749263722,4.73400000,7.82000000,4.67
1749263722,4.73500000,2.15000000,4.67
1749263722,4.73600000,206.15000000,4.67
1749263722,4.73700000,118.10000000,4.67
1749263722,4.73800000,47.51000000,4.67
1749263722,4.73900000,2.15000000,4.67
1749263722,4.74000000,44.93000000,4.67
1749263722,4.74100000,2.15000000,4.67
1749263722,4.74200000,2.15000000,4.67
1749263722,4.74300000,21.97000000,4.67
1749263722,4.74400000,6.03000000,4.67
1749263722,4.74500000,35.27000000,4.67
1749263722,4.74600000,2.15000000,4.67
1749263722,4.74800000,2.13000000,4.67
1749263722,4.74900000,15.89000000,4.67
1749263722,4.75000000,185.06000000,4.67
1749263722,4.75200000,7.71000000,4.67
1749263722,4.75400000,1441.10000000,4.67
1749263722,4.75500000,63.56000000,4.67
1749263722,4.75600000,1.60000000,4.67
1749263722,4.75700000,1.12000000,4.67
1749263722,4.75800000,36827.70000000,4.67
1749263722,4.75900000,1.23000000,4.67
1749263722,4.76000000,21.18000000,4.67
1749263722,4.76300000,25.46000000,4.67
1749263722,4.76400000,4.00000000,4.67
1749263722,4.76500000,2.19000000,4.67
1749263722,4.76600000,1.46000000,4.67
1749263722,4.76700000,3.07000000,4.67
1749263722,4.76900000,2.06000000,4.67
1749263722,4.77000000,7.38000000,4.67
1749263722,4.77200000,11.11000000,4.67
1749263722,4.77300000,207.71000000,4.67
1749263722,4.77400000,29.82000000,4.67
1749263722,4.77500000,4.68000000,4.67
1749263722,4.77600000,4.92000000,4.67
1749263722,4.77700000,1360.72000000,4.67
1749264024,4.67700000,1154.47000000,4.676
1749264024,4.67800000,2394.76000000,4.676
1749264024,4.67900000,1935.14000000,4.676
1749264024,4.68000000,2344.03000000,4.676
1749264024,4.68100000,2459.22000000,4.676
1749264024,4.68200000,1435.49000000,4.676
1749264024,4.68300000,2423.72000000,4.676
1749264024,4.68400000,2981.23000000,4.676
1749264024,4.68500000,1211.11000000,4.676
1749264024,4.68600000,1519.13000000,4.676
1749264024,4.68700000,1794.48000000,4.676
1749264024,4.68800000,1141.88000000,4.676
1749264024,4.68900000,643.35000000,4.676
1749264024,4.69000000,396.73000000,4.676
1749264024,4.69100000,322.85000000,4.676
1749264024,4.69200000,5797.69000000,4.676
1749264024,4.69300000,270.56000000,4.676
1749264024,4.69400000,3836.77000000,4.676
1749264024,4.69500000,156.24000000,4.676
1749264024,4.69600000,1141.58000000,4.676
1749264024,4.69700000,183.87000000,4.676
1749264024,4.69800000,779.05000000,4.676
1749264024,4.69900000,208.88000000,4.676
1749264024,4.70000000,534.61000000,4.676
1749264024,4.70100000,4666.97000000,4.676
1749264024,4.70200000,381.60000000,4.676
1749264024,4.70300000,189.27000000,4.676
1749264024,4.70400000,3.34000000,4.676
1749264024,4.70500000,193.07000000,4.676
1749264024,4.70600000,386.76000000,4.676
1749264024,4.70700000,135.19000000,4.676
1749264024,4.70800000,1401.16000000,4.676
1749264024,4.70900000,47.07000000,4.676
1749264024,4.71000000,306.71000000,4.676
1749264024,4.71100000,9.02000000,4.676
1749264024,4.71200000,24.73000000,4.676
1749264024,4.71300000,3.77000000,4.676
1749264024,4.71400000,5.23000000,4.676
1749264024,4.71500000,26.76000000,4.676
1749264024,4.71600000,21265.32000000,4.676
1749264024,4.71700000,3.77000000,4.676
1749264024,4.71800000,26.86000000,4.676
1749264024,4.71900000,3.77000000,4.676
1749264024,4.72000000,9.12000000,4.676
1749264024,4.72100000,3.77000000,4.676
1749264024,4.72200000,2.16000000,4.676
1749264024,4.72300000,324.17000000,4.676
1749264024,4.72400000,5.46000000,4.676
1749264024,4.72500000,2.16000000,4.676
1749264024,4.72600000,2.16000000,4.676
1749264024,4.72700000,9.74000000,4.676
1749264024,4.72800000,2.16000000,4.676
1749264024,4.72900000,42.08000000,4.676
1749264024,4.73000000,15.13000000,4.676
1749264024,4.73100000,2.15000000,4.676
1749264024,4.73200000,8.47000000,4.676
1749264024,4.73300000,9.68000000,4.676
1749264024,4.73400000,6.84000000,4.676
1749264024,4.73500000,2.15000000,4.676
1749264024,4.73600000,206.15000000,4.676
1749264024,4.73700000,118.10000000,4.676
1749264024,4.73800000,47.51000000,4.676
1749264024,4.73900000,2.15000000,4.676
1749264024,4.74000000,44.93000000,4.676
1749264024,4.74100000,2.15000000,4.676
1749264024,4.74200000,2.15000000,4.676
1749264024,4.74300000,21.97000000,4.676
1749264024,4.74400000,6.03000000,4.676
1749264024,4.74500000,35.27000000,4.676
1749264024,4.74600000,2.15000000,4.676
1749264024,4.74700000,2.15000000,4.676
1749264024,4.74800000,4.28000000,4.676
1749264024,4.74900000,18.04000000,4.676
1749264024,4.75000000,187.20000000,4.676
1749264024,4.75100000,2.14000000,4.676
1749264024,4.75200000,9.85000000,4.676
1749264024,4.75400000,1441.10000000,4.676
1749264024,4.75500000,63.56000000,4.676
1749264024,4.75600000,1.60000000,4.676
1749264024,4.75700000,1.12000000,4.676
1749264024,4.75800000,34.25000000,4.676
1749264024,4.75900000,1.23000000,4.676
1749264024,4.76000000,21.18000000,4.676
1749264024,4.76300000,25.46000000,4.676
1749264024,4.76400000,36694.73000000,4.676
1749264024,4.76500000,2.19000000,4.676
1749264024,4.76600000,1.46000000,4.676
1749264024,4.76700000,3.07000000,4.676
1749264024,4.76900000,2.06000000,4.676
1749264024,4.77000000,7.38000000,4.676
1749264024,4.77200000,11.11000000,4.676
1749264024,4.77300000,207.71000000,4.676
1749264024,4.77400000,29.82000000,4.676
1749264024,4.77500000,4.68000000,4.676
1749264024,4.77600000,4.92000000,4.676
1749264024,4.77700000,1360.72000000,4.676
1749264024,4.77900000,248.54000000,4.676
1749264024,4.78000000,205.26000000,4.676
1749264024,4.78100000,5.11000000,4.676
1749264024,4.78300000,4.69000000,4.676
1749264330,4.67000000,470.14000000,4.67
1749264330,4.67100000,1948.29000000,4.67
1749264330,4.67200000,1691.16000000,4.67
1749264330,4.67300000,2233.43000000,4.67
1749264330,4.67400000,3326.51000000,4.67
1749264330,4.67500000,2890.95000000,4.67
1749264330,4.67600000,1446.79000000,4.67
1749264330,4.67700000,1507.57000000,4.67
1749264330,4.67800000,3045.58000000,4.67
1749264330,4.67900000,2483.73000000,4.67
1749264330,4.68000000,1269.08000000,4.67
1749264330,4.68100000,1586.13000000,4.67
1749264330,4.68200000,1506.35000000,4.67
1749264330,4.68300000,865.40000000,4.67
1749264330,4.68400000,394.01000000,4.67
1749264330,4.68500000,291.80000000,4.67
1749264330,4.68600000,1523.94000000,4.67
1749264330,4.68700000,2855.14000000,4.67
1749264330,4.68800000,6666.38000000,4.67
1749264330,4.68900000,250.69000000,4.67
1749264330,4.69000000,748.28000000,4.67
1749264330,4.69100000,159.88000000,4.67
1749264330,4.69200000,341.09000000,4.67
1749264330,4.69300000,159.90000000,4.67
1749264330,4.69400000,362.45000000,4.67
1749264330,4.69500000,182.17000000,4.67
1749264330,4.69600000,142.47000000,4.67
1749264330,4.69700000,140.57000000,4.67
1749264330,4.69800000,423.04000000,4.67
1749264330,4.69900000,208.13000000,4.67
1749264330,4.70000000,446.91000000,4.67
1749264330,4.70100000,4665.41000000,4.67
1749264330,4.70200000,269.10000000,4.67
1749264330,4.70300000,33.47000000,4.67
1749264330,4.70400000,3.34000000,4.67
1749264330,4.70500000,80.57000000,4.67
1749264330,4.70600000,233.54000000,4.67
1749264330,4.70700000,26.63000000,4.67
1749264330,4.70800000,1401.16000000,4.67
1749264330,4.70900000,3.77000000,4.67
1749264330,4.71000000,20880.53000000,4.67
1749264330,4.71100000,8.15000000,4.67
1749264330,4.71200000,24.73000000,4.67
1749264330,4.71300000,3.77000000,4.67
1749264330,4.71400000,5.23000000,4.67
1749264330,4.71500000,26.76000000,4.67
1749264330,4.71600000,103.58000000,4.67
1749264330,4.71700000,3.77000000,4.67
1749264330,4.71800000,26.10000000,4.67
1749264330,4.71900000,3.77000000,4.67
1749264330,4.72000000,7.95000000,4.67
1749264330,4.72100000,3.77000000,4.67
1749264330,4.72200000,2.16000000,4.67
1749264330,4.72300000,324.17000000,4.67
1749264330,4.72400000,5.46000000,4.67
1749264330,4.72500000,2.16000000,4.67
1749264330,4.72600000,2.16000000,4.67
1749264330,4.72700000,8.87000000,4.67
1749264330,4.72800000,2.16000000,4.67
1749264330,4.72900000,42.08000000,4.67
1749264330,4.73000000,15.13000000,4.67
1749264330,4.73100000,2.15000000,4.67
1749264330,4.73200000,8.47000000,4.67
1749264330,4.73300000,9.68000000,4.67
1749264330,4.73400000,6.09000000,4.67
1749264330,4.73500000,2.15000000,4.67
1749264330,4.73600000,206.15000000,4.67
1749264330,4.73700000,118.10000000,4.67
1749264330,4.73800000,47.51000000,4.67
1749264330,4.73900000,2.15000000,4.67
1749264330,4.74000000,44.93000000,4.67
1749264330,4.74100000,2.15000000,4.67
1749264330,4.74200000,2.15000000,4.67
1749264330,4.74300000,21.97000000,4.67
1749264330,4.74400000,6.03000000,4.67
1749264330,4.74500000,35.27000000,4.67
1749264330,4.74800000,2.13000000,4.67
1749264330,4.74900000,15.89000000,4.67
1749264330,4.75000000,185.06000000,4.67
1749264330,4.75200000,7.71000000,4.67
1749264330,4.75400000,1441.10000000,4.67
1749264330,4.75500000,63.56000000,4.67
1749264330,4.75600000,1.60000000,4.67
1749264330,4.75700000,57.97000000,4.67
1749264330,4.75800000,36491.89000000,4.67
1749264330,4.75900000,1.23000000,4.67
1749264330,4.76000000,21.18000000,4.67
1749264330,4.76300000,1.68000000,4.67
1749264330,4.76400000,4.00000000,4.67
1749264330,4.76500000,2.19000000,4.67
1749264330,4.76600000,1.46000000,4.67
1749264330,4.76700000,3.07000000,4.67
1749264330,4.76900000,2.06000000,4.67
1749264330,4.77000000,7.38000000,4.67
1749264330,4.77200000,11.11000000,4.67
1749264330,4.77300000,207.71000000,4.67
1749264330,4.77400000,29.82000000,4.67
1749264330,4.77500000,4.68000000,4.67
1749264330,4.77600000,4.92000000,4.67
1749264330,4.77700000,1360.72000000,4.67
1749264632,4.67700000,1112.06000000,4.677
1749264632,4.67800000,1538.34000000,4.677
1749264632,4.67900000,2209.86000000,4.677
1749264632,4.68000000,2856.11000000,4.677
1749264632,4.68100000,2614.00000000,4.677
1749264632,4.68200000,2017.70000000,4.677
1749264632,4.68300000,904.74000000,4.677
1749264632,4.68400000,2017.08000000,4.677
1749264632,4.68500000,4394.67000000,4.677
1749264632,4.68600000,4760.18000000,4.677
1749264632,4.68700000,1348.19000000,4.677
1749264632,4.68800000,1445.55000000,4.677
1749264632,4.68900000,568.42000000,4.677
1749264632,4.69000000,3453.06000000,4.677
1749264632,4.69100000,818.60000000,4.677
1749264632,4.69200000,391.76000000,4.677
1749264632,4.69300000,3745.31000000,4.677
1749264632,4.69400000,3237.09000000,4.677
1749264632,4.69500000,156.23000000,4.677
1749264632,4.69600000,185.77000000,4.677
1749264632,4.69700000,251.23000000,4.677
1749264632,4.69800000,424.22000000,4.677
1749264632,4.69900000,250.48000000,4.677
1749264632,4.70000000,601.85000000,4.677
1749264632,4.70100000,4666.97000000,4.677
1749264632,4.70200000,478.28000000,4.677
1749264632,4.70300000,33.47000000,4.677
1749264632,4.70400000,115.84000000,4.677
1749264632,4.70500000,236.37000000,4.677
1749264632,4.70600000,345.10000000,4.677
1749264632,4.70700000,269.36000000,4.677
1749264632,4.70800000,27.68000000,4.677
1749264632,4.70900000,3.77000000,4.677
1749264632,4.71000000,645.44000000,4.677
1749264632,4.71100000,29.00000000,4.677
1749264632,4.71200000,24.73000000,4.677
1749264632,4.71300000,3.77000000,4.677
1749264632,4.71400000,226.54000000,4.677
1749264632,4.71500000,26.76000000,4.677
1749264632,4.71600000,103.58000000,4.677
1749264632,4.71700000,3.77000000,4.677
1749264632,4.71800000,25.16000000,4.677
1749264632,4.71900000,21097.11000000,4.677
1749264632,4.72000000,1382.60000000,4.677
1749264632,4.72100000,25.13000000,4.677
1749264632,4.72200000,26.34000000,4.677
1749264632,4.72300000,325.78000000,4.677
1749264632,4.72400000,5.46000000,4.677
1749264632,4.72500000,2.16000000,4.677
1749264632,4.72600000,2.16000000,4.677
1749264632,4.72700000,7.59000000,4.677
1749264632,4.72800000,2.16000000,4.677
1749264632,4.72900000,42.08000000,4.677
1749264632,4.73000000,15.13000000,4.677
1749264632,4.73100000,2.15000000,4.677
1749264632,4.73200000,8.47000000,4.677
1749264632,4.73300000,9.68000000,4.677
1749264632,4.73400000,5.14000000,4.677
1749264632,4.73500000,2.15000000,4.677
1749264632,4.73600000,206.15000000,4.677
1749264632,4.73700000,122.38000000,4.677
1749264632,4.73800000,47.51000000,4.677
1749264632,4.73900000,2.15000000,4.677
1749264632,4.74000000,44.93000000,4.677
1749264632,4.74100000,2.15000000,4.677
1749264632,4.74200000,2.15000000,4.677
1749264632,4.74300000,21.97000000,4.677
1749264632,4.74400000,6.03000000,4.677
1749264632,4.74500000,35.27000000,4.677
1749264632,4.74600000,2.15000000,4.677
1749264632,4.74700000,2.15000000,4.677
1749264632,4.74800000,4.28000000,4.677
1749264632,4.74900000,18.04000000,4.677
1749264632,4.75000000,187.20000000,4.677
1749264632,4.75100000,2.14000000,4.677
1749264632,4.75200000,9.85000000,4.677
1749264632,4.75400000,1441.10000000,4.677
1749264632,4.75500000,63.56000000,4.677
1749264632,4.75600000,1.60000000,4.677
1749264632,4.75700000,57.97000000,4.677
1749264632,4.75800000,1.18000000,4.677
1749264632,4.75900000,1.23000000,4.677
1749264632,4.76000000,11.57000000,4.677
1749264632,4.76400000,4.00000000,4.677
1749264632,4.76500000,2.19000000,4.677
1749264632,4.76600000,1.46000000,4.677
1749264632,4.76700000,37051.36000000,4.677
1749264632,4.76900000,2.06000000,4.677
1749264632,4.77000000,7.38000000,4.677
1749264632,4.77200000,20.72000000,4.677
1749264632,4.77300000,207.71000000,4.677
1749264632,4.77400000,29.82000000,4.677
1749264632,4.77500000,4.68000000,4.677
1749264632,4.77600000,4.92000000,4.677
1749264632,4.77700000,1360.72000000,4.677
1749264632,4.77900000,248.54000000,4.677
1749264632,4.78000000,205.26000000,4.677
1749264632,4.78100000,5.11000000,4.677
1749264632,4.78300000,4.69000000,4.677
1749264632,4.78400000,7.36000000,4.677
1749264933,4.69000000,214.31000000,4.69
1749264933,4.69100000,1231.48000000,4.69
1749264933,4.69200000,810.07000000,4.69
1749264933,4.69300000,2196.48000000,4.69
1749264933,4.69400000,2921.46000000,4.69
1749264933,4.69500000,3223.09000000,4.69
1749264933,4.69600000,2088.42000000,4.69
1749264933,4.69700000,3139.02000000,4.69
1749264933,4.69800000,1996.78000000,4.69
1749264933,4.69900000,3407.78000000,4.69
1749264933,4.70000000,2145.66000000,4.69
1749264933,4.70100000,1287.73000000,4.69
1749264933,4.70200000,3595.52000000,4.69
1749264933,4.70300000,722.62000000,4.69
1749264933,4.70400000,456.82000000,4.69
1749264933,4.70500000,3633.81000000,4.69
1749264933,4.70600000,346.00000000,4.69
1749264933,4.70700000,271.92000000,4.69
1749264933,4.70800000,7556.31000000,4.69
1749264933,4.70900000,1112.62000000,4.69
1749264933,4.71000000,485.97000000,4.69
1749264933,4.71100000,266.18000000,4.69
1749264933,4.71200000,164.17000000,4.69
1749264933,4.71300000,138.47000000,4.69
1749264933,4.71400000,382.34000000,4.69
1749264933,4.71500000,161.39000000,4.69
1749264933,4.71600000,160.69000000,4.69
1749264933,4.71700000,180.93000000,4.69
1749264933,4.71800000,630.88000000,4.69
1749264933,4.71900000,134.92000000,4.69
1749264933,4.72000000,1425.90000000,4.69
1749264933,4.72100000,25.13000000,4.69
1749264933,4.72200000,269.00000000,4.69
1749264933,4.72300000,391.21000000,4.69
1749264933,4.72400000,27.97000000,4.69
1749264933,4.72500000,3.77000000,4.69
1749264933,4.72600000,2.16000000,4.69
1749264933,4.72700000,52.57000000,4.69
1749264933,4.72800000,24.65000000,4.69
1749264933,4.72900000,43.68000000,4.69
1749264933,4.73000000,36.45000000,4.69
1749264933,4.73100000,20896.52000000,4.69
1749264933,4.73200000,8.47000000,4.69
1749264933,4.73300000,11.28000000,4.69
1749264933,4.73400000,4.87000000,4.69
1749264933,4.73500000,2.15000000,4.69
1749264933,4.73600000,9.46000000,4.69
1749264933,4.73700000,11.86000000,4.69
1749264933,4.73800000,47.51000000,4.69
1749264933,4.73900000,2.15000000,4.69
1749264933,4.74000000,44.93000000,4.69
1749264933,4.74100000,3.70000000,4.69
1749264933,4.74200000,2.15000000,4.69
1749264933,4.74300000,21.97000000,4.69
1749264933,4.74400000,6.03000000,4.69
1749264933,4.74500000,24.95000000,4.69
1749264933,4.74600000,2.15000000,4.69
1749264933,4.74700000,2.15000000,4.69
1749264933,4.74800000,207.05000000,4.69
1749264933,4.74900000,7.52000000,4.69
1749264933,4.75000000,298.10000000,4.69
1749264933,4.75100000,2.14000000,4.69
1749264933,4.75200000,9.85000000,4.69
1749264933,4.75300000,2.14000000,4.69
1749264933,4.75400000,3.92000000,4.69
1749264933,4.75500000,65.70000000,4.69
1749264933,4.75600000,3.74000000,4.69
1749264933,4.75700000,48.28000000,4.69
1749264933,4.75800000,13.64000000,4.69
1749264933,4.75900000,3.37000000,4.69
1749264933,4.76000000,13.71000000,4.69
1749264933,4.76100000,12.66000000,4.69
1749264933,4.76200000,2.14000000,4.69
1749264933,4.76300000,2.14000000,4.69
1749264933,4.76400000,6.14000000,4.69
1749264933,4.76500000,4.33000000,4.69
1749264933,4.76600000,1440.78000000,4.69
1749264933,4.76700000,3.07000000,4.69
1749264933,4.76900000,2.06000000,4.69
1749264933,4.77000000,7.38000000,4.69
1749264933,4.77200000,20.72000000,4.69
1749264933,4.77400000,29.82000000,4.69
1749264933,4.77500000,4.68000000,4.69
1749264933,4.77600000,4.92000000,4.69
1749264933,4.77700000,3.45000000,4.69
1749264933,4.77900000,36357.88000000,4.69
1749264933,4.78000000,205.26000000,4.69
1749264933,4.78100000,5.11000000,4.69
1749264933,4.78300000,4.69000000,4.69
1749264933,4.78400000,7.36000000,4.69
1749264933,4.78500000,225.03000000,4.69
1749264933,4.78600000,1.46000000,4.69
1749264933,4.78900000,1363.83000000,4.69
1749264933,4.79000000,16.54000000,4.69
1749264933,4.79100000,252.83000000,4.69
1749264933,4.79200000,1.30000000,4.69
1749264933,4.79300000,208.63000000,4.69
1749264933,4.79500000,62.70000000,4.69
1749264933,4.79700000,500.00000000,4.69
1749264933,4.79800000,2.77000000,4.69
1749265235,4.69300000,405.67000000,4.692
1749265235,4.69400000,1794.23000000,4.692
1749265235,4.69500000,2009.66000000,4.692
1749265235,4.69600000,2013.92000000,4.692
1749265235,4.69700000,2380.98000000,4.692
1749265235,4.69800000,2871.49000000,4.692
1749265235,4.69900000,2387.71000000,4.692
1749265235,4.70000000,2403.97000000,4.692
1749265235,4.70100000,2456.89000000,4.692
1749265235,4.70200000,1912.10000000,4.692
1749265235,4.70300000,1250.75000000,4.692
1749265235,4.70400000,1136.85000000,4.692
1749265235,4.70500000,3635.41000000,4.692
1749265235,4.70600000,2939.31000000,4.692
1749265235,4.70700000,273.52000000,4.692
1749265235,4.70800000,404.79000000,4.692
1749265235,4.70900000,4107.57000000,4.692
1749265235,4.71000000,503.74000000,4.692
1749265235,4.71100000,333.33000000,4.692
1749265235,4.71200000,164.17000000,4.692
1749265235,4.71300000,138.47000000,4.692
1749265235,4.71400000,382.34000000,4.692
1749265235,4.71500000,161.39000000,4.692
1749265235,4.71600000,4711.07000000,4.692
1749265235,4.71700000,180.93000000,4.692
1749265235,4.71800000,408.57000000,4.692
1749265235,4.71900000,247.42000000,4.692
1749265235,4.72000000,1382.60000000,4.692
1749265235,4.72100000,343.22000000,4.692
1749265235,4.72200000,269.00000000,4.692
1749265235,4.72300000,347.91000000,4.692
1749265235,4.72400000,27.97000000,4.692
1749265235,4.72500000,3.77000000,4.692
1749265235,4.72600000,2.16000000,4.692
1749265235,4.72700000,52.08000000,4.692
1749265235,4.72800000,24.65000000,4.692
1749265235,4.72900000,43.68000000,4.692
1749265235,4.73000000,48.28000000,4.692
1749265235,4.73100000,21079.01000000,4.692
1749265235,4.73200000,9.64000000,4.692
1749265235,4.73300000,32.59000000,4.692
1749265235,4.73400000,4.56000000,4.692
1749265235,4.73500000,3.75000000,4.692
1749265235,4.73600000,9.46000000,4.692
1749265235,4.73700000,13.46000000,4.692
1749265235,4.73800000,47.51000000,4.692
1749265235,4.73900000,2.15000000,4.692
1749265235,4.74000000,44.93000000,4.692
1749265235,4.74100000,3.21000000,4.692
1749265235,4.74200000,2.15000000,4.692
1749265235,4.74300000,21.97000000,4.692
1749265235,4.74400000,6.03000000,4.692
1749265235,4.74500000,24.95000000,4.692
1749265235,4.74600000,2.15000000,4.692
1749265235,4.74700000,2.15000000,4.692
1749265235,4.74800000,207.05000000,4.692
1749265235,4.74900000,7.52000000,4.692
1749265235,4.75000000,298.10000000,4.692
1749265235,4.75100000,2.14000000,4.692
1749265235,4.75200000,9.85000000,4.692
1749265235,4.75300000,2.14000000,4.692
1749265235,4.75400000,3.92000000,4.692
1749265235,4.75500000,65.70000000,4.692
1749265235,4.75600000,3.74000000,4.692
1749265235,4.75700000,3.26000000,4.692
1749265235,4.75800000,13.64000000,4.692
1749265235,4.75900000,3.37000000,4.692
1749265235,4.76000000,13.71000000,4.692
1749265235,4.76100000,12.66000000,4.692
1749265235,4.76200000,2.14000000,4.692
1749265235,4.76300000,2.14000000,4.692
1749265235,4.76400000,6.14000000,4.692
1749265235,4.76500000,4.33000000,4.692
1749265235,4.76600000,1442.92000000,4.692
1749265235,4.76700000,5.21000000,4.692
1749265235,4.76800000,2.14000000,4.692
1749265235,4.76900000,2.06000000,4.692
1749265235,4.77000000,7.38000000,4.692
1749265235,4.77200000,11.44000000,4.692
1749265235,4.77500000,4.68000000,4.692
1749265235,4.77600000,4.92000000,4.692
1749265235,4.77700000,3.45000000,4.692
1749265235,4.77800000,45.02000000,4.692
1749265235,4.77900000,36571.12000000,4.692
1749265235,4.78000000,205.26000000,4.692
1749265235,4.78100000,5.11000000,4.692
1749265235,4.78300000,4.69000000,4.692
1749265235,4.78400000,16.64000000,4.692
1749265235,4.78500000,225.03000000,4.692
1749265235,4.78600000,1.46000000,4.692
1749265235,4.78900000,1363.83000000,4.692
1749265235,4.79000000,16.54000000,4.692
1749265235,4.79100000,252.83000000,4.692
1749265235,4.79200000,1.30000000,4.692
1749265235,4.79300000,208.63000000,4.692
1749265235,4.79500000,62.70000000,4.692
1749265235,4.79700000,500.00000000,4.692
1749265235,4.79800000,32.59000000,4.692
1749265235,4.79900000,2.71000000,4.692
1749265235,4.80000000,616.16000000,4.692
1749265536,4.69700000,1333.84000000,4.697
1749265536,4.69800000,1135.85000000,4.697
1749265536,4.69900000,1262.68000000,4.697
1749265536,4.70000000,2012.43000000,4.697
1749265536,4.70100000,2440.64000000,4.697
1749265536,4.70200000,3140.60000000,4.697
1749265536,4.70300000,1349.35000000,4.697
1749265536,4.70400000,2333.56000000,4.697
1749265536,4.70500000,2872.47000000,4.697
1749265536,4.70600000,2561.60000000,4.697
1749265536,4.70700000,1087.36000000,4.697
1749265536,4.70800000,1727.17000000,4.697
1749265536,4.70900000,1085.91000000,4.697
1749265536,4.71000000,1095.10000000,4.697
1749265536,4.71100000,1172.23000000,4.697
1749265536,4.71200000,369.15000000,4.697
1749265536,4.71300000,250.66000000,4.697
1749265536,4.71400000,2968.11000000,4.697
1749265536,4.71500000,3151.17000000,4.697
1749265536,4.71600000,341.07000000,4.697
1749265536,4.71700000,3743.56000000,4.697
1749265536,4.71800000,359.56000000,4.697
1749265536,4.71900000,138.40000000,4.697
1749265536,4.72000000,1336.96000000,4.697
1749265536,4.72100000,246.75000000,4.697
1749265536,4.72200000,357.32000000,4.697
1749265536,4.72300000,498.85000000,4.697
1749265536,4.72400000,4647.52000000,4.697
1749265536,4.72500000,252.45000000,4.697
1749265536,4.72600000,335.97000000,4.697
1749265536,4.72700000,491.15000000,4.697
1749265536,4.72800000,137.15000000,4.697
1749265536,4.72900000,156.18000000,4.697
1749265536,4.73000000,454.40000000,4.697
1749265536,4.73100000,1489.73000000,4.697
1749265536,4.73200000,9.64000000,4.697
1749265536,4.73300000,32.59000000,4.697
1749265536,4.73400000,248.00000000,4.697
1749265536,4.73500000,25.05000000,4.697
1749265536,4.73600000,72.84000000,4.697
1749265536,4.73700000,20361.98000000,4.697
1749265536,4.73800000,268.82000000,4.697
1749265536,4.73900000,25.03000000,4.697
1749265536,4.74000000,46.10000000,4.697
1749265536,4.74100000,28.99000000,4.697
1749265536,4.74200000,23.42000000,4.697
1749265536,4.74300000,78.96000000,4.697
1749265536,4.74400000,28.46000000,4.697
1749265536,4.74500000,26.55000000,4.697
1749265536,4.74600000,2.15000000,4.697
1749265536,4.74700000,3.21000000,4.697
1749265536,4.74800000,4.28000000,4.697
1749265536,4.74900000,7.52000000,4.697
1749265536,4.75000000,187.20000000,4.697
1749265536,4.75100000,2.14000000,4.697
1749265536,4.75200000,9.85000000,4.697
1749265536,4.75300000,2.14000000,4.697
1749265536,4.75400000,3.92000000,4.697
1749265536,4.75500000,65.70000000,4.697
1749265536,4.75600000,3.74000000,4.697
1749265536,4.75700000,3.26000000,4.697
1749265536,4.75800000,3.32000000,4.697
1749265536,4.75900000,3.37000000,4.697
1749265536,4.76000000,213.38000000,4.697
1749265536,4.76100000,2.14000000,4.697
1749265536,4.76200000,2.14000000,4.697
1749265536,4.76300000,111.41000000,4.697
1749265536,4.76400000,6.14000000,4.697
1749265536,4.76500000,4.33000000,4.697
1749265536,4.76600000,3.60000000,4.697
1749265536,4.76700000,5.21000000,4.697
1749265536,4.76800000,2.14000000,4.697
1749265536,4.76900000,4.20000000,4.697
1749265536,4.77000000,19.84000000,4.697
1749265536,4.77100000,2.14000000,4.697
1749265536,4.77200000,3.96000000,4.697
1749265536,4.77400000,10.52000000,4.697
1749265536,4.77500000,4.68000000,4.697
1749265536,4.77600000,4.92000000,4.697
1749265536,4.77700000,3.45000000,4.697
1749265536,4.77800000,45.02000000,4.697
1749265536,4.77900000,1439.32000000,4.697
1749265536,4.78000000,205.26000000,4.697
1749265536,4.78100000,5.11000000,4.697
1749265536,4.78300000,4.69000000,4.697
1749265536,4.78400000,16.97000000,4.697
1749265536,4.78500000,37115.44000000,4.697
1749265536,4.78600000,1.46000000,4.697
1749265536,4.78900000,6.56000000,4.697
1749265536,4.79000000,16.54000000,4.697
1749265536,4.79100000,4.29000000,4.697
1749265536,4.79200000,1.30000000,4.697
1749265536,4.79300000,208.63000000,4.697
1749265536,4.79500000,62.70000000,4.697
1749265536,4.79600000,9.28000000,4.697
1749265536,4.79700000,707.71000000,4.697
1749265536,4.79800000,32.59000000,4.697
1749265536,4.79900000,2.71000000,4.697
1749265536,4.80000000,616.16000000,4.697
1749265536,4.80200000,1405.95000000,4.697
1749265838,4.70700000,524.93000000,4.706
1749265838,4.70800000,1388.28000000,4.706
1749265838,4.70900000,2756.09000000,4.706
1749265838,4.71000000,2658.39000000,4.706
1749265838,4.71100000,2797.27000000,4.706
1749265838,4.71200000,3241.19000000,4.706
1749265838,4.71300000,1954.91000000,4.706
1749265838,4.71400000,4098.16000000,4.706
1749265838,4.71500000,3029.21000000,4.706
1749265838,4.71600000,2112.72000000,4.706
1749265838,4.71700000,1757.74000000,4.706
1749265838,4.71800000,2942.56000000,4.706
1749265838,4.71900000,675.84000000,4.706
1749265838,4.72000000,1397.98000000,4.706
1749265838,4.72100000,322.89000000,4.706
1749265838,4.72200000,358.49000000,4.706
1749265838,4.72300000,6827.14000000,4.706
1749265838,4.72400000,4647.52000000,4.706
1749265838,4.72500000,160.91000000,4.706
1749265838,4.72600000,424.56000000,4.706
1749265838,4.72700000,186.78000000,4.706
1749265838,4.72800000,137.15000000,4.706
1749265838,4.72900000,199.48000000,4.706
1749265838,4.73000000,442.57000000,4.706
1749265838,4.73100000,225.59000000,4.706
1749265838,4.73200000,165.44000000,4.706
1749265838,4.73300000,32.59000000,4.706
1749265838,4.73400000,248.00000000,4.706
1749265838,4.73500000,358.97000000,4.706
1749265838,4.73600000,72.84000000,4.706
1749265838,4.73700000,13.46000000,4.706
1749265838,4.73800000,268.82000000,4.706
1749265838,4.73900000,25.03000000,4.706
1749265838,4.74000000,46.10000000,4.706
1749265838,4.74100000,28.99000000,4.706
1749265838,4.74200000,23.42000000,4.706
1749265838,4.74300000,1452.44000000,4.706
1749265838,4.74400000,28.46000000,4.706
1749265838,4.74500000,26.55000000,4.706
1749265838,4.74600000,20839.90000000,4.706
1749265838,4.74700000,4.81000000,4.706
1749265838,4.74800000,4.28000000,4.706
1749265838,4.74900000,7.52000000,4.706
1749265838,4.75000000,187.20000000,4.706
1749265838,4.75100000,2.14000000,4.706
1749265838,4.75200000,9.85000000,4.706
1749265838,4.75300000,2.14000000,4.706
1749265838,4.75400000,3.92000000,4.706
1749265838,4.75500000,66.76000000,4.706
1749265838,4.75600000,3.74000000,4.706
1749265838,4.75700000,3.26000000,4.706
1749265838,4.75800000,3.32000000,4.706
1749265838,4.75900000,3.37000000,4.706
1749265838,4.76000000,213.38000000,4.706
1749265838,4.76100000,2.14000000,4.706
1749265838,4.76200000,2.14000000,4.706
1749265838,4.76300000,111.41000000,4.706
1749265838,4.76400000,6.14000000,4.706
1749265838,4.76500000,4.33000000,4.706
1749265838,4.76600000,3.60000000,4.706
1749265838,4.76700000,5.21000000,4.706
1749265838,4.76800000,2.14000000,4.706
1749265838,4.76900000,4.20000000,4.706
1749265838,4.77000000,19.84000000,4.706
1749265838,4.77100000,2.14000000,4.706
1749265838,4.77200000,3.96000000,4.706
1749265838,4.77300000,2.13000000,4.706
1749265838,4.77400000,12.65000000,4.706
1749265838,4.77500000,6.81000000,4.706
1749265838,4.77600000,7.05000000,4.706
1749265838,4.77700000,5.58000000,4.706
1749265838,4.77800000,14.08000000,4.706
1749265838,4.77900000,1441.45000000,4.706
1749265838,4.78000000,207.39000000,4.706
1749265838,4.78100000,7.24000000,4.706
1749265838,4.78200000,2.13000000,4.706
1749265838,4.78300000,4.69000000,4.706
1749265838,4.78400000,16.97000000,4.706
1749265838,4.78500000,17.32000000,4.706
1749265838,4.78600000,1.46000000,4.706
1749265838,4.78900000,6.56000000,4.706
1749265838,4.79000000,28.37000000,4.706
1749265838,4.79100000,4.29000000,4.706
1749265838,4.79200000,1.30000000,4.706
1749265838,4.79300000,241.70000000,4.706
1749265838,4.79400000,35376.11000000,4.706
1749265838,4.79500000,62.70000000,4.706
1749265838,4.79600000,9.28000000,4.706
1749265838,4.79700000,707.71000000,4.706
1749265838,4.79800000,32.59000000,4.706
1749265838,4.79900000,2.71000000,4.706
1749265838,4.80000000,616.16000000,4.706
1749265838,4.80200000,1405.95000000,4.706
1749265838,4.80300000,6.91000000,4.706
1749265838,4.80400000,250.64000000,4.706
1749265838,4.80600000,2.04000000,4.706
1749265838,4.80700000,1.83000000,4.706
1749265838,4.80900000,3.60000000,4.706
1749265838,4.81000000,11.02000000,4.706
1749265838,4.81200000,578.73000000,4.706
1749266139,4.72200000,2187.86000000,4.721
1749266139,4.72300000,1443.55000000,4.721
1749266139,4.72400000,2362.88000000,4.721
1749266139,4.72500000,1768.45000000,4.721
1749266139,4.72600000,3597.68000000,4.721
1749266139,4.72700000,2900.60000000,4.721
1749266139,4.72800000,3697.06000000,4.721
1749266139,4.72900000,3713.00000000,4.721
1749266139,4.73000000,2418.74000000,4.721
1749266139,4.73100000,1438.99000000,4.721
1749266139,4.73200000,1318.14000000,4.721
1749266139,4.73300000,569.20000000,4.721
1749266139,4.73400000,6374.51000000,4.721
1749266139,4.73500000,245.95000000,4.721
1749266139,4.73600000,492.80000000,4.721
1749266139,4.73700000,1143.36000000,4.721
1749266139,4.73800000,3294.61000000,4.721
1749266139,4.73900000,137.53000000,4.721
1749266139,4.74000000,4726.74000000,4.721
1749266139,4.74100000,228.28000000,4.721
1749266139,4.74200000,429.54000000,4.721
1749266139,4.74300000,136.07000000,4.721
1749266139,4.74400000,184.26000000,4.721
1749266139,4.74500000,204.64000000,4.721
1749266139,4.74600000,358.09000000,4.721
1749266139,4.74700000,160.61000000,4.721
1749266139,4.74800000,26.67000000,4.721
1749266139,4.74900000,118.73000000,4.721
1749266139,4.75000000,376.47000000,4.721
1749266139,4.75100000,24.96000000,4.721
1749266139,4.75200000,11.01000000,4.721
1749266139,4.75300000,68.25000000,4.721
1749266139,4.75400000,268.57000000,4.721
1749266139,4.75500000,1700.68000000,4.721
1749266139,4.75600000,45.83000000,4.721
1749266139,4.75700000,247.36000000,4.721
1749266139,4.75800000,24.50000000,4.721
1749266139,4.75900000,60.35000000,4.721
1749266139,4.76000000,36.05000000,4.721
1749266139,4.76100000,20169.11000000,4.721
1749266139,4.76200000,2.14000000,4.721
1749266139,4.76300000,2.14000000,4.721
1749266139,4.76400000,6.14000000,4.721
1749266139,4.76500000,4.33000000,4.721
1749266139,4.76600000,9.31000000,4.721
1749266139,4.76700000,5.21000000,4.721
1749266139,4.76800000,6.75000000,4.721
1749266139,4.76900000,4.20000000,4.721
1749266139,4.77000000,9.52000000,4.721
1749266139,4.77100000,2.14000000,4.721
1749266139,4.77200000,206.58000000,4.721
1749266139,4.77300000,2.13000000,4.721
1749266139,4.77400000,2.13000000,4.721
1749266139,4.77500000,6.81000000,4.721
1749266139,4.77600000,7.05000000,4.721
1749266139,4.77700000,116.32000000,4.721
1749266139,4.77800000,14.08000000,4.721
1749266139,4.77900000,2.13000000,4.721
1749266139,4.78000000,207.39000000,4.721
1749266139,4.78100000,7.24000000,4.721
1749266139,4.78200000,2.13000000,4.721
1749266139,4.78300000,17.14000000,4.721
1749266139,4.78400000,9.49000000,4.721
1749266139,4.78500000,19.45000000,4.721
1749266139,4.78600000,3.59000000,4.721
1749266139,4.78700000,12.65000000,4.721
1749266139,4.78800000,2.13000000,4.721
1749266139,4.78900000,8.69000000,4.721
1749266139,4.79000000,30.50000000,4.721
1749266139,4.79100000,1445.74000000,4.721
1749266139,4.79200000,3.43000000,4.721
1749266139,4.79300000,243.82000000,4.721
1749266139,4.79400000,2.12000000,4.721
1749266139,4.79500000,64.82000000,4.721
1749266139,4.79600000,2.12000000,4.721
1749266139,4.79700000,502.12000000,4.721
1749266139,4.79800000,2.77000000,4.721
1749266139,4.79900000,2.71000000,4.721
1749266139,4.80000000,616.16000000,4.721
1749266139,4.80200000,48.68000000,4.721
1749266139,4.80300000,6.91000000,4.721
1749266139,4.80400000,2.10000000,4.721
1749266139,4.80600000,2.04000000,4.721
1749266139,4.80700000,1.83000000,4.721
1749266139,4.80900000,34893.08000000,4.721
1749266139,4.81000000,228.01000000,4.721
1749266139,4.81200000,578.73000000,4.721
1749266139,4.81500000,1444.44000000,4.721
1749266139,4.81700000,269.03000000,4.721
1749266139,4.81800000,4.11000000,4.721
1749266139,4.81900000,2.95000000,4.721
1749266139,4.82000000,1.07000000,4.721
1749266139,4.82100000,3.07000000,4.721
1749266139,4.82200000,29.82000000,4.721
1749266139,4.82300000,3.58000000,4.721
1749266139,4.82400000,4.00000000,4.721
1749266139,4.82500000,76.33000000,4.721
1749266139,4.82600000,1.66000000,4.721
1749266139,4.82700000,1.61000000,4.721
1749266139,4.83000000,39.89000000,4.721
1749266441,4.71500000,895.72000000,4.714
1749266441,4.71600000,1991.85000000,4.714
1749266441,4.71700000,859.04000000,4.714
1749266441,4.71800000,1089.47000000,4.714
1749266441,4.71900000,3183.62000000,4.714
1749266441,4.72000000,2373.54000000,4.714
1749266441,4.72100000,1222.92000000,4.714
1749266441,4.72200000,2551.73000000,4.714
1749266441,4.72300000,1082.10000000,4.714
1749266441,4.72400000,937.43000000,4.714
1749266441,4.72500000,653.00000000,4.714
1749266441,4.72600000,876.35000000,4.714
1749266441,4.72700000,1318.72000000,4.714
1749266441,4.72800000,1374.38000000,4.714
1749266441,4.72900000,280.08000000,4.714
1749266441,4.73000000,3149.57000000,4.714
1749266441,4.73100000,161.14000000,4.714
1749266441,4.73200000,3321.05000000,4.714
1749266441,4.73300000,807.30000000,4.714
1749266441,4.73400000,3793.10000000,4.714
1749266441,4.73500000,190.44000000,4.714
1749266441,4.73600000,492.80000000,4.714
1749266441,4.73700000,1116.42000000,4.714
1749266441,4.73800000,441.89000000,4.714
1749266441,4.73900000,248.19000000,4.714
1749266441,4.74000000,445.48000000,4.714
1749266441,4.74100000,117.31000000,4.714
1749266441,4.74200000,473.58000000,4.714
1749266441,4.74300000,247.14000000,4.714
1749266441,4.74400000,140.96000000,4.714
1749266441,4.74500000,204.64000000,4.714
1749266441,4.74600000,245.59000000,4.714
1749266441,4.74700000,25.98000000,4.714
1749266441,4.74800000,4533.72000000,4.714
1749266441,4.74900000,299.43000000,4.714
1749266441,4.75000000,333.17000000,4.714
1749266441,4.75100000,24.96000000,4.714
1749266441,4.75200000,11.01000000,4.714
1749266441,4.75300000,24.95000000,4.714
1749266441,4.75400000,268.57000000,4.714
1749266441,4.75500000,22260.88000000,4.714
1749266441,4.75600000,45.83000000,4.714
1749266441,4.75700000,247.36000000,4.714
1749266441,4.75800000,46.63000000,4.714
1749266441,4.75900000,60.35000000,4.714
1749266441,4.76000000,60.23000000,4.714
1749266441,4.76100000,226.10000000,4.714
1749266441,4.76200000,2.14000000,4.714
1749266441,4.76300000,24.90000000,4.714
1749266441,4.76400000,6.14000000,4.714
1749266441,4.76500000,5.92000000,4.714
1749266441,4.76600000,9.31000000,4.714
1749266441,4.76700000,6.80000000,4.714
1749266441,4.76800000,6.75000000,4.714
1749266441,4.76900000,4.20000000,4.714
1749266441,4.77000000,9.52000000,4.714
1749266441,4.77100000,2.14000000,4.714
1749266441,4.77200000,3.96000000,4.714
1749266441,4.77300000,2.13000000,4.714
1749266441,4.77400000,2.13000000,4.714
1749266441,4.77500000,6.81000000,4.714
1749266441,4.77600000,7.05000000,4.714
1749266441,4.77700000,5.58000000,4.714
1749266441,4.77800000,2.13000000,4.714
1749266441,4.77900000,2.13000000,4.714
1749266441,4.78000000,207.39000000,4.714
1749266441,4.78100000,7.24000000,4.714
1749266441,4.78200000,2.13000000,4.714
1749266441,4.78300000,6.82000000,4.714
1749266441,4.78400000,210.09000000,4.714
1749266441,4.78500000,19.45000000,4.714
1749266441,4.78600000,13.91000000,4.714
1749266441,4.78700000,12.65000000,4.714
1749266441,4.78800000,2.13000000,4.714
1749266441,4.78900000,8.69000000,4.714
1749266441,4.79000000,18.67000000,4.714
1749266441,4.79100000,113.67000000,4.714
1749266441,4.79200000,1.30000000,4.714
1749266441,4.79300000,241.70000000,4.714
1749266441,4.79500000,62.70000000,4.714
1749266441,4.79700000,500.00000000,4.714
1749266441,4.79800000,2.77000000,4.714
1749266441,4.79900000,2.71000000,4.714
1749266441,4.80000000,616.16000000,4.714
1749266441,4.80200000,48.68000000,4.714
1749266441,4.80300000,35492.38000000,4.714
1749266441,4.80400000,2.10000000,4.714
1749266441,4.80500000,1451.15000000,4.714
1749266441,4.80600000,2.04000000,4.714
1749266441,4.80700000,1.83000000,4.714
1749266441,4.80800000,11.95000000,4.714
1749266441,4.80900000,13.21000000,4.714
1749266441,4.81000000,20.30000000,4.714
1749266441,4.81200000,578.73000000,4.714
1749266441,4.81500000,87.17000000,4.714
1749266441,4.81700000,269.03000000,4.714
1749266441,4.81800000,4.11000000,4.714
1749266441,4.81900000,2.95000000,4.714
1749266441,4.82000000,1.07000000,4.714
1749266441,4.82100000,3.07000000,4.714
1749266742,4.72900000,482.14000000,4.728
1749266742,4.73000000,1171.31000000,4.728
1749266742,4.73100000,1853.98000000,4.728
1749266742,4.73200000,2289.80000000,4.728
1749266742,4.73300000,3158.42000000,4.728
1749266742,4.73400000,1024.13000000,4.728
1749266742,4.73500000,1296.68000000,4.728
1749266742,4.73600000,3274.16000000,4.728
1749266742,4.73700000,3286.89000000,4.728
1749266742,4.73800000,2433.87000000,4.728
1749266742,4.73900000,761.55000000,4.728
1749266742,4.74000000,1334.07000000,4.728
1749266742,4.74100000,119.63000000,4.728
1749266742,4.74200000,3074.18000000,4.728
1749266742,4.74300000,188.38000000,4.728
1749266742,4.74400000,495.06000000,4.728
1749266742,4.74500000,3586.52000000,4.728
1749266742,4.74600000,3354.38000000,4.728
1749266742,4.74700000,4646.26000000,4.728
1749266742,4.74800000,192.02000000,4.728
1749266742,4.74900000,191.86000000,4.728
1749266742,4.75000000,485.27000000,4.728
1749266742,4.75100000,137.46000000,4.728
1749266742,4.75200000,166.81000000,4.728
1749266742,4.75300000,203.82000000,4.728
1749266742,4.75400000,431.25000000,4.728
1749266742,4.75500000,224.89000000,4.728
1749266742,4.75600000,269.29000000,4.728
1749266742,4.75700000,359.86000000,4.728
1749266742,4.75800000,112.22000000,4.728
1749266742,4.75900000,4.96000000,4.728
1749266742,4.76000000,60.23000000,4.728
1749266742,4.76100000,226.83000000,4.728
1749266742,4.76200000,2.14000000,4.728
1749266742,4.76300000,24.90000000,4.728
1749266742,4.76400000,7.30000000,4.728
1749266742,4.76500000,5.92000000,4.728
1749266742,4.76600000,30.46000000,4.728
1749266742,4.76700000,21841.39000000,4.728
1749266742,4.76800000,8.65000000,4.728
1749266742,4.76900000,26.93000000,4.728
1749266742,4.77000000,9.52000000,4.728
1749266742,4.77100000,3.73000000,4.728
1749266742,4.77200000,3.96000000,4.728
1749266742,4.77300000,2.13000000,4.728
1749266742,4.77400000,3.92000000,4.728
1749266742,4.77500000,62.20000000,4.728
1749266742,4.77600000,7.05000000,4.728
1749266742,4.77700000,5.58000000,4.728
1749266742,4.77800000,2.13000000,4.728
1749266742,4.77900000,2.13000000,4.728
1749266742,4.78000000,207.39000000,4.728
1749266742,4.78100000,7.24000000,4.728
1749266742,4.78200000,3.92000000,4.728
1749266742,4.78300000,6.82000000,4.728
1749266742,4.78400000,209.95000000,4.728
1749266742,4.78500000,19.45000000,4.728
1749266742,4.78600000,3.59000000,4.728
1749266742,4.78700000,2.13000000,4.728
1749266742,4.78800000,2.13000000,4.728
1749266742,4.78900000,8.69000000,4.728
1749266742,4.79000000,18.67000000,4.728
1749266742,4.79100000,115.80000000,4.728
1749266742,4.79200000,3.43000000,4.728
1749266742,4.79300000,243.83000000,4.728
1749266742,4.79400000,2.12000000,4.728
1749266742,4.79500000,64.82000000,4.728
1749266742,4.79600000,2.12000000,4.728
1749266742,4.79700000,502.12000000,4.728
1749266742,4.79800000,15.21000000,4.728
1749266742,4.79900000,15.35000000,4.728
1749266742,4.80000000,618.28000000,4.728
1749266742,4.80100000,2.12000000,4.728
1749266742,4.80200000,50.80000000,4.728
1749266742,4.80300000,9.03000000,4.728
1749266742,4.80400000,4.22000000,4.728
1749266742,4.80500000,1439.32000000,4.728
1749266742,4.80600000,2.04000000,4.728
1749266742,4.80700000,1.83000000,4.728
1749266742,4.80800000,11.95000000,4.728
1749266742,4.80900000,13.21000000,4.728
1749266742,4.81000000,22.30000000,4.728
1749266742,4.81200000,578.73000000,4.728
1749266742,4.81500000,37314.85000000,4.728
1749266742,4.81700000,280.86000000,4.728
1749266742,4.81800000,4.11000000,4.728
1749266742,4.81900000,2.95000000,4.728
1749266742,4.82000000,1.07000000,4.728
1749266742,4.82100000,3.07000000,4.728
1749266742,4.82200000,29.82000000,4.728
1749266742,4.82300000,211.29000000,4.728
1749266742,4.82400000,4.00000000,4.728
1749266742,4.82500000,76.33000000,4.728
1749266742,4.82600000,1.66000000,4.728
1749266742,4.82700000,1.61000000,4.728
1749266742,4.82800000,1357.27000000,4.728
1749266742,4.83000000,39.89000000,4.728
1749266742,4.83300000,29.80000000,4.728
1749266742,4.83400000,5.82000000,4.728
1749266742,4.83500000,1.28000000,4.728
1749267044,4.72200000,1232.83000000,4.721
1749267044,4.72300000,1836.66000000,4.721
1749267044,4.72400000,1893.62000000,4.721
1749267044,4.72500000,1883.88000000,4.721
1749267044,4.72600000,1306.00000000,4.721
1749267044,4.72700000,1116.42000000,4.721
1749267044,4.72800000,2652.29000000,4.721
1749267044,4.72900000,1600.09000000,4.721
1749267044,4.73000000,1885.38000000,4.721
1749267044,4.73100000,2112.72000000,4.721
1749267044,4.73200000,2431.54000000,4.721
1749267044,4.73300000,1246.24000000,4.721
1749267044,4.73400000,1105.96000000,4.721
1749267044,4.73500000,2042.98000000,4.721
1749267044,4.73600000,1241.35000000,4.721
1749267044,4.73700000,2890.87000000,4.721
1749267044,4.73800000,569.72000000,4.721
1749267044,4.73900000,139.12000000,4.721
1749267044,4.74000000,442.52000000,4.721
1749267044,4.74100000,3129.53000000,4.721
1749267044,4.74200000,491.18000000,4.721
1749267044,4.74300000,136.07000000,4.721
1749267044,4.74400000,495.06000000,4.721
1749267044,4.74500000,3568.89000000,4.721
1749267044,4.74600000,468.75000000,4.721
1749267044,4.74700000,5634.27000000,4.721
1749267044,4.74800000,183.32000000,4.721
1749267044,4.74900000,201.40000000,4.721
1749267044,4.75000000,593.24000000,4.721
1749267044,4.75100000,137.46000000,4.721
1749267044,4.75200000,11.01000000,4.721
1749267044,4.75300000,47.15000000,4.721
1749267044,4.75400000,318.75000000,4.721
1749267044,4.75500000,68.74000000,4.721
1749267044,4.75600000,291.11000000,4.721
1749267044,4.75700000,247.36000000,4.721
1749267044,4.75800000,112.22000000,4.721
1749267044,4.75900000,4.96000000,4.721
1749267044,4.76000000,60.23000000,4.721
1749267044,4.76100000,226.47000000,4.721
1749267044,4.76200000,2.14000000,4.721
1749267044,4.76300000,24.90000000,4.721
1749267044,4.76400000,20187.94000000,4.721
1749267044,4.76500000,5.92000000,4.721
1749267044,4.76600000,30.46000000,4.721
1749267044,4.76700000,1380.28000000,4.721
1749267044,4.76800000,8.30000000,4.721
1749267044,4.76900000,26.93000000,4.721
1749267044,4.77000000,9.52000000,4.721
1749267044,4.77100000,3.73000000,4.721
1749267044,4.77200000,3.96000000,4.721
1749267044,4.77300000,2.13000000,4.721
1749267044,4.77400000,3.57000000,4.721
1749267044,4.77500000,62.20000000,4.721
1749267044,4.77600000,7.05000000,4.721
1749267044,4.77700000,5.58000000,4.721
1749267044,4.77800000,2.13000000,4.721
1749267044,4.77900000,2.13000000,4.721
1749267044,4.78000000,207.39000000,4.721
1749267044,4.78100000,7.24000000,4.721
1749267044,4.78200000,3.56000000,4.721
1749267044,4.78300000,6.82000000,4.721
1749267044,4.78400000,209.95000000,4.721
1749267044,4.78500000,19.45000000,4.721
1749267044,4.78600000,3.59000000,4.721
1749267044,4.78700000,2.13000000,4.721
1749267044,4.78800000,2.13000000,4.721
1749267044,4.78900000,8.69000000,4.721
1749267044,4.79000000,18.67000000,4.721
1749267044,4.79100000,115.80000000,4.721
1749267044,4.79200000,3.43000000,4.721
1749267044,4.79300000,243.83000000,4.721
1749267044,4.79400000,2.12000000,4.721
1749267044,4.79500000,64.82000000,4.721
1749267044,4.79600000,2.12000000,4.721
1749267044,4.79700000,502.12000000,4.721
1749267044,4.79800000,13.09000000,4.721
1749267044,4.79900000,13.23000000,4.721
1749267044,4.80000000,616.16000000,4.721
1749267044,4.80200000,48.68000000,4.721
1749267044,4.80300000,6.91000000,4.721
1749267044,4.80400000,2.10000000,4.721
1749267044,4.80500000,1439.32000000,4.721
1749267044,4.80600000,2.04000000,4.721
1749267044,4.80700000,1.83000000,4.721
1749267044,4.80900000,13.21000000,4.721
1749267044,4.81000000,22.30000000,4.721
1749267044,4.81200000,37417.73000000,4.721
1749267044,4.81400000,11.95000000,4.721
1749267044,4.81500000,87.17000000,4.721
1749267044,4.81700000,280.86000000,4.721
1749267044,4.81800000,4.11000000,4.721
1749267044,4.81900000,2.95000000,4.721
1749267044,4.82000000,1.07000000,4.721
1749267044,4.82100000,3.07000000,4.721
1749267044,4.82200000,29.82000000,4.721
1749267044,4.82300000,211.29000000,4.721
1749267044,4.82400000,4.00000000,4.721
1749267044,4.82500000,76.33000000,4.721
1749267044,4.82600000,1.66000000,4.721
1749267345,4.72500000,419.37000000,4.724
1749267345,4.72600000,839.54000000,4.724
1749267345,4.72700000,1634.51000000,4.724
1749267345,4.72800000,1924.11000000,4.724
1749267345,4.72900000,2488.28000000,4.724
1749267345,4.73000000,2450.75000000,4.724
1749267345,4.73100000,2025.68000000,4.724
1749267345,4.73200000,3200.05000000,4.724
1749267345,4.73300000,785.05000000,4.724
1749267345,4.73400000,891.32000000,4.724
1749267345,4.73500000,854.53000000,4.724
1749267345,4.73600000,1492.63000000,4.724
1749267345,4.73700000,2753.85000000,4.724
1749267345,4.73800000,525.88000000,4.724
1749267345,4.73900000,3567.37000000,4.724
1749267345,4.74000000,484.23000000,4.724
1749267345,4.74100000,2961.03000000,4.724
1749267345,4.74200000,491.18000000,4.724
1749267345,4.74300000,179.37000000,4.724
1749267345,4.74400000,384.40000000,4.724
1749267345,4.74500000,139.05000000,4.724
1749267345,4.74600000,466.98000000,4.724
1749267345,4.74700000,5634.03000000,4.724
1749267345,4.74800000,139.17000000,4.724
1749267345,4.74900000,192.25000000,4.724
1749267345,4.75000000,593.24000000,4.724
1749267345,4.75100000,24.96000000,4.724
1749267345,4.75200000,123.51000000,4.724
1749267345,4.75300000,47.15000000,4.724
1749267345,4.75400000,318.75000000,4.724
1749267345,4.75500000,318.28000000,4.724
1749267345,4.75600000,45.83000000,4.724
1749267345,4.75700000,247.36000000,4.724
1749267345,4.75800000,46.63000000,4.724
1749267345,4.75900000,4.96000000,4.724
1749267345,4.76000000,60.23000000,4.724
1749267345,4.76100000,226.23000000,4.724
1749267345,4.76200000,2.14000000,4.724
1749267345,4.76300000,24.90000000,4.724
1749267345,4.76400000,7.30000000,4.724
1749267345,4.76500000,20205.04000000,4.724
1749267345,4.76600000,30.46000000,4.724
1749267345,4.76700000,1380.28000000,4.724
1749267345,4.76800000,6.89000000,4.724
1749267345,4.76900000,26.93000000,4.724
1749267345,4.77000000,9.52000000,4.724
1749267345,4.77100000,3.73000000,4.724
1749267345,4.77200000,3.96000000,4.724
1749267345,4.77300000,2.13000000,4.724
1749267345,4.77400000,3.32000000,4.724
1749267345,4.77500000,62.20000000,4.724
1749267345,4.77600000,7.05000000,4.724
1749267345,4.77700000,5.58000000,4.724
1749267345,4.77800000,2.13000000,4.724
1749267345,4.77900000,2.13000000,4.724
1749267345,4.78000000,207.39000000,4.724
1749267345,4.78100000,7.24000000,4.724
1749267345,4.78200000,3.32000000,4.724
1749267345,4.78300000,6.82000000,4.724
1749267345,4.78400000,209.95000000,4.724
1749267345,4.78500000,19.45000000,4.724
1749267345,4.78600000,3.59000000,4.724
1749267345,4.78700000,2.13000000,4.724
1749267345,4.78800000,2.13000000,4.724
1749267345,4.78900000,8.69000000,4.724
1749267345,4.79000000,18.67000000,4.724
1749267345,4.79100000,115.80000000,4.724
1749267345,4.79200000,3.43000000,4.724
1749267345,4.79300000,243.83000000,4.724
1749267345,4.79400000,2.12000000,4.724
1749267345,4.79500000,64.82000000,4.724
1749267345,4.79600000,2.12000000,4.724
1749267345,4.79700000,502.12000000,4.724
1749267345,4.79800000,15.21000000,4.724
1749267345,4.79900000,15.35000000,4.724
1749267345,4.80000000,620.39000000,4.724
1749267345,4.80200000,48.68000000,4.724
1749267345,4.80300000,6.91000000,4.724
1749267345,4.80400000,2.10000000,4.724
1749267345,4.80500000,1439.32000000,4.724
1749267345,4.80600000,25.82000000,4.724
1749267345,4.80700000,1.83000000,4.724
1749267345,4.80900000,13.21000000,4.724
1749267345,4.81000000,20.30000000,4.724
1749267345,4.81200000,578.73000000,4.724
1749267345,4.81300000,35964.14000000,4.724
1749267345,4.81400000,1.87000000,4.724
1749267345,4.81500000,87.17000000,4.724
1749267345,4.81700000,269.03000000,4.724
1749267345,4.81800000,4.11000000,4.724
1749267345,4.81900000,2.95000000,4.724
1749267345,4.82000000,1.07000000,4.724
1749267345,4.82100000,3.07000000,4.724
1749267345,4.82200000,29.82000000,4.724
1749267345,4.82300000,211.29000000,4.724
1749267345,4.82400000,4.00000000,4.724
1749267345,4.82500000,76.33000000,4.724
1749267345,4.82600000,1.66000000,4.724
1749267345,4.82700000,1.61000000,4.724
1749267345,4.82800000,1357.27000000,4.724
1749267647,4.73500000,1039.09000000,4.734
1749267647,4.73600000,595.40000000,4.734
1749267647,4.73700000,2220.36000000,4.734
1749267647,4.73800000,1485.25000000,4.734
1749267647,4.73900000,2651.44000000,4.734
1749267647,4.74000000,3014.43000000,4.734
1749267647,4.74100000,771.47000000,4.734
1749267647,4.74200000,1258.11000000,4.734
1749267647,4.74300000,2385.04000000,4.734
1749267647,4.74400000,3384.88000000,4.734
1749267647,4.74500000,3587.22000000,4.734
1749267647,4.74600000,514.80000000,4.734
1749267647,4.74700000,1205.79000000,4.734
1749267647,4.74800000,170.31000000,4.734
1749267647,4.74900000,191.86000000,4.734
1749267647,4.75000000,445.27000000,4.734
1749267647,4.75100000,3567.30000000,4.734
1749267647,4.75200000,410.25000000,4.734
1749267647,4.75300000,2997.41000000,4.734
1749267647,4.75400000,4939.46000000,4.734
1749267647,4.75500000,224.29000000,4.734
1749267647,4.75600000,158.33000000,4.734
1749267647,4.75700000,359.86000000,4.734
1749267647,4.75800000,202.43000000,4.734
1749267647,4.75900000,227.53000000,4.734
1749267647,4.76000000,172.73000000,4.734
1749267647,4.76100000,383.45000000,4.734
1749267647,4.76200000,135.21000000,4.734
1749267647,4.76300000,24.90000000,4.734
1749267647,4.76400000,71.76000000,4.734
1749267647,4.76500000,227.23000000,4.734
1749267647,4.76600000,259.95000000,4.734
1749267647,4.76700000,1423.58000000,4.734
1749267647,4.76800000,9.47000000,4.734
1749267647,4.76900000,26.93000000,4.734
1749267647,4.77000000,30.65000000,4.734
1749267647,4.77100000,3.73000000,4.734
1749267647,4.77200000,5.12000000,4.734
1749267647,4.77300000,24.85000000,4.734
1749267647,4.77400000,20566.74000000,4.734
1749267647,4.77500000,63.79000000,4.734
1749267647,4.77600000,7.05000000,4.734
1749267647,4.77700000,5.58000000,4.734
1749267647,4.77800000,2.13000000,4.734
1749267647,4.77900000,2.13000000,4.734
1749267647,4.78000000,207.39000000,4.734
1749267647,4.78100000,49.94000000,4.734
1749267647,4.78200000,4.74000000,4.734
1749267647,4.78300000,6.82000000,4.734
1749267647,4.78400000,209.95000000,4.734
1749267647,4.78500000,19.45000000,4.734
1749267647,4.78600000,3.59000000,4.734
1749267647,4.78700000,2.13000000,4.734
1749267647,4.78800000,2.13000000,4.734
1749267647,4.78900000,8.69000000,4.734
1749267647,4.79000000,21.28000000,4.734
1749267647,4.79100000,115.80000000,4.734
1749267647,4.79200000,3.43000000,4.734
1749267647,4.79300000,243.83000000,4.734
1749267647,4.79400000,2.12000000,4.734
1749267647,4.79500000,64.82000000,4.734
1749267647,4.79600000,2.12000000,4.734
1749267647,4.79700000,502.12000000,4.734
1749267647,4.79800000,15.21000000,4.734
1749267647,4.79900000,15.35000000,4.734
1749267647,4.80000000,620.39000000,4.734
1749267647,4.80100000,2.12000000,4.734
1749267647,4.80200000,50.80000000,4.734
1749267647,4.80300000,9.03000000,4.734
1749267647,4.80400000,4.22000000,4.734
1749267647,4.80500000,1441.44000000,4.734
1749267647,4.80600000,16.11000000,4.734
1749267647,4.80700000,3.95000000,4.734
1749267647,4.80800000,2.12000000,4.734
1749267647,4.80900000,5.72000000,4.734
1749267647,4.81000000,13.14000000,4.734
1749267647,4.81200000,590.56000000,4.734
1749267647,4.81400000,1.87000000,4.734
1749267647,4.81500000,87.17000000,4.734
1749267647,4.81700000,269.03000000,4.734
1749267647,4.81800000,4.11000000,4.734
1749267647,4.81900000,2.95000000,4.734
1749267647,4.82000000,1.07000000,4.734
1749267647,4.82100000,3.07000000,4.734
1749267647,4.82200000,35259.42000000,4.734
1749267647,4.82300000,220.57000000,4.734
1749267647,4.82400000,4.00000000,4.734
1749267647,4.82500000,85.94000000,4.734
1749267647,4.82600000,1.66000000,4.734
1749267647,4.82700000,1.61000000,4.734
1749267647,4.82800000,1357.27000000,4.734
1749267647,4.83000000,39.89000000,4.734
1749267647,4.83300000,29.80000000,4.734
1749267647,4.83400000,5.82000000,4.734
1749267647,4.83500000,1.28000000,4.734
1749267647,4.83700000,3.79000000,4.734
1749267647,4.83900000,10.50000000,4.734
1749267647,4.84000000,131.22000000,4.734
1749267647,4.84100000,1.46000000,4.734
1749267647,4.84300000,6.78000000,4.734
1749267949,4.73500000,52.65000000,4.735
1749267949,4.73600000,1196.79000000,4.735
1749267949,4.73700000,1938.72000000,4.735
1749267949,4.73800000,1262.71000000,4.735
1749267949,4.73900000,1436.57000000,4.735
1749267949,4.74000000,2866.75000000,4.735
1749267949,4.74100000,1246.10000000,4.735
1749267949,4.74200000,1112.60000000,4.735
1749267949,4.74300000,1128.80000000,4.735
1749267949,4.74400000,2624.87000000,4.735
1749267949,4.74500000,707.30000000,4.735
1749267949,4.74600000,1304.27000000,4.735
1749267949,4.74700000,1624.90000000,4.735
1749267949,4.74800000,539.18000000,4.735
1749267949,4.74900000,173.93000000,4.735
1749267949,4.75000000,3653.17000000,4.735
1749267949,4.75100000,137.46000000,4.735
1749267949,4.75200000,410.25000000,4.735
1749267949,4.75300000,2996.35000000,4.735
1749267949,4.75400000,3991.27000000,4.735
1749267949,4.75500000,225.71000000,4.735
1749267949,4.75600000,139.53000000,4.735
1749267949,4.75700000,359.86000000,4.735
1749267949,4.75800000,1188.52000000,4.735
1749267949,4.75900000,448.84000000,4.735
1749267949,4.76000000,4494.53000000,4.735
1749267949,4.76100000,410.39000000,4.735
1749267949,4.76200000,286.15000000,4.735
1749267949,4.76300000,137.40000000,4.735
