timestamp,price,volume,current_price
1749258367,6.08000000,908.66000000,6.07
1749258367,6.09000000,9933.68000000,6.07
1749258367,6.10000000,2541.97000000,6.07
1749258367,6.11000000,2534.94000000,6.07
1749258367,6.12000000,1213.36000000,6.07
1749258367,6.13000000,1197.52000000,6.07
1749258367,6.14000000,1191.78000000,6.07
1749258367,6.15000000,757.85000000,6.07
1749258367,6.16000000,512.62000000,6.07
1749258367,6.17000000,3834.32000000,6.07
1749258367,6.18000000,473.66000000,6.07
1749258367,6.19000000,275.91000000,6.07
1749258367,6.20000000,130.94000000,6.07
1749258367,6.21000000,158.13000000,6.07
1749258367,6.22000000,249.90000000,6.07
1749258367,6.23000000,286.47000000,6.07
1749258367,6.24000000,82.33000000,6.07
1749258367,6.25000000,1330.77000000,6.07
1749258367,6.26000000,88.05000000,6.07
1749258367,6.27000000,314.92000000,6.07
1749258367,6.28000000,185.56000000,6.07
1749258367,6.29000000,288.30000000,6.07
1749258367,6.30000000,878.31000000,6.07
1749258367,6.31000000,77.72000000,6.07
1749258367,6.32000000,537.73000000,6.07
1749258367,6.33000000,188.29000000,6.07
1749258367,6.34000000,369.43000000,6.07
1749258367,6.35000000,18.53000000,6.07
1749258367,6.36000000,251.23000000,6.07
1749258367,6.37000000,2.68000000,6.07
1749258367,6.38000000,270.22000000,6.07
1749258367,6.39000000,571.52000000,6.07
1749258367,6.40000000,35.76000000,6.07
1749258367,6.41000000,4.75000000,6.07
1749258367,6.42000000,44.13000000,6.07
1749258367,6.43000000,9.81000000,6.07
1749258367,6.44000000,3.70000000,6.07
1749258367,6.45000000,55.36000000,6.07
1749258367,6.46000000,14.81000000,6.07
1749258367,6.47000000,3.63000000,6.07
1749258367,6.48000000,54.21000000,6.07
1749258367,6.49000000,36.85000000,6.07
1749258367,6.50000000,385.92000000,6.07
1749258367,6.51000000,19.24000000,6.07
1749258367,6.52000000,424.99000000,6.07
1749258367,6.53000000,8.86000000,6.07
1749258367,6.54000000,60.36000000,6.07
1749258367,6.55000000,20.09000000,6.07
1749258367,6.56000000,3.64000000,6.07
1749258367,6.57000000,5.30000000,6.07
1749258367,6.58000000,132.90000000,6.07
1749258367,6.59000000,22708.58000000,6.07
1749258367,6.60000000,506.07000000,6.07
1749258367,6.61000000,3.63000000,6.07
1749258367,6.62000000,216.87000000,6.07
1749258367,6.63000000,6.99000000,6.07
1749258367,6.64000000,10.11000000,6.07
1749258367,6.65000000,31.12000000,6.07
1749258367,6.66000000,1356.66000000,6.07
1749258367,6.67000000,155.33000000,6.07
1749258367,6.68000000,6.98000000,6.07
1749258367,6.69000000,3.47000000,6.07
1749258367,6.70000000,742.20000000,6.07
1749258367,6.71000000,70.10000000,6.07
1749258367,6.72000000,267.24000000,6.07
1749258367,6.73000000,9.42000000,6.07
1749258367,6.74000000,5.05000000,6.07
1749258367,6.75000000,719.73000000,6.07
1749258367,6.76000000,13.26000000,6.07
1749258367,6.77000000,121.36000000,6.07
1749258367,6.78000000,14.62000000,6.07
1749258367,6.79000000,1.82000000,6.07
1749258367,6.80000000,271.13000000,6.07
1749258367,6.81000000,13.68000000,6.07
1749258367,6.82000000,3.26000000,6.07
1749258367,6.83000000,37.80000000,6.07
1749258367,6.84000000,73.07000000,6.07
1749258367,6.85000000,459.97000000,6.07
1749258367,6.86000000,35.65000000,6.07
1749258367,6.87000000,304.51000000,6.07
1749258367,6.88000000,152.72000000,6.07
1749258367,6.89000000,10.41000000,6.07
1749258367,6.90000000,325.52000000,6.07
1749258367,6.91000000,35.05000000,6.07
1749258367,6.92000000,159.76000000,6.07
1749258367,6.93000000,6.91000000,6.07
1749258367,6.94000000,72.19000000,6.07
1749258367,6.95000000,15.32000000,6.07
1749258367,6.96000000,106.39000000,6.07
1749258367,6.97000000,2.02000000,6.07
1749258367,6.98000000,129.93000000,6.07
1749258367,6.99000000,70.11000000,6.07
1749258367,7.00000000,1178.06000000,6.07
1749258367,7.01000000,12.54000000,6.07
1749258367,7.02000000,4.87000000,6.07
1749258367,7.03000000,1.00000000,6.07
1749258367,7.04000000,8.62000000,6.07
1749258367,7.05000000,31.94000000,6.07
1749258367,7.06000000,20.79000000,6.07
1749258367,7.07000000,12.52000000,6.07
1749258397,6.08000000,67.61000000,6.07
1749258397,6.09000000,7137.92000000,6.07
1749258397,6.10000000,5277.81000000,6.07
1749258397,6.11000000,2701.61000000,6.07
1749258397,6.12000000,1300.43000000,6.07
1749258397,6.13000000,1287.97000000,6.07
1749258397,6.14000000,1191.78000000,6.07
1749258397,6.15000000,757.85000000,6.07
1749258397,6.16000000,512.62000000,6.07
1749258397,6.17000000,3834.32000000,6.07
1749258397,6.18000000,473.66000000,6.07
1749258397,6.19000000,275.91000000,6.07
1749258397,6.20000000,130.94000000,6.07
1749258397,6.21000000,158.13000000,6.07
1749258397,6.22000000,249.90000000,6.07
1749258397,6.23000000,286.47000000,6.07
1749258397,6.24000000,82.33000000,6.07
1749258397,6.25000000,1330.77000000,6.07
1749258397,6.26000000,88.05000000,6.07
1749258397,6.27000000,314.92000000,6.07
1749258397,6.28000000,188.74000000,6.07
1749258397,6.29000000,288.30000000,6.07
1749258397,6.30000000,878.31000000,6.07
1749258397,6.31000000,77.72000000,6.07
1749258397,6.32000000,537.73000000,6.07
1749258397,6.33000000,188.29000000,6.07
1749258397,6.34000000,369.43000000,6.07
1749258397,6.35000000,18.53000000,6.07
1749258397,6.36000000,251.23000000,6.07
1749258397,6.37000000,2.68000000,6.07
1749258397,6.38000000,270.22000000,6.07
1749258397,6.39000000,571.52000000,6.07
1749258397,6.40000000,35.76000000,6.07
1749258397,6.41000000,4.75000000,6.07
1749258397,6.42000000,44.13000000,6.07
1749258397,6.43000000,9.81000000,6.07
1749258397,6.44000000,3.70000000,6.07
1749258397,6.45000000,55.36000000,6.07
1749258397,6.46000000,14.81000000,6.07
1749258397,6.47000000,3.63000000,6.07
1749258397,6.48000000,54.21000000,6.07
1749258397,6.49000000,36.85000000,6.07
1749258397,6.50000000,385.92000000,6.07
1749258397,6.51000000,19.24000000,6.07
1749258397,6.52000000,424.99000000,6.07
1749258397,6.53000000,8.86000000,6.07
1749258397,6.54000000,60.36000000,6.07
1749258397,6.55000000,20.09000000,6.07
1749258397,6.56000000,3.64000000,6.07
1749258397,6.57000000,5.30000000,6.07
1749258397,6.58000000,140.73000000,6.07
1749258397,6.59000000,22708.58000000,6.07
1749258397,6.60000000,506.07000000,6.07
1749258397,6.61000000,3.63000000,6.07
1749258397,6.62000000,216.87000000,6.07
1749258397,6.63000000,6.99000000,6.07
1749258397,6.64000000,10.11000000,6.07
1749258397,6.65000000,31.12000000,6.07
1749258397,6.66000000,1356.66000000,6.07
1749258397,6.67000000,155.33000000,6.07
1749258397,6.68000000,6.98000000,6.07
1749258397,6.69000000,3.47000000,6.07
1749258397,6.70000000,742.20000000,6.07
1749258397,6.71000000,70.10000000,6.07
1749258397,6.72000000,267.24000000,6.07
1749258397,6.73000000,9.42000000,6.07
1749258397,6.74000000,5.05000000,6.07
1749258397,6.75000000,719.73000000,6.07
1749258397,6.76000000,13.26000000,6.07
1749258397,6.77000000,121.36000000,6.07
1749258397,6.78000000,14.62000000,6.07
1749258397,6.79000000,1.82000000,6.07
1749258397,6.80000000,271.13000000,6.07
1749258397,6.81000000,13.68000000,6.07
1749258397,6.82000000,3.26000000,6.07
1749258397,6.83000000,37.80000000,6.07
1749258397,6.84000000,73.07000000,6.07
1749258397,6.85000000,459.97000000,6.07
1749258397,6.86000000,35.65000000,6.07
1749258397,6.87000000,304.51000000,6.07
1749258397,6.88000000,152.72000000,6.07
1749258397,6.89000000,10.41000000,6.07
1749258397,6.90000000,325.52000000,6.07
1749258397,6.91000000,35.05000000,6.07
1749258397,6.92000000,159.76000000,6.07
1749258397,6.93000000,6.91000000,6.07
1749258397,6.94000000,72.19000000,6.07
1749258397,6.95000000,15.32000000,6.07
1749258397,6.96000000,106.39000000,6.07
1749258397,6.97000000,2.02000000,6.07
1749258397,6.98000000,129.93000000,6.07
1749258397,6.99000000,70.11000000,6.07
1749258397,7.00000000,1178.06000000,6.07
1749258397,7.01000000,12.54000000,6.07
1749258397,7.02000000,4.87000000,6.07
1749258397,7.03000000,1.00000000,6.07
1749258397,7.04000000,8.62000000,6.07
1749258397,7.05000000,31.94000000,6.07
1749258397,7.06000000,20.79000000,6.07
1749258397,7.07000000,12.52000000,6.07
1749258683,6.08000000,617.92000000,6.07
1749258683,6.09000000,8602.27000000,6.07
1749258683,6.10000000,2790.79000000,6.07
1749258683,6.11000000,2534.72000000,6.07
1749258683,6.12000000,1553.58000000,6.07
1749258683,6.13000000,1138.91000000,6.07
1749258683,6.14000000,825.04000000,6.07
1749258683,6.15000000,560.35000000,6.07
1749258683,6.16000000,539.34000000,6.07
1749258683,6.17000000,3834.31000000,6.07
1749258683,6.18000000,473.66000000,6.07
1749258683,6.19000000,275.91000000,6.07
1749258683,6.20000000,130.61000000,6.07
1749258683,6.21000000,79.65000000,6.07
1749258683,6.22000000,249.90000000,6.07
1749258683,6.23000000,364.95000000,6.07
1749258683,6.24000000,82.33000000,6.07
1749258683,6.25000000,1169.51000000,6.07
1749258683,6.26000000,88.05000000,6.07
1749258683,6.27000000,476.18000000,6.07
1749258683,6.28000000,79.76000000,6.07
1749258683,6.29000000,288.30000000,6.07
1749258683,6.30000000,878.31000000,6.07
1749258683,6.31000000,77.72000000,6.07
1749258683,6.32000000,381.68000000,6.07
1749258683,6.33000000,188.29000000,6.07
1749258683,6.34000000,484.16000000,6.07
1749258683,6.35000000,18.53000000,6.07
1749258683,6.36000000,292.55000000,6.07
1749258683,6.37000000,2.68000000,6.07
1749258683,6.38000000,270.22000000,6.07
1749258683,6.39000000,571.52000000,6.07
1749258683,6.40000000,35.76000000,6.07
1749258683,6.41000000,4.75000000,6.07
1749258683,6.42000000,44.13000000,6.07
1749258683,6.43000000,9.81000000,6.07
1749258683,6.44000000,3.70000000,6.07
1749258683,6.45000000,55.36000000,6.07
1749258683,6.46000000,14.81000000,6.07
1749258683,6.47000000,3.63000000,6.07
1749258683,6.48000000,54.21000000,6.07
1749258683,6.49000000,36.85000000,6.07
1749258683,6.50000000,385.92000000,6.07
1749258683,6.51000000,19.24000000,6.07
1749258683,6.52000000,424.99000000,6.07
1749258683,6.53000000,8.86000000,6.07
1749258683,6.54000000,60.36000000,6.07
1749258683,6.55000000,20.09000000,6.07
1749258683,6.56000000,3.64000000,6.07
1749258683,6.57000000,5.30000000,6.07
1749258683,6.58000000,114.33000000,6.07
1749258683,6.59000000,22708.58000000,6.07
1749258683,6.60000000,506.07000000,6.07
1749258683,6.61000000,3.63000000,6.07
1749258683,6.62000000,216.87000000,6.07
1749258683,6.63000000,6.99000000,6.07
1749258683,6.64000000,10.11000000,6.07
1749258683,6.65000000,31.12000000,6.07
1749258683,6.66000000,1356.66000000,6.07
1749258683,6.67000000,155.33000000,6.07
1749258683,6.68000000,6.98000000,6.07
1749258683,6.69000000,3.47000000,6.07
1749258683,6.70000000,742.20000000,6.07
1749258683,6.71000000,70.10000000,6.07
1749258683,6.72000000,267.24000000,6.07
1749258683,6.73000000,9.42000000,6.07
1749258683,6.74000000,5.05000000,6.07
1749258683,6.75000000,719.73000000,6.07
1749258683,6.76000000,13.26000000,6.07
1749258683,6.77000000,121.36000000,6.07
1749258683,6.78000000,14.62000000,6.07
1749258683,6.79000000,1.82000000,6.07
1749258683,6.80000000,271.13000000,6.07
1749258683,6.81000000,13.68000000,6.07
1749258683,6.82000000,3.26000000,6.07
1749258683,6.83000000,37.80000000,6.07
1749258683,6.84000000,73.07000000,6.07
1749258683,6.85000000,459.97000000,6.07
1749258683,6.86000000,35.65000000,6.07
1749258683,6.87000000,304.51000000,6.07
1749258683,6.88000000,152.72000000,6.07
1749258683,6.89000000,10.41000000,6.07
1749258683,6.90000000,325.52000000,6.07
1749258683,6.91000000,35.05000000,6.07
1749258683,6.92000000,159.76000000,6.07
1749258683,6.93000000,6.91000000,6.07
1749258683,6.94000000,72.19000000,6.07
1749258683,6.95000000,15.32000000,6.07
1749258683,6.96000000,106.39000000,6.07
1749258683,6.97000000,2.02000000,6.07
1749258683,6.98000000,129.93000000,6.07
1749258683,6.99000000,70.11000000,6.07
1749258683,7.00000000,1178.06000000,6.07
1749258683,7.01000000,12.54000000,6.07
1749258683,7.02000000,4.87000000,6.07
1749258683,7.03000000,1.00000000,6.07
1749258683,7.04000000,8.62000000,6.07
1749258683,7.05000000,31.94000000,6.07
1749258683,7.06000000,20.79000000,6.07
1749258683,7.07000000,12.52000000,6.07
1749258718,6.07000000,1049.87000000,6.07
1749258718,6.08000000,5836.52000000,6.07
1749258718,6.09000000,6927.48000000,6.07
1749258718,6.10000000,1629.42000000,6.07
1749258718,6.11000000,2534.72000000,6.07
1749258718,6.12000000,1553.60000000,6.07
1749258718,6.13000000,1052.70000000,6.07
1749258718,6.14000000,825.04000000,6.07
1749258718,6.15000000,566.28000000,6.07
1749258718,6.16000000,533.42000000,6.07
1749258718,6.17000000,3834.31000000,6.07
1749258718,6.18000000,473.67000000,6.07
1749258718,6.19000000,283.82000000,6.07
1749258718,6.20000000,122.72000000,6.07
1749258718,6.21000000,79.65000000,6.07
1749258718,6.22000000,249.90000000,6.07
1749258718,6.23000000,364.95000000,6.07
1749258718,6.24000000,82.33000000,6.07
1749258718,6.25000000,1169.51000000,6.07
1749258718,6.26000000,88.05000000,6.07
1749258718,6.27000000,476.18000000,6.07
1749258718,6.28000000,79.76000000,6.07
1749258718,6.29000000,288.30000000,6.07
1749258718,6.30000000,878.31000000,6.07
1749258718,6.31000000,77.72000000,6.07
1749258718,6.32000000,381.68000000,6.07
1749258718,6.33000000,188.29000000,6.07
1749258718,6.34000000,484.16000000,6.07
1749258718,6.35000000,18.53000000,6.07
1749258718,6.36000000,292.55000000,6.07
1749258718,6.37000000,2.68000000,6.07
1749258718,6.38000000,270.22000000,6.07
1749258718,6.39000000,571.52000000,6.07
1749258718,6.40000000,35.76000000,6.07
1749258718,6.41000000,4.75000000,6.07
1749258718,6.42000000,44.13000000,6.07
1749258718,6.43000000,9.81000000,6.07
1749258718,6.44000000,3.70000000,6.07
1749258718,6.45000000,55.36000000,6.07
1749258718,6.46000000,14.81000000,6.07
1749258718,6.47000000,3.63000000,6.07
1749258718,6.48000000,54.21000000,6.07
1749258718,6.49000000,36.85000000,6.07
1749258718,6.50000000,385.92000000,6.07
1749258718,6.51000000,19.24000000,6.07
1749258718,6.52000000,424.99000000,6.07
1749258718,6.53000000,8.86000000,6.07
1749258718,6.54000000,60.36000000,6.07
1749258718,6.55000000,20.09000000,6.07
1749258718,6.56000000,3.64000000,6.07
1749258718,6.57000000,5.30000000,6.07
1749258718,6.58000000,114.33000000,6.07
1749258718,6.59000000,22708.58000000,6.07
1749258718,6.60000000,506.07000000,6.07
1749258718,6.61000000,3.63000000,6.07
1749258718,6.62000000,216.87000000,6.07
1749258718,6.63000000,6.99000000,6.07
1749258718,6.64000000,10.11000000,6.07
1749258718,6.65000000,31.12000000,6.07
1749258718,6.66000000,1356.66000000,6.07
1749258718,6.67000000,155.33000000,6.07
1749258718,6.68000000,6.98000000,6.07
1749258718,6.69000000,1.82000000,6.07
1749258718,6.70000000,742.20000000,6.07
1749258718,6.71000000,70.10000000,6.07
1749258718,6.72000000,267.24000000,6.07
1749258718,6.73000000,9.42000000,6.07
1749258718,6.74000000,5.05000000,6.07
1749258718,6.75000000,719.73000000,6.07
1749258718,6.76000000,13.26000000,6.07
1749258718,6.77000000,121.36000000,6.07
1749258718,6.78000000,14.62000000,6.07
1749258718,6.79000000,1.82000000,6.07
1749258718,6.80000000,271.13000000,6.07
1749258718,6.81000000,13.68000000,6.07
1749258718,6.82000000,3.26000000,6.07
1749258718,6.83000000,37.80000000,6.07
1749258718,6.84000000,73.07000000,6.07
1749258718,6.85000000,459.97000000,6.07
1749258718,6.86000000,35.65000000,6.07
1749258718,6.87000000,304.51000000,6.07
1749258718,6.88000000,152.72000000,6.07
1749258718,6.89000000,10.41000000,6.07
1749258718,6.90000000,325.52000000,6.07
1749258718,6.91000000,35.05000000,6.07
1749258718,6.92000000,159.76000000,6.07
1749258718,6.93000000,6.91000000,6.07
1749258718,6.94000000,72.19000000,6.07
1749258718,6.95000000,15.32000000,6.07
1749258718,6.96000000,106.39000000,6.07
1749258718,6.97000000,2.02000000,6.07
1749258718,6.98000000,129.93000000,6.07
1749258718,6.99000000,70.11000000,6.07
1749258718,7.00000000,1178.06000000,6.07
1749258718,7.01000000,12.54000000,6.07
1749258718,7.02000000,4.87000000,6.07
1749258718,7.03000000,1.00000000,6.07
1749258718,7.04000000,8.62000000,6.07
1749258718,7.05000000,31.94000000,6.07
1749258718,7.06000000,20.79000000,6.07
1749258984,6.07000000,514.24000000,6.07
1749258984,6.08000000,5516.85000000,6.07
1749258984,6.09000000,7533.49000000,6.07
1749258984,6.10000000,1911.28000000,6.07
1749258984,6.11000000,2734.30000000,6.07
1749258984,6.12000000,1200.33000000,6.07
1749258984,6.13000000,1231.13000000,6.07
1749258984,6.14000000,662.78000000,6.07
1749258984,6.15000000,720.52000000,6.07
1749258984,6.16000000,659.98000000,6.07
1749258984,6.17000000,3838.05000000,6.07
1749258984,6.18000000,388.33000000,6.07
1749258984,6.19000000,275.91000000,6.07
1749258984,6.20000000,131.11000000,6.07
1749258984,6.21000000,250.47000000,6.07
1749258984,6.22000000,79.07000000,6.07
1749258984,6.23000000,364.96000000,6.07
1749258984,6.24000000,82.33000000,6.07
1749258984,6.25000000,1169.50000000,6.07
1749258984,6.26000000,88.05000000,6.07
1749258984,6.27000000,437.52000000,6.07
1749258984,6.28000000,285.08000000,6.07
1749258984,6.29000000,121.62000000,6.07
1749258984,6.30000000,878.31000000,6.07
1749258984,6.31000000,77.72000000,6.07
1749258984,6.32000000,381.65000000,6.07
1749258984,6.33000000,188.29000000,6.07
1749258984,6.34000000,412.14000000,6.07
1749258984,6.35000000,265.31000000,6.07
1749258984,6.36000000,45.77000000,6.07
1749258984,6.37000000,261.06000000,6.07
1749258984,6.38000000,11.87000000,6.07
1749258984,6.39000000,417.00000000,6.07
1749258984,6.40000000,35.76000000,6.07
1749258984,6.41000000,159.27000000,6.07
1749258984,6.42000000,44.13000000,6.07
1749258984,6.43000000,9.81000000,6.07
1749258984,6.44000000,3.70000000,6.07
1749258984,6.45000000,55.36000000,6.07
1749258984,6.46000000,14.81000000,6.07
1749258984,6.47000000,3.63000000,6.07
1749258984,6.48000000,54.21000000,6.07
1749258984,6.49000000,36.85000000,6.07
1749258984,6.50000000,385.92000000,6.07
1749258984,6.51000000,19.24000000,6.07
1749258984,6.52000000,424.99000000,6.07
1749258984,6.53000000,8.86000000,6.07
1749258984,6.54000000,60.36000000,6.07
1749258984,6.55000000,20.09000000,6.07
1749258984,6.56000000,3.64000000,6.07
1749258984,6.57000000,5.30000000,6.07
1749258984,6.58000000,25.11000000,6.07
1749258984,6.59000000,22708.58000000,6.07
1749258984,6.60000000,506.07000000,6.07
1749258984,6.61000000,3.63000000,6.07
1749258984,6.62000000,216.87000000,6.07
1749258984,6.63000000,6.99000000,6.07
1749258984,6.64000000,10.11000000,6.07
1749258984,6.65000000,31.12000000,6.07
1749258984,6.66000000,1356.66000000,6.07
1749258984,6.67000000,155.33000000,6.07
1749258984,6.68000000,6.98000000,6.07
1749258984,6.69000000,1.82000000,6.07
1749258984,6.70000000,742.20000000,6.07
1749258984,6.71000000,70.10000000,6.07
1749258984,6.72000000,267.24000000,6.07
1749258984,6.73000000,9.42000000,6.07
1749258984,6.74000000,5.05000000,6.07
1749258984,6.75000000,719.73000000,6.07
1749258984,6.76000000,13.26000000,6.07
1749258984,6.77000000,121.36000000,6.07
1749258984,6.78000000,14.62000000,6.07
1749258984,6.79000000,1.82000000,6.07
1749258984,6.80000000,271.13000000,6.07
1749258984,6.81000000,13.68000000,6.07
1749258984,6.82000000,3.26000000,6.07
1749258984,6.83000000,37.80000000,6.07
1749258984,6.84000000,73.07000000,6.07
1749258984,6.85000000,459.97000000,6.07
1749258984,6.86000000,35.65000000,6.07
1749258984,6.87000000,304.51000000,6.07
1749258984,6.88000000,152.72000000,6.07
1749258984,6.89000000,10.41000000,6.07
1749258984,6.90000000,325.52000000,6.07
1749258984,6.91000000,35.05000000,6.07
1749258984,6.92000000,159.76000000,6.07
1749258984,6.93000000,6.91000000,6.07
1749258984,6.94000000,72.19000000,6.07
1749258984,6.95000000,15.32000000,6.07
1749258984,6.96000000,106.39000000,6.07
1749258984,6.97000000,2.02000000,6.07
1749258984,6.98000000,129.93000000,6.07
1749258984,6.99000000,70.11000000,6.07
1749258984,7.00000000,907.18000000,6.07
1749258984,7.01000000,12.54000000,6.07
1749258984,7.02000000,4.87000000,6.07
1749258984,7.03000000,1.00000000,6.07
1749258984,7.04000000,8.62000000,6.07
1749258984,7.05000000,31.94000000,6.07
1749258984,7.06000000,20.79000000,6.07
1749259020,6.07000000,1201.20000000,6.07
1749259020,6.08000000,10089.14000000,6.07
1749259020,6.09000000,3083.96000000,6.07
1749259020,6.10000000,1805.23000000,6.07
1749259020,6.11000000,2577.55000000,6.07
1749259020,6.12000000,1106.86000000,6.07
1749259020,6.13000000,1198.48000000,6.07
1749259020,6.14000000,824.12000000,6.07
1749259020,6.15000000,565.80000000,6.07
1749259020,6.16000000,654.55000000,6.07
1749259020,6.17000000,3838.05000000,6.07
1749259020,6.18000000,388.33000000,6.07
1749259020,6.19000000,284.31000000,6.07
1749259020,6.20000000,122.72000000,6.07
1749259020,6.21000000,250.47000000,6.07
1749259020,6.22000000,79.07000000,6.07
1749259020,6.23000000,364.96000000,6.07
1749259020,6.24000000,82.33000000,6.07
1749259020,6.25000000,1169.50000000,6.07
1749259020,6.26000000,88.05000000,6.07
1749259020,6.27000000,476.17000000,6.07
1749259020,6.28000000,285.08000000,6.07
1749259020,6.29000000,82.97000000,6.07
1749259020,6.30000000,878.31000000,6.07
1749259020,6.31000000,77.72000000,6.07
1749259020,6.32000000,381.65000000,6.07
1749259020,6.33000000,188.29000000,6.07
1749259020,6.34000000,412.14000000,6.07
1749259020,6.35000000,265.31000000,6.07
1749259020,6.36000000,45.77000000,6.07
1749259020,6.37000000,261.06000000,6.07
1749259020,6.38000000,11.87000000,6.07
1749259020,6.39000000,571.52000000,6.07
1749259020,6.40000000,35.76000000,6.07
1749259020,6.41000000,4.75000000,6.07
1749259020,6.42000000,44.13000000,6.07
1749259020,6.43000000,9.81000000,6.07
1749259020,6.44000000,3.70000000,6.07
1749259020,6.45000000,55.36000000,6.07
1749259020,6.46000000,14.81000000,6.07
1749259020,6.47000000,3.63000000,6.07
1749259020,6.48000000,54.21000000,6.07
1749259020,6.49000000,36.85000000,6.07
1749259020,6.50000000,385.92000000,6.07
1749259020,6.51000000,19.24000000,6.07
1749259020,6.52000000,424.99000000,6.07
1749259020,6.53000000,8.86000000,6.07
1749259020,6.54000000,60.36000000,6.07
1749259020,6.55000000,20.09000000,6.07
1749259020,6.56000000,3.64000000,6.07
1749259020,6.57000000,5.30000000,6.07
1749259020,6.58000000,25.11000000,6.07
1749259020,6.59000000,22708.58000000,6.07
1749259020,6.60000000,506.07000000,6.07
1749259020,6.61000000,3.63000000,6.07
1749259020,6.62000000,216.87000000,6.07
1749259020,6.63000000,6.99000000,6.07
1749259020,6.64000000,10.11000000,6.07
1749259020,6.65000000,31.12000000,6.07
1749259020,6.66000000,1356.66000000,6.07
1749259020,6.67000000,155.33000000,6.07
1749259020,6.68000000,6.98000000,6.07
1749259020,6.69000000,1.82000000,6.07
1749259020,6.70000000,742.20000000,6.07
1749259020,6.71000000,70.10000000,6.07
1749259020,6.72000000,267.24000000,6.07
1749259020,6.73000000,9.42000000,6.07
1749259020,6.74000000,5.05000000,6.07
1749259020,6.75000000,719.73000000,6.07
1749259020,6.76000000,13.26000000,6.07
1749259020,6.77000000,121.36000000,6.07
1749259020,6.78000000,14.62000000,6.07
1749259020,6.79000000,1.82000000,6.07
1749259020,6.80000000,271.13000000,6.07
1749259020,6.81000000,13.68000000,6.07
1749259020,6.82000000,3.26000000,6.07
1749259020,6.83000000,37.80000000,6.07
1749259020,6.84000000,73.07000000,6.07
1749259020,6.85000000,459.97000000,6.07
1749259020,6.86000000,35.65000000,6.07
1749259020,6.87000000,304.51000000,6.07
1749259020,6.88000000,152.72000000,6.07
1749259020,6.89000000,10.41000000,6.07
1749259020,6.90000000,325.52000000,6.07
1749259020,6.91000000,35.05000000,6.07
1749259020,6.92000000,159.76000000,6.07
1749259020,6.93000000,6.91000000,6.07
1749259020,6.94000000,72.19000000,6.07
1749259020,6.95000000,15.32000000,6.07
1749259020,6.96000000,106.39000000,6.07
1749259020,6.97000000,2.02000000,6.07
1749259020,6.98000000,129.93000000,6.07
1749259020,6.99000000,70.11000000,6.07
1749259020,7.00000000,907.18000000,6.07
1749259020,7.01000000,12.54000000,6.07
1749259020,7.02000000,4.87000000,6.07
1749259020,7.03000000,1.00000000,6.07
1749259020,7.04000000,8.62000000,6.07
1749259020,7.05000000,31.94000000,6.07
1749259020,7.06000000,20.79000000,6.07
