timestamp,price,volume,current_price
1749254594,5.98000000,1457.11000000,5.98
1749254594,5.99000000,11415.50000000,5.98
1749254594,6.00000000,2910.76000000,5.98
1749254594,6.01000000,1590.30000000,5.98
1749254594,6.02000000,1297.27000000,5.98
1749254594,6.03000000,1006.32000000,5.98
1749254594,6.04000000,881.34000000,5.98
1749254594,6.05000000,641.41000000,5.98
1749254594,6.06000000,536.95000000,5.98
1749254594,6.07000000,446.28000000,5.98
1749254594,6.08000000,1382.88000000,5.98
1749254594,6.09000000,245.75000000,5.98
1749254594,6.10000000,501.00000000,5.98
1749254594,6.11000000,349.40000000,5.98
1749254594,6.12000000,158.83000000,5.98
1749254594,6.13000000,476.41000000,5.98
1749254594,6.14000000,99.80000000,5.98
1749254594,6.15000000,300.36000000,5.98
1749254594,6.16000000,112.37000000,5.98
1749254594,6.17000000,3999.78000000,5.98
1749254594,6.18000000,445.69000000,5.98
1749254594,6.19000000,76.89000000,5.98
1749254594,6.20000000,346.50000000,5.98
1749254594,6.21000000,79.65000000,5.98
1749254594,6.22000000,255.22000000,5.98
1749254594,6.23000000,107.60000000,5.98
1749254594,6.24000000,498.19000000,5.98
1749254594,6.25000000,1182.30000000,5.98
1749254594,6.26000000,56.12000000,5.98
1749254594,6.27000000,291.79000000,5.98
1749254594,6.28000000,6.52000000,5.98
1749254594,6.29000000,9.73000000,5.98
1749254594,6.30000000,590.10000000,5.98
1749254594,6.31000000,160.24000000,5.98
1749254594,6.32000000,124.70000000,5.98
1749254594,6.33000000,116.29000000,5.98
1749254594,6.34000000,20.42000000,5.98
1749254594,6.35000000,18.53000000,5.98
1749254594,6.36000000,4.45000000,5.98
1749254594,6.37000000,2.68000000,5.98
1749254594,6.38000000,11.87000000,5.98
1749254594,6.39000000,146.48000000,5.98
1749254594,6.40000000,35.76000000,5.98
1749254594,6.41000000,4.75000000,5.98
1749254594,6.42000000,4.00000000,5.98
1749254594,6.43000000,9.81000000,5.98
1749254594,6.44000000,3.70000000,5.98
1749254594,6.45000000,55.36000000,5.98
1749254594,6.46000000,14.81000000,5.98
1749254594,6.47000000,3.63000000,5.98
1749254594,6.48000000,54.21000000,5.98
1749254594,6.49000000,36.85000000,5.98
1749254594,6.50000000,385.92000000,5.98
1749254594,6.51000000,19.24000000,5.98
1749254594,6.52000000,424.99000000,5.98
1749254594,6.53000000,8.86000000,5.98
1749254594,6.54000000,60.36000000,5.98
1749254594,6.55000000,20.09000000,5.98
1749254594,6.56000000,3.64000000,5.98
1749254594,6.57000000,5.30000000,5.98
1749254594,6.58000000,140.73000000,5.98
1749254594,6.59000000,22708.58000000,5.98
1749254594,6.60000000,505.30000000,5.98
1749254594,6.61000000,1.95000000,5.98
1749254594,6.62000000,215.20000000,5.98
1749254594,6.63000000,5.32000000,5.98
1749254594,6.64000000,8.44000000,5.98
1749254594,6.65000000,29.45000000,5.98
1749254594,6.66000000,1332.10000000,5.98
1749254594,6.67000000,62.67000000,5.98
1749254594,6.68000000,5.32000000,5.98
1749254594,6.69000000,1.82000000,5.98
1749254594,6.70000000,742.20000000,5.98
1749254594,6.71000000,70.10000000,5.98
1749254594,6.72000000,267.24000000,5.98
1749254594,6.73000000,9.42000000,5.98
1749254594,6.74000000,5.05000000,5.98
1749254594,6.75000000,719.73000000,5.98
1749254594,6.76000000,13.26000000,5.98
1749254594,6.77000000,121.36000000,5.98
1749254594,6.78000000,14.62000000,5.98
1749254594,6.79000000,1.82000000,5.98
1749254594,6.80000000,271.13000000,5.98
1749254594,6.81000000,13.68000000,5.98
1749254594,6.82000000,3.26000000,5.98
1749254594,6.83000000,37.80000000,5.98
1749254594,6.84000000,73.07000000,5.98
1749254594,6.85000000,459.97000000,5.98
1749254594,6.86000000,35.65000000,5.98
1749254594,6.87000000,304.51000000,5.98
1749254594,6.88000000,152.72000000,5.98
1749254594,6.89000000,10.41000000,5.98
1749254594,6.90000000,325.52000000,5.98
1749254594,6.91000000,35.05000000,5.98
1749254594,6.92000000,159.76000000,5.98
1749254594,6.93000000,6.91000000,5.98
1749254594,6.94000000,72.19000000,5.98
1749254594,6.95000000,15.32000000,5.98
1749254594,6.96000000,106.39000000,5.98
1749254594,6.97000000,2.02000000,5.98
1749254634,5.98000000,1499.39000000,5.98
1749254634,5.99000000,11900.52000000,5.98
1749254634,6.00000000,2672.91000000,5.98
1749254634,6.01000000,1374.04000000,5.98
1749254634,6.02000000,1477.71000000,5.98
1749254634,6.03000000,983.21000000,5.98
1749254634,6.04000000,881.34000000,5.98
1749254634,6.05000000,727.01000000,5.98
1749254634,6.06000000,484.91000000,5.98
1749254634,6.07000000,446.28000000,5.98
1749254634,6.08000000,1382.88000000,5.98
1749254634,6.09000000,425.84000000,5.98
1749254634,6.10000000,321.11000000,5.98
1749254634,6.11000000,349.58000000,5.98
1749254634,6.12000000,356.28000000,5.98
1749254634,6.13000000,279.22000000,5.98
1749254634,6.14000000,306.52000000,5.98
1749254634,6.15000000,93.87000000,5.98
1749254634,6.16000000,328.83000000,5.98
1749254634,6.17000000,4010.23000000,5.98
1749254634,6.18000000,219.31000000,5.98
1749254634,6.19000000,314.14000000,5.98
1749254634,6.20000000,109.47000000,5.98
1749254634,6.21000000,328.08000000,5.98
1749254634,6.22000000,7.07000000,5.98
1749254634,6.23000000,367.76000000,5.98
1749254634,6.24000000,510.76000000,5.98
1749254634,6.25000000,910.22000000,5.98
1749254634,6.26000000,341.31000000,5.98
1749254634,6.27000000,6.93000000,5.98
1749254634,6.28000000,6.52000000,5.98
1749254634,6.29000000,9.73000000,5.98
1749254634,6.30000000,590.10000000,5.98
1749254634,6.31000000,160.24000000,5.98
1749254634,6.32000000,124.70000000,5.98
1749254634,6.33000000,116.29000000,5.98
1749254634,6.34000000,20.42000000,5.98
1749254634,6.35000000,18.53000000,5.98
1749254634,6.36000000,4.45000000,5.98
1749254634,6.37000000,2.68000000,5.98
1749254634,6.38000000,11.87000000,5.98
1749254634,6.39000000,146.48000000,5.98
1749254634,6.40000000,35.76000000,5.98
1749254634,6.41000000,4.75000000,5.98
1749254634,6.42000000,4.00000000,5.98
1749254634,6.43000000,9.81000000,5.98
1749254634,6.44000000,3.70000000,5.98
1749254634,6.45000000,55.36000000,5.98
1749254634,6.46000000,14.81000000,5.98
1749254634,6.47000000,3.63000000,5.98
1749254634,6.48000000,54.21000000,5.98
1749254634,6.49000000,36.85000000,5.98
1749254634,6.50000000,385.92000000,5.98
1749254634,6.51000000,19.24000000,5.98
1749254634,6.52000000,424.99000000,5.98
1749254634,6.53000000,8.86000000,5.98
1749254634,6.54000000,60.36000000,5.98
1749254634,6.55000000,20.09000000,5.98
1749254634,6.56000000,3.64000000,5.98
1749254634,6.57000000,5.30000000,5.98
1749254634,6.58000000,140.73000000,5.98
1749254634,6.59000000,22708.58000000,5.98
1749254634,6.60000000,505.30000000,5.98
1749254634,6.61000000,1.95000000,5.98
1749254634,6.62000000,215.20000000,5.98
1749254634,6.63000000,5.32000000,5.98
1749254634,6.64000000,8.44000000,5.98
1749254634,6.65000000,29.45000000,5.98
1749254634,6.66000000,1332.10000000,5.98
1749254634,6.67000000,62.67000000,5.98
1749254634,6.68000000,5.32000000,5.98
1749254634,6.69000000,1.82000000,5.98
1749254634,6.70000000,742.20000000,5.98
1749254634,6.71000000,70.10000000,5.98
1749254634,6.72000000,267.24000000,5.98
1749254634,6.73000000,9.42000000,5.98
1749254634,6.74000000,5.05000000,5.98
1749254634,6.75000000,719.73000000,5.98
1749254634,6.76000000,13.26000000,5.98
1749254634,6.77000000,121.36000000,5.98
1749254634,6.78000000,14.62000000,5.98
1749254634,6.79000000,1.82000000,5.98
1749254634,6.80000000,271.13000000,5.98
1749254634,6.81000000,13.68000000,5.98
1749254634,6.82000000,3.26000000,5.98
1749254634,6.83000000,37.80000000,5.98
1749254634,6.84000000,73.07000000,5.98
1749254634,6.85000000,459.97000000,5.98
1749254634,6.86000000,35.65000000,5.98
1749254634,6.87000000,304.51000000,5.98
1749254634,6.88000000,152.72000000,5.98
1749254634,6.89000000,10.41000000,5.98
1749254634,6.90000000,325.52000000,5.98
1749254634,6.91000000,35.05000000,5.98
1749254634,6.92000000,159.76000000,5.98
1749254634,6.93000000,6.91000000,5.98
1749254634,6.94000000,72.19000000,5.98
1749254634,6.95000000,15.32000000,5.98
1749254634,6.96000000,106.39000000,5.98
1749254634,6.97000000,2.02000000,5.98
1749254895,5.99000000,3345.95000000,5.99
1749254895,6.00000000,9660.34000000,5.99
1749254895,6.01000000,3331.91000000,5.99
1749254895,6.02000000,1579.94000000,5.99
1749254895,6.03000000,1210.33000000,5.99
1749254895,6.04000000,877.16000000,5.99
1749254895,6.05000000,722.83000000,5.99
1749254895,6.06000000,482.18000000,5.99
1749254895,6.07000000,442.10000000,5.99
1749254895,6.08000000,1382.88000000,5.99
1749254895,6.09000000,425.84000000,5.99
1749254895,6.10000000,320.78000000,5.99
1749254895,6.11000000,1790.57000000,5.99
1749254895,6.12000000,356.28000000,5.99
1749254895,6.13000000,279.22000000,5.99
1749254895,6.14000000,306.52000000,5.99
1749254895,6.15000000,93.87000000,5.99
1749254895,6.16000000,328.83000000,5.99
1749254895,6.17000000,3971.58000000,5.99
1749254895,6.18000000,219.31000000,5.99
1749254895,6.19000000,352.79000000,5.99
1749254895,6.20000000,109.47000000,5.99
1749254895,6.21000000,328.08000000,5.99
1749254895,6.22000000,7.07000000,5.99
1749254895,6.23000000,367.76000000,5.99
1749254895,6.24000000,510.76000000,5.99
1749254895,6.25000000,982.22000000,5.99
1749254895,6.26000000,341.31000000,5.99
1749254895,6.27000000,6.93000000,5.99
1749254895,6.28000000,6.52000000,5.99
1749254895,6.29000000,9.73000000,5.99
1749254895,6.30000000,590.10000000,5.99
1749254895,6.31000000,160.24000000,5.99
1749254895,6.32000000,84.57000000,5.99
1749254895,6.33000000,116.29000000,5.99
1749254895,6.34000000,60.55000000,5.99
1749254895,6.35000000,18.53000000,5.99
1749254895,6.36000000,4.45000000,5.99
1749254895,6.37000000,2.68000000,5.99
1749254895,6.38000000,11.87000000,5.99
1749254895,6.39000000,146.48000000,5.99
1749254895,6.40000000,35.76000000,5.99
1749254895,6.41000000,4.75000000,5.99
1749254895,6.42000000,4.00000000,5.99
1749254895,6.43000000,9.81000000,5.99
1749254895,6.44000000,3.70000000,5.99
1749254895,6.45000000,55.36000000,5.99
1749254895,6.46000000,14.81000000,5.99
1749254895,6.47000000,3.63000000,5.99
1749254895,6.48000000,54.21000000,5.99
1749254895,6.49000000,36.85000000,5.99
1749254895,6.50000000,385.92000000,5.99
1749254895,6.51000000,19.24000000,5.99
1749254895,6.52000000,424.99000000,5.99
1749254895,6.53000000,8.86000000,5.99
1749254895,6.54000000,60.36000000,5.99
1749254895,6.55000000,20.09000000,5.99
1749254895,6.56000000,3.64000000,5.99
1749254895,6.57000000,5.30000000,5.99
1749254895,6.58000000,140.73000000,5.99
1749254895,6.59000000,22708.58000000,5.99
1749254895,6.60000000,506.98000000,5.99
1749254895,6.61000000,1.95000000,5.99
1749254895,6.62000000,215.20000000,5.99
1749254895,6.63000000,5.32000000,5.99
1749254895,6.64000000,8.44000000,5.99
1749254895,6.65000000,29.45000000,5.99
1749254895,6.66000000,1332.10000000,5.99
1749254895,6.67000000,62.67000000,5.99
1749254895,6.68000000,5.32000000,5.99
1749254895,6.69000000,1.82000000,5.99
1749254895,6.70000000,742.20000000,5.99
1749254895,6.71000000,70.10000000,5.99
1749254895,6.72000000,267.24000000,5.99
1749254895,6.73000000,9.42000000,5.99
1749254895,6.74000000,5.05000000,5.99
1749254895,6.75000000,719.73000000,5.99
1749254895,6.76000000,13.26000000,5.99
1749254895,6.77000000,121.36000000,5.99
1749254895,6.78000000,14.62000000,5.99
1749254895,6.79000000,1.82000000,5.99
1749254895,6.80000000,271.13000000,5.99
1749254895,6.81000000,13.68000000,5.99
1749254895,6.82000000,3.26000000,5.99
1749254895,6.83000000,37.80000000,5.99
1749254895,6.84000000,73.07000000,5.99
1749254895,6.85000000,459.97000000,5.99
1749254895,6.86000000,35.65000000,5.99
1749254895,6.87000000,304.51000000,5.99
1749254895,6.88000000,152.72000000,5.99
1749254895,6.89000000,10.41000000,5.99
1749254895,6.90000000,325.52000000,5.99
1749254895,6.91000000,35.05000000,5.99
1749254895,6.92000000,159.76000000,5.99
1749254895,6.93000000,6.91000000,5.99
1749254895,6.94000000,72.19000000,5.99
1749254895,6.95000000,15.32000000,5.99
1749254895,6.96000000,106.39000000,5.99
1749254895,6.97000000,2.02000000,5.99
1749254895,6.98000000,129.93000000,5.99
1749254945,5.99000000,2327.41000000,5.99
1749254945,6.00000000,12090.02000000,5.99
1749254945,6.01000000,2451.38000000,5.99
1749254945,6.02000000,1579.94000000,5.99
1749254945,6.03000000,1214.48000000,5.99
1749254945,6.04000000,881.33000000,5.99
1749254945,6.05000000,727.00000000,5.99
1749254945,6.06000000,480.50000000,5.99
1749254945,6.07000000,451.06000000,5.99
1749254945,6.08000000,1382.88000000,5.99
1749254945,6.09000000,425.84000000,5.99
1749254945,6.10000000,312.75000000,5.99
1749254945,6.11000000,1798.58000000,5.99
1749254945,6.12000000,356.28000000,5.99
1749254945,6.13000000,279.22000000,5.99
1749254945,6.14000000,306.52000000,5.99
1749254945,6.15000000,93.87000000,5.99
1749254945,6.16000000,328.83000000,5.99
1749254945,6.17000000,3971.58000000,5.99
1749254945,6.18000000,219.31000000,5.99
1749254945,6.19000000,456.25000000,5.99
1749254945,6.20000000,109.47000000,5.99
1749254945,6.21000000,328.08000000,5.99
1749254945,6.22000000,7.07000000,5.99
1749254945,6.23000000,367.76000000,5.99
1749254945,6.24000000,510.76000000,5.99
1749254945,6.25000000,982.22000000,5.99
1749254945,6.26000000,341.31000000,5.99
1749254945,6.27000000,6.93000000,5.99
1749254945,6.28000000,6.52000000,5.99
1749254945,6.29000000,9.73000000,5.99
1749254945,6.30000000,590.10000000,5.99
1749254945,6.31000000,160.24000000,5.99
1749254945,6.32000000,84.57000000,5.99
1749254945,6.33000000,116.29000000,5.99
1749254945,6.34000000,60.55000000,5.99
1749254945,6.35000000,18.53000000,5.99
1749254945,6.36000000,4.45000000,5.99
1749254945,6.37000000,2.68000000,5.99
1749254945,6.38000000,11.87000000,5.99
1749254945,6.39000000,146.48000000,5.99
1749254945,6.40000000,35.76000000,5.99
1749254945,6.41000000,4.75000000,5.99
1749254945,6.42000000,4.00000000,5.99
1749254945,6.43000000,9.81000000,5.99
1749254945,6.44000000,3.70000000,5.99
1749254945,6.45000000,55.36000000,5.99
1749254945,6.46000000,14.81000000,5.99
1749254945,6.47000000,3.63000000,5.99
1749254945,6.48000000,54.21000000,5.99
1749254945,6.49000000,36.85000000,5.99
1749254945,6.50000000,385.92000000,5.99
1749254945,6.51000000,19.24000000,5.99
1749254945,6.52000000,424.99000000,5.99
1749254945,6.53000000,8.86000000,5.99
1749254945,6.54000000,60.36000000,5.99
1749254945,6.55000000,20.09000000,5.99
1749254945,6.56000000,3.64000000,5.99
1749254945,6.57000000,5.30000000,5.99
1749254945,6.58000000,140.73000000,5.99
1749254945,6.59000000,22708.58000000,5.99
1749254945,6.60000000,506.98000000,5.99
1749254945,6.61000000,1.95000000,5.99
1749254945,6.62000000,215.20000000,5.99
1749254945,6.63000000,5.32000000,5.99
1749254945,6.64000000,8.44000000,5.99
1749254945,6.65000000,29.45000000,5.99
1749254945,6.66000000,1332.10000000,5.99
1749254945,6.67000000,62.67000000,5.99
1749254945,6.68000000,5.32000000,5.99
1749254945,6.69000000,1.82000000,5.99
1749254945,6.70000000,742.20000000,5.99
1749254945,6.71000000,70.10000000,5.99
1749254945,6.72000000,267.24000000,5.99
1749254945,6.73000000,9.42000000,5.99
1749254945,6.74000000,5.05000000,5.99
1749254945,6.75000000,719.73000000,5.99
1749254945,6.76000000,13.26000000,5.99
1749254945,6.77000000,121.36000000,5.99
1749254945,6.78000000,14.62000000,5.99
1749254945,6.79000000,1.82000000,5.99
1749254945,6.80000000,271.13000000,5.99
1749254945,6.81000000,13.68000000,5.99
1749254945,6.82000000,3.26000000,5.99
1749254945,6.83000000,37.80000000,5.99
1749254945,6.84000000,73.07000000,5.99
1749254945,6.85000000,459.97000000,5.99
1749254945,6.86000000,35.65000000,5.99
1749254945,6.87000000,304.51000000,5.99
1749254945,6.88000000,152.72000000,5.99
1749254945,6.89000000,10.41000000,5.99
1749254945,6.90000000,325.52000000,5.99
1749254945,6.91000000,35.05000000,5.99
1749254945,6.92000000,159.76000000,5.99
1749254945,6.93000000,6.91000000,5.99
1749254945,6.94000000,72.19000000,5.99
1749254945,6.95000000,15.32000000,5.99
1749254945,6.96000000,106.39000000,5.99
1749254945,6.97000000,2.02000000,5.99
1749254945,6.98000000,129.93000000,5.99
