timestamp,price,volume,current_price
1749254503,0.33180000,21380.30000000,0.3318
1749254503,0.33190000,61051.60000000,0.3318
1749254503,0.33200000,40091.30000000,0.3318
1749254503,0.33210000,32833.60000000,0.3318
1749254503,0.33220000,47196.20000000,0.3318
1749254503,0.33230000,44732.60000000,0.3318
1749254503,0.33240000,24763.30000000,0.3318
1749254503,0.33250000,32131.90000000,0.3318
1749254503,0.33260000,11121.50000000,0.3318
1749254503,0.33270000,15113.90000000,0.3318
1749254503,0.33280000,54448.80000000,0.3318
1749254503,0.33290000,3346.40000000,0.3318
1749254503,0.33300000,7751.90000000,0.3318
1749254503,0.33310000,38069.30000000,0.3318
1749254503,0.33320000,70118.10000000,0.3318
1749254503,0.33330000,92388.30000000,0.3318
1749254503,0.33340000,3399.50000000,0.3318
1749254503,0.33350000,7814.00000000,0.3318
1749254503,0.33360000,5889.30000000,0.3318
1749254503,0.33370000,10817.60000000,0.3318
1749254503,0.33380000,4781.90000000,0.3318
1749254503,0.33390000,8334.20000000,0.3318
1749254503,0.33400000,3019.90000000,0.3318
1749254503,0.33410000,7784.20000000,0.3318
1749254503,0.33420000,3952.00000000,0.3318
1749254503,0.33430000,6522.10000000,0.3318
1749254503,0.33440000,29437.50000000,0.3318
1749254503,0.33450000,21951.00000000,0.3318
1749254503,0.33460000,4410.70000000,0.3318
1749254503,0.33470000,85.30000000,0.3318
1749254503,0.33480000,5644.10000000,0.3318
1749254503,0.33490000,69.20000000,0.3318
1749254503,0.33500000,71.60000000,0.3318
1749254503,0.33510000,4941.00000000,0.3318
1749254503,0.33520000,6600.00000000,0.3318
1749254503,0.33530000,4505.10000000,0.3318
1749254503,0.33540000,54.70000000,0.3318
1749254503,0.33550000,4405.90000000,0.3318
1749254503,0.33560000,110.20000000,0.3318
1749254503,0.33570000,4420.90000000,0.3318
1749254503,0.33580000,30.00000000,0.3318
1749254503,0.33590000,76.50000000,0.3318
1749254503,0.33600000,5915.60000000,0.3318
1749254503,0.33610000,52.40000000,0.3318
1749254503,0.33620000,63.90000000,0.3318
1749254503,0.33630000,67.90000000,0.3318
1749254503,0.33640000,164.30000000,0.3318
1749254503,0.33650000,52.40000000,0.3318
1749254503,0.33660000,57.20000000,0.3318
1749254503,0.33670000,4031.30000000,0.3318
1749254503,0.33680000,90.30000000,0.3318
1749254503,0.33690000,105.80000000,0.3318
1749254503,0.33700000,60.00000000,0.3318
1749254503,0.33710000,73.00000000,0.3318
1749254503,0.33720000,130.90000000,0.3318
1749254503,0.33730000,52.50000000,0.3318
1749254503,0.33740000,30.00000000,0.3318
1749254503,0.33750000,77.20000000,0.3318
1749254503,0.33760000,79.20000000,0.3318
1749254503,0.33770000,784.30000000,0.3318
1749254503,0.33780000,159.50000000,0.3318
1749254503,0.33790000,91.20000000,0.3318
1749254503,0.33800000,98.10000000,0.3318
1749254503,0.33810000,1235.50000000,0.3318
1749254503,0.33820000,30.00000000,0.3318
1749254503,0.33830000,30.00000000,0.3318
1749254503,0.33840000,177.70000000,0.3318
1749254503,0.33850000,93.60000000,0.3318
1749254503,0.33860000,72.40000000,0.3318
1749254503,0.33870000,84.00000000,0.3318
1749254503,0.33880000,106.40000000,0.3318
1749254503,0.33890000,52.60000000,0.3318
1749254503,0.33900000,834.60000000,0.3318
1749254503,0.33910000,2985.30000000,0.3318
1749254503,0.33920000,62.40000000,0.3318
1749254503,0.33930000,52.60000000,0.3318
1749254503,0.33940000,131.90000000,0.3318
1749254503,0.33960000,73.00000000,0.3318
1749254503,0.33970000,31.50000000,0.3318
1749254503,0.33980000,46.90000000,0.3318
1749254503,0.33990000,783.80000000,0.3318
1749254503,0.34000000,4676.30000000,0.3318
1749254503,0.34010000,20.50000000,0.3318
1749254503,0.34020000,14.80000000,0.3318
1749254503,0.34030000,1336.70000000,0.3318
1749254503,0.34040000,141.10000000,0.3318
1749254503,0.34050000,1150.90000000,0.3318
1749254503,0.34060000,26.80000000,0.3318
1749254503,0.34070000,3765.90000000,0.3318
1749254503,0.34080000,28.40000000,0.3318
1749254503,0.34100000,44.30000000,0.3318
1749254503,0.34110000,15.30000000,0.3318
1749254503,0.34140000,17.30000000,0.3318
1749254503,0.34150000,534.40000000,0.3318
1749254503,0.34160000,75.10000000,0.3318
1749254503,0.34180000,24.70000000,0.3318
1749254503,0.34190000,28.70000000,0.3318
1749254503,0.34200000,3183.50000000,0.3318
1749254503,0.34210000,292.30000000,0.3318
1749254503,0.34220000,129.10000000,0.3318
1749254810,0.33170000,29625.40000000,0.3316
1749254810,0.33180000,39516.50000000,0.3316
1749254810,0.33190000,32665.90000000,0.3316
1749254810,0.33200000,30377.10000000,0.3316
1749254810,0.33210000,28088.40000000,0.3316
1749254810,0.33220000,54779.50000000,0.3316
1749254810,0.33230000,56869.80000000,0.3316
1749254810,0.33240000,48877.30000000,0.3316
1749254810,0.33250000,53163.20000000,0.3316
1749254810,0.33260000,10155.10000000,0.3316
1749254810,0.33270000,6799.80000000,0.3316
1749254810,0.33280000,74395.30000000,0.3316
1749254810,0.33290000,38065.60000000,0.3316
1749254810,0.33300000,7677.60000000,0.3316
1749254810,0.33310000,3347.00000000,0.3316
1749254810,0.33320000,4216.10000000,0.3316
1749254810,0.33330000,92803.70000000,0.3316
1749254810,0.33340000,3022.60000000,0.3316
1749254810,0.33350000,7391.70000000,0.3316
1749254810,0.33360000,5814.00000000,0.3316
1749254810,0.33370000,10817.60000000,0.3316
1749254810,0.33380000,21968.30000000,0.3316
1749254810,0.33390000,10040.70000000,0.3316
1749254810,0.33400000,3019.90000000,0.3316
1749254810,0.33410000,7784.20000000,0.3316
1749254810,0.33420000,3060.30000000,0.3316
1749254810,0.33430000,3552.10000000,0.3316
1749254810,0.33440000,26467.50000000,0.3316
1749254810,0.33450000,52.40000000,0.3316
1749254810,0.33460000,4410.70000000,0.3316
1749254810,0.33470000,85.30000000,0.3316
1749254810,0.33480000,5644.10000000,0.3316
1749254810,0.33490000,69.20000000,0.3316
1749254810,0.33500000,6223.10000000,0.3316
1749254810,0.33510000,4941.00000000,0.3316
1749254810,0.33520000,567.80000000,0.3316
1749254810,0.33530000,4505.10000000,0.3316
1749254810,0.33540000,54.70000000,0.3316
1749254810,0.33550000,4405.90000000,0.3316
1749254810,0.33560000,110.20000000,0.3316
1749254810,0.33570000,4420.90000000,0.3316
1749254810,0.33580000,30.00000000,0.3316
1749254810,0.33590000,76.50000000,0.3316
1749254810,0.33600000,5915.60000000,0.3316
1749254810,0.33610000,52.40000000,0.3316
1749254810,0.33620000,63.90000000,0.3316
1749254810,0.33630000,67.90000000,0.3316
1749254810,0.33640000,45.50000000,0.3316
1749254810,0.33650000,52.40000000,0.3316
1749254810,0.33660000,57.20000000,0.3316
1749254810,0.33670000,4031.30000000,0.3316
1749254810,0.33680000,90.30000000,0.3316
1749254810,0.33690000,105.80000000,0.3316
1749254810,0.33700000,60.00000000,0.3316
1749254810,0.33710000,73.00000000,0.3316
1749254810,0.33720000,130.90000000,0.3316
1749254810,0.33730000,52.50000000,0.3316
1749254810,0.33740000,30.00000000,0.3316
1749254810,0.33750000,749.70000000,0.3316
1749254810,0.33760000,286.40000000,0.3316
1749254810,0.33770000,112.20000000,0.3316
1749254810,0.33780000,159.50000000,0.3316
1749254810,0.33790000,91.20000000,0.3316
1749254810,0.33800000,98.10000000,0.3316
1749254810,0.33810000,1235.50000000,0.3316
1749254810,0.33820000,30.00000000,0.3316
1749254810,0.33830000,30.00000000,0.3316
1749254810,0.33840000,177.70000000,0.3316
1749254810,0.33850000,93.60000000,0.3316
1749254810,0.33860000,72.40000000,0.3316
1749254810,0.33870000,84.00000000,0.3316
1749254810,0.33880000,106.40000000,0.3316
1749254810,0.33890000,52.60000000,0.3316
1749254810,0.33900000,834.60000000,0.3316
1749254810,0.33910000,2778.90000000,0.3316
1749254810,0.33920000,62.40000000,0.3316
1749254810,0.33930000,906.40000000,0.3316
1749254810,0.33940000,1412.60000000,0.3316
1749254810,0.33960000,73.00000000,0.3316
1749254810,0.33970000,31.50000000,0.3316
1749254810,0.33980000,46.90000000,0.3316
1749254810,0.33990000,783.80000000,0.3316
1749254810,0.34000000,4676.30000000,0.3316
1749254810,0.34010000,20.50000000,0.3316
1749254810,0.34020000,14.80000000,0.3316
1749254810,0.34030000,56.00000000,0.3316
1749254810,0.34040000,141.10000000,0.3316
1749254810,0.34050000,1150.90000000,0.3316
1749254810,0.34060000,26.80000000,0.3316
1749254810,0.34070000,2885.60000000,0.3316
1749254810,0.34080000,28.40000000,0.3316
1749254810,0.34100000,44.30000000,0.3316
1749254810,0.34110000,15.30000000,0.3316
1749254810,0.34130000,263.60000000,0.3316
1749254810,0.34140000,17.30000000,0.3316
1749254810,0.34150000,534.40000000,0.3316
1749254810,0.34160000,75.10000000,0.3316
1749254810,0.34180000,24.70000000,0.3316
1749254810,0.34190000,28.70000000,0.3316
1749254810,0.34200000,3183.50000000,0.3316
