timestamp,price,volume,current_price
1749258459,0.02661000,21322.20000000,0.02661
1749258459,0.02662000,88337.70000000,0.02661
1749258459,0.02663000,135871.60000000,0.02661
1749258459,0.02664000,332940.80000000,0.02661
1749258459,0.02665000,87191.20000000,0.02661
1749258459,0.02666000,326079.90000000,0.02661
1749258459,0.02667000,289922.10000000,0.02661
1749258459,0.02668000,164322.50000000,0.02661
1749258459,0.02669000,28745.40000000,0.02661
1749258459,0.02670000,20650.90000000,0.02661
1749258459,0.02671000,19697.60000000,0.02661
1749258459,0.02672000,20638.40000000,0.02661
1749258459,0.02673000,19689.10000000,0.02661
1749258459,0.02674000,20637.60000000,0.02661
1749258459,0.02675000,19692.80000000,0.02661
1749258459,0.02676000,20324.00000000,0.02661
1749258459,0.02677000,19387.90000000,0.02661
1749258459,0.02678000,22235.30000000,0.02661
1749258459,0.02679000,11065.40000000,0.02661
1749258459,0.02680000,9668.60000000,0.02661
1749258459,0.02681000,132687.20000000,0.02661
1749258459,0.02682000,9947.50000000,0.02661
1749258459,0.02683000,70169.40000000,0.02661
1749258459,0.02684000,9208.70000000,0.02661
1749258459,0.02685000,26018.20000000,0.02661
1749258459,0.02686000,377.00000000,0.02661
1749258459,0.02687000,377.00000000,0.02661
1749258459,0.02688000,15690.40000000,0.02661
1749258459,0.02689000,377.00000000,0.02661
1749258459,0.02690000,377.00000000,0.02661
1749258459,0.02691000,377.00000000,0.02661
1749258459,0.02692000,377.00000000,0.02661
1749258459,0.02693000,377.00000000,0.02661
1749258459,0.02694000,377.00000000,0.02661
1749258459,0.02695000,377.00000000,0.02661
1749258459,0.02696000,377.00000000,0.02661
1749258459,0.02697000,18731.70000000,0.02661
1749258459,0.02698000,578.00000000,0.02661
1749258459,0.02699000,377.00000000,0.02661
1749258459,0.02700000,53827.20000000,0.02661
1749258459,0.02701000,377.00000000,0.02661
1749258459,0.02702000,377.00000000,0.02661
1749258459,0.02703000,377.00000000,0.02661
1749258459,0.02704000,377.00000000,0.02661
1749258459,0.02705000,377.00000000,0.02661
1749258459,0.02706000,377.00000000,0.02661
1749258459,0.02707000,377.00000000,0.02661
1749258459,0.02708000,377.00000000,0.02661
1749258459,0.02709000,379.30000000,0.02661
1749258459,0.02710000,31719.50000000,0.02661
1749258459,0.02711000,3305684.60000000,0.02661
1749258459,0.02712000,379.10000000,0.02661
1749258459,0.02713000,600.30000000,0.02661
1749258459,0.02714000,379.00000000,0.02661
1749258459,0.02715000,378.80000000,0.02661
1749258459,0.02716000,378.70000000,0.02661
1749258459,0.02717000,378.60000000,0.02661
1749258459,0.02718000,579.40000000,0.02661
1749258459,0.02719000,378.30000000,0.02661
1749258459,0.02720000,837.50000000,0.02661
1749258459,0.02721000,17286.50000000,0.02661
1749258459,0.02722000,377.70000000,0.02661
1749258459,0.02723000,377.70000000,0.02661
1749258459,0.02724000,4877.50000000,0.02661
1749258459,0.02725000,377.50000000,0.02661
1749258459,0.02726000,377.30000000,0.02661
1749258459,0.02727000,377.10000000,0.02661
1749258459,0.02728000,2214.20000000,0.02661
1749258459,0.02729000,376.80000000,0.02661
1749258459,0.02730000,376.80000000,0.02661
1749258459,0.02731000,376.60000000,0.02661
1749258459,0.02732000,705.80000000,0.02661
1749258459,0.02733000,968.80000000,0.02661
1749258459,0.02734000,376.10000000,0.02661
1749258459,0.02735000,375.80000000,0.02661
1749258459,0.02736000,375.80000000,0.02661
1749258459,0.02737000,7681.00000000,0.02661
1749258459,0.02739000,201.00000000,0.02661
1749258459,0.02740000,751.40000000,0.02661
1749258459,0.02741000,291.90000000,0.02661
1749258459,0.02747000,254.80000000,0.02661
1749258459,0.02749000,7643.00000000,0.02661
1749258459,0.02751000,4729.10000000,0.02661
1749258459,0.02752000,3457766.60000000,0.02661
1749258459,0.02759000,201.00000000,0.02661
1749258459,0.02760000,459.40000000,0.02661
1749258459,0.02764000,361.60000000,0.02661
1749258459,0.02767000,361.40000000,0.02661
1749258459,0.02770000,920.20000000,0.02661
1749258459,0.02775000,1801.00000000,0.02661
1749258459,0.02780000,660.40000000,0.02661
1749258459,0.02781000,30998.80000000,0.02661
1749258459,0.02785000,430.90000000,0.02661
1749258459,0.02788000,193.60000000,0.02661
1749258459,0.02789000,5021.90000000,0.02661
1749258459,0.02794000,357.90000000,0.02661
1749258459,0.02800000,258922.40000000,0.02661
1749258459,0.02801000,486.60000000,0.02661
1749258459,0.02815000,5387.90000000,0.02661
1749258459,0.02816000,181.40000000,0.02661
1749258816,0.02662000,17475.60000000,0.02661
1749258816,0.02663000,66527.10000000,0.02661
1749258816,0.02664000,64927.40000000,0.02661
1749258816,0.02665000,171338.50000000,0.02661
1749258816,0.02666000,370741.10000000,0.02661
1749258816,0.02667000,239142.10000000,0.02661
1749258816,0.02668000,168099.80000000,0.02661
1749258816,0.02669000,160667.00000000,0.02661
1749258816,0.02670000,28737.70000000,0.02661
1749258816,0.02671000,19697.60000000,0.02661
1749258816,0.02672000,20637.30000000,0.02661
1749258816,0.02673000,19689.10000000,0.02661
1749258816,0.02674000,19696.90000000,0.02661
1749258816,0.02675000,21399.80000000,0.02661
1749258816,0.02676000,20324.30000000,0.02661
1749258816,0.02677000,132895.40000000,0.02661
1749258816,0.02678000,19600.10000000,0.02661
1749258816,0.02679000,11069.20000000,0.02661
1749258816,0.02680000,10608.90000000,0.02661
1749258816,0.02681000,9209.10000000,0.02661
1749258816,0.02682000,9947.50000000,0.02661
1749258816,0.02683000,70169.40000000,0.02661
1749258816,0.02684000,1599.00000000,0.02661
1749258816,0.02685000,9208.50000000,0.02661
1749258816,0.02686000,377.00000000,0.02661
1749258816,0.02687000,25724.10000000,0.02661
1749258816,0.02688000,16630.70000000,0.02661
1749258816,0.02689000,377.00000000,0.02661
1749258816,0.02690000,377.00000000,0.02661
1749258816,0.02691000,377.00000000,0.02661
1749258816,0.02692000,9867.30000000,0.02661
1749258816,0.02693000,377.00000000,0.02661
1749258816,0.02694000,377.00000000,0.02661
1749258816,0.02695000,377.00000000,0.02661
1749258816,0.02696000,377.00000000,0.02661
1749258816,0.02697000,18731.70000000,0.02661
1749258816,0.02698000,578.00000000,0.02661
1749258816,0.02699000,377.00000000,0.02661
1749258816,0.02700000,53827.20000000,0.02661
1749258816,0.02701000,377.00000000,0.02661
1749258816,0.02702000,377.00000000,0.02661
1749258816,0.02703000,377.00000000,0.02661
1749258816,0.02704000,377.00000000,0.02661
1749258816,0.02705000,377.00000000,0.02661
1749258816,0.02706000,377.00000000,0.02661
1749258816,0.02707000,377.00000000,0.02661
1749258816,0.02708000,31716.90000000,0.02661
1749258816,0.02709000,379.30000000,0.02661
1749258816,0.02710000,379.60000000,0.02661
1749258816,0.02711000,3301446.40000000,0.02661
1749258816,0.02712000,379.10000000,0.02661
1749258816,0.02713000,600.30000000,0.02661
1749258816,0.02714000,379.00000000,0.02661
1749258816,0.02715000,378.80000000,0.02661
1749258816,0.02716000,378.70000000,0.02661
1749258816,0.02717000,378.60000000,0.02661
1749258816,0.02718000,579.40000000,0.02661
1749258816,0.02719000,378.30000000,0.02661
1749258816,0.02720000,837.50000000,0.02661
1749258816,0.02721000,17286.50000000,0.02661
1749258816,0.02722000,377.70000000,0.02661
1749258816,0.02723000,377.70000000,0.02661
1749258816,0.02724000,377.50000000,0.02661
1749258816,0.02725000,377.50000000,0.02661
1749258816,0.02726000,377.30000000,0.02661
1749258816,0.02727000,377.10000000,0.02661
1749258816,0.02728000,2214.20000000,0.02661
1749258816,0.02729000,376.80000000,0.02661
1749258816,0.02730000,376.80000000,0.02661
1749258816,0.02731000,376.60000000,0.02661
1749258816,0.02732000,705.80000000,0.02661
1749258816,0.02733000,968.80000000,0.02661
1749258816,0.02734000,376.10000000,0.02661
1749258816,0.02735000,376.00000000,0.02661
1749258816,0.02736000,375.80000000,0.02661
1749258816,0.02737000,8056.70000000,0.02661
1749258816,0.02739000,201.00000000,0.02661
1749258816,0.02740000,751.40000000,0.02661
1749258816,0.02741000,291.90000000,0.02661
1749258816,0.02747000,254.80000000,0.02661
1749258816,0.02749000,9609.50000000,0.02661
1749258816,0.02751000,2762.60000000,0.02661
1749258816,0.02752000,3476709.20000000,0.02661
1749258816,0.02759000,201.00000000,0.02661
1749258816,0.02760000,459.40000000,0.02661
1749258816,0.02764000,361.60000000,0.02661
1749258816,0.02767000,361.40000000,0.02661
1749258816,0.02770000,920.20000000,0.02661
1749258816,0.02775000,1801.00000000,0.02661
1749258816,0.02780000,660.40000000,0.02661
1749258816,0.02781000,30998.80000000,0.02661
1749258816,0.02785000,430.90000000,0.02661
1749258816,0.02788000,193.60000000,0.02661
1749258816,0.02789000,5021.90000000,0.02661
1749258816,0.02794000,357.90000000,0.02661
1749258816,0.02800000,258922.40000000,0.02661
1749258816,0.02801000,486.60000000,0.02661
1749258816,0.02815000,5387.90000000,0.02661
1749258816,0.02816000,181.40000000,0.02661
1749258816,0.02820000,1027.60000000,0.02661
1749259123,0.02656000,19799.10000000,0.02655
1749259123,0.02657000,72638.70000000,0.02655
1749259123,0.02658000,103869.70000000,0.02655
1749259123,0.02659000,288273.50000000,0.02655
1749259123,0.02660000,320694.90000000,0.02655
1749259123,0.02661000,266290.90000000,0.02655
1749259123,0.02662000,96229.10000000,0.02655
1749259123,0.02663000,286184.80000000,0.02655
1749259123,0.02664000,55823.20000000,0.02655
1749259123,0.02665000,19672.40000000,0.02655
1749259123,0.02666000,19671.50000000,0.02655
1749259123,0.02667000,19667.60000000,0.02655
1749259123,0.02668000,20661.30000000,0.02655
1749259123,0.02669000,135372.50000000,0.02655
1749259123,0.02670000,19709.20000000,0.02655
1749259123,0.02671000,36595.40000000,0.02655
1749259123,0.02672000,20637.30000000,0.02655
1749259123,0.02673000,19689.10000000,0.02655
1749259123,0.02674000,9491.70000000,0.02655
1749259123,0.02675000,9491.50000000,0.02655
1749259123,0.02676000,39328.60000000,0.02655
1749259123,0.02677000,9209.50000000,0.02655
1749259123,0.02678000,9410.30000000,0.02655
1749259123,0.02679000,883.20000000,0.02655
1749259123,0.02680000,10608.90000000,0.02655
1749259123,0.02681000,659.10000000,0.02655
1749259123,0.02682000,1397.50000000,0.02655
1749259123,0.02683000,47708.60000000,0.02655
1749259123,0.02684000,1599.00000000,0.02655
1749259123,0.02685000,9208.50000000,0.02655
1749259123,0.02686000,377.00000000,0.02655
1749259123,0.02687000,377.00000000,0.02655
1749259123,0.02688000,1317.30000000,0.02655
1749259123,0.02689000,377.00000000,0.02655
1749259123,0.02690000,377.00000000,0.02655
1749259123,0.02691000,377.00000000,0.02655
1749259123,0.02692000,377.00000000,0.02655
1749259123,0.02693000,377.00000000,0.02655
1749259123,0.02694000,377.00000000,0.02655
1749259123,0.02695000,377.00000000,0.02655
1749259123,0.02696000,377.00000000,0.02655
1749259123,0.02697000,18731.70000000,0.02655
1749259123,0.02698000,578.00000000,0.02655
1749259123,0.02699000,377.00000000,0.02655
1749259123,0.02700000,53827.20000000,0.02655
1749259123,0.02701000,377.00000000,0.02655
1749259123,0.02702000,377.00000000,0.02655
1749259123,0.02703000,377.00000000,0.02655
1749259123,0.02704000,31716.90000000,0.02655
1749259123,0.02705000,3302882.00000000,0.02655
1749259123,0.02706000,377.00000000,0.02655
1749259123,0.02707000,377.00000000,0.02655
1749259123,0.02708000,377.00000000,0.02655
1749259123,0.02709000,379.30000000,0.02655
1749259123,0.02710000,379.60000000,0.02655
1749259123,0.02711000,379.40000000,0.02655
1749259123,0.02712000,379.10000000,0.02655
1749259123,0.02713000,600.30000000,0.02655
1749259123,0.02714000,379.00000000,0.02655
1749259123,0.02715000,378.80000000,0.02655
1749259123,0.02716000,378.70000000,0.02655
1749259123,0.02717000,378.60000000,0.02655
1749259123,0.02718000,579.40000000,0.02655
1749259123,0.02719000,378.30000000,0.02655
1749259123,0.02720000,837.50000000,0.02655
1749259123,0.02721000,17286.50000000,0.02655
1749259123,0.02722000,377.70000000,0.02655
1749259123,0.02723000,377.70000000,0.02655
1749259123,0.02724000,4877.50000000,0.02655
1749259123,0.02725000,377.50000000,0.02655
1749259123,0.02726000,377.30000000,0.02655
1749259123,0.02727000,377.10000000,0.02655
1749259123,0.02728000,2214.20000000,0.02655
1749259123,0.02729000,376.80000000,0.02655
1749259123,0.02730000,376.80000000,0.02655
1749259123,0.02731000,376.60000000,0.02655
1749259123,0.02732000,329.40000000,0.02655
1749259123,0.02733000,592.50000000,0.02655
1749259123,0.02737000,7681.00000000,0.02655
1749259123,0.02739000,201.00000000,0.02655
1749259123,0.02740000,751.40000000,0.02655
1749259123,0.02741000,291.90000000,0.02655
1749259123,0.02745000,10405.60000000,0.02655
1749259123,0.02746000,3486035.30000000,0.02655
1749259123,0.02747000,254.80000000,0.02655
1749259123,0.02749000,1966.50000000,0.02655
1749259123,0.02752000,203.50000000,0.02655
1749259123,0.02759000,201.00000000,0.02655
1749259123,0.02760000,459.40000000,0.02655
1749259123,0.02764000,361.60000000,0.02655
1749259123,0.02767000,361.40000000,0.02655
1749259123,0.02770000,920.20000000,0.02655
1749259123,0.02775000,1801.00000000,0.02655
1749259123,0.02780000,660.40000000,0.02655
1749259123,0.02781000,30998.80000000,0.02655
1749259123,0.02785000,430.90000000,0.02655
1749259123,0.02788000,193.60000000,0.02655
1749259123,0.02789000,5021.90000000,0.02655
1749259123,0.02794000,357.90000000,0.02655
1749259123,0.02800000,258922.40000000,0.02655
