timestamp,price,volume,current_price
1749254723,0.02639000,4167.50000000,0.02639
1749254723,0.02640000,87676.20000000,0.02639
1749254723,0.02641000,228932.70000000,0.02639
1749254723,0.02642000,130131.70000000,0.02639
1749254723,0.02643000,252159.40000000,0.02639
1749254723,0.02644000,350863.30000000,0.02639
1749254723,0.02645000,95050.80000000,0.02639
1749254723,0.02646000,70694.20000000,0.02639
1749254723,0.02647000,87569.70000000,0.02639
1749254723,0.02648000,29718.10000000,0.02639
1749254723,0.02649000,19737.80000000,0.02639
1749254723,0.02650000,20681.10000000,0.02639
1749254723,0.02651000,19729.50000000,0.02639
1749254723,0.02652000,20672.70000000,0.02639
1749254723,0.02653000,21402.60000000,0.02639
1749254723,0.02654000,37328.50000000,0.02639
1749254723,0.02655000,70170.40000000,0.02639
1749254723,0.02656000,20424.10000000,0.02639
1749254723,0.02657000,19472.70000000,0.02639
1749254723,0.02658000,124829.40000000,0.02639
1749254723,0.02659000,11123.40000000,0.02639
1749254723,0.02660000,10589.20000000,0.02639
1749254723,0.02661000,659.10000000,0.02639
1749254723,0.02662000,659.00000000,0.02639
1749254723,0.02663000,658.80000000,0.02639
1749254723,0.02664000,9208.70000000,0.02639
1749254723,0.02665000,660.80000000,0.02639
1749254723,0.02666000,7554.70000000,0.02639
1749254723,0.02667000,660.60000000,0.02639
1749254723,0.02668000,9949.10000000,0.02639
1749254723,0.02669000,660.30000000,0.02639
1749254723,0.02670000,660.30000000,0.02639
1749254723,0.02671000,660.30000000,0.02639
1749254723,0.02672000,660.00000000,0.02639
1749254723,0.02673000,659.90000000,0.02639
1749254723,0.02674000,377.00000000,0.02639
1749254723,0.02675000,377.00000000,0.02639
1749254723,0.02676000,377.00000000,0.02639
1749254723,0.02677000,377.00000000,0.02639
1749254723,0.02678000,578.00000000,0.02639
1749254723,0.02679000,601.00000000,0.02639
1749254723,0.02680000,836.40000000,0.02639
1749254723,0.02681000,377.00000000,0.02639
1749254723,0.02682000,377.00000000,0.02639
1749254723,0.02683000,7864.00000000,0.02639
1749254723,0.02684000,377.00000000,0.02639
1749254723,0.02685000,377.00000000,0.02639
1749254723,0.02686000,377.00000000,0.02639
1749254723,0.02687000,377.00000000,0.02639
1749254723,0.02688000,377.00000000,0.02639
1749254723,0.02689000,3252934.60000000,0.02639
1749254723,0.02690000,24230.00000000,0.02639
1749254723,0.02691000,377.00000000,0.02639
1749254723,0.02692000,377.00000000,0.02639
1749254723,0.02693000,377.00000000,0.02639
1749254723,0.02694000,377.00000000,0.02639
1749254723,0.02695000,377.00000000,0.02639
1749254723,0.02696000,377.00000000,0.02639
1749254723,0.02697000,18731.70000000,0.02639
1749254723,0.02698000,17813.20000000,0.02639
1749254723,0.02699000,377.00000000,0.02639
1749254723,0.02700000,53827.20000000,0.02639
1749254723,0.02701000,377.00000000,0.02639
1749254723,0.02702000,377.00000000,0.02639
1749254723,0.02703000,377.00000000,0.02639
1749254723,0.02704000,377.00000000,0.02639
1749254723,0.02705000,377.00000000,0.02639
1749254723,0.02706000,377.00000000,0.02639
1749254723,0.02707000,377.00000000,0.02639
1749254723,0.02708000,377.00000000,0.02639
1749254723,0.02709000,379.30000000,0.02639
1749254723,0.02710000,379.60000000,0.02639
1749254723,0.02711000,379.40000000,0.02639
1749254723,0.02712000,379.30000000,0.02639
1749254723,0.02713000,600.30000000,0.02639
1749254723,0.02714000,379.00000000,0.02639
1749254723,0.02718000,201.00000000,0.02639
1749254723,0.02720000,459.40000000,0.02639
1749254723,0.02724000,2762.60000000,0.02639
1749254723,0.02726000,4500.00000000,0.02639
1749254723,0.02728000,1837.20000000,0.02639
1749254723,0.02730000,3528992.90000000,0.02639
1749254723,0.02731000,9609.50000000,0.02639
1749254723,0.02732000,329.40000000,0.02639
1749254723,0.02733000,592.50000000,0.02639
1749254723,0.02739000,201.00000000,0.02639
1749254723,0.02740000,751.40000000,0.02639
1749254723,0.02741000,291.90000000,0.02639
1749254723,0.02743000,7681.00000000,0.02639
1749254723,0.02747000,254.80000000,0.02639
1749254723,0.02752000,203.50000000,0.02639
1749254723,0.02758000,31597.80000000,0.02639
1749254723,0.02759000,201.00000000,0.02639
1749254723,0.02760000,459.40000000,0.02639
1749254723,0.02764000,361.60000000,0.02639
1749254723,0.02767000,361.40000000,0.02639
1749254723,0.02770000,920.20000000,0.02639
1749254723,0.02775000,1801.00000000,0.02639
1749254723,0.02780000,660.40000000,0.02639
1749254723,0.02785000,430.90000000,0.02639
1749255044,0.02640000,17970.00000000,0.0264
1749255044,0.02641000,98817.20000000,0.0264
1749255044,0.02642000,143722.90000000,0.0264
1749255044,0.02643000,167528.70000000,0.0264
1749255044,0.02644000,394277.20000000,0.0264
1749255044,0.02645000,196087.80000000,0.0264
1749255044,0.02646000,229828.20000000,0.0264
1749255044,0.02647000,87569.70000000,0.0264
1749255044,0.02648000,29717.00000000,0.0264
1749255044,0.02649000,19737.80000000,0.0264
1749255044,0.02650000,20680.00000000,0.0264
1749255044,0.02651000,19729.50000000,0.0264
1749255044,0.02652000,20671.60000000,0.0264
1749255044,0.02653000,19721.10000000,0.0264
1749255044,0.02654000,37327.40000000,0.0264
1749255044,0.02655000,70170.40000000,0.0264
1749255044,0.02656000,22103.70000000,0.0264
1749255044,0.02657000,134191.00000000,0.0264
1749255044,0.02658000,20415.10000000,0.0264
1749255044,0.02659000,11123.40000000,0.0264
1749255044,0.02660000,9668.60000000,0.0264
1749255044,0.02661000,659.10000000,0.0264
1749255044,0.02662000,659.00000000,0.0264
1749255044,0.02663000,658.80000000,0.0264
1749255044,0.02664000,9208.70000000,0.0264
1749255044,0.02665000,660.80000000,0.0264
1749255044,0.02666000,660.60000000,0.0264
1749255044,0.02667000,660.60000000,0.0264
1749255044,0.02668000,1399.10000000,0.0264
1749255044,0.02669000,660.30000000,0.0264
1749255044,0.02670000,660.30000000,0.0264
1749255044,0.02671000,7527.30000000,0.0264
1749255044,0.02672000,660.00000000,0.0264
1749255044,0.02673000,659.90000000,0.0264
1749255044,0.02674000,377.00000000,0.0264
1749255044,0.02675000,377.00000000,0.0264
1749255044,0.02676000,377.00000000,0.0264
1749255044,0.02677000,377.00000000,0.0264
1749255044,0.02678000,578.00000000,0.0264
1749255044,0.02679000,601.00000000,0.0264
1749255044,0.02680000,836.40000000,0.0264
1749255044,0.02681000,377.00000000,0.0264
1749255044,0.02682000,377.00000000,0.0264
1749255044,0.02683000,377.00000000,0.0264
1749255044,0.02684000,377.00000000,0.0264
1749255044,0.02685000,377.00000000,0.0264
1749255044,0.02686000,377.00000000,0.0264
1749255044,0.02687000,377.00000000,0.0264
1749255044,0.02688000,377.00000000,0.0264
1749255044,0.02689000,3182357.70000000,0.0264
1749255044,0.02690000,31716.90000000,0.0264
1749255044,0.02691000,377.00000000,0.0264
1749255044,0.02692000,377.00000000,0.0264
1749255044,0.02693000,377.00000000,0.0264
1749255044,0.02694000,377.00000000,0.0264
1749255044,0.02695000,377.00000000,0.0264
1749255044,0.02696000,377.00000000,0.0264
1749255044,0.02697000,18731.70000000,0.0264
1749255044,0.02698000,17813.20000000,0.0264
1749255044,0.02699000,377.00000000,0.0264
1749255044,0.02700000,53827.20000000,0.0264
1749255044,0.02701000,377.00000000,0.0264
1749255044,0.02702000,377.00000000,0.0264
1749255044,0.02703000,377.00000000,0.0264
1749255044,0.02704000,377.00000000,0.0264
1749255044,0.02705000,377.00000000,0.0264
1749255044,0.02706000,377.00000000,0.0264
1749255044,0.02707000,377.00000000,0.0264
1749255044,0.02708000,377.00000000,0.0264
1749255044,0.02709000,379.30000000,0.0264
1749255044,0.02710000,379.60000000,0.0264
1749255044,0.02711000,379.40000000,0.0264
1749255044,0.02712000,379.30000000,0.0264
1749255044,0.02713000,600.30000000,0.0264
1749255044,0.02714000,379.00000000,0.0264
1749255044,0.02715000,378.80000000,0.0264
1749255044,0.02718000,201.00000000,0.0264
1749255044,0.02720000,459.40000000,0.0264
1749255044,0.02726000,4500.00000000,0.0264
1749255044,0.02728000,1837.20000000,0.0264
1749255044,0.02730000,3479477.40000000,0.0264
1749255044,0.02731000,12372.10000000,0.0264
1749255044,0.02732000,329.40000000,0.0264
1749255044,0.02733000,592.50000000,0.0264
1749255044,0.02739000,201.00000000,0.0264
1749255044,0.02740000,751.40000000,0.0264
1749255044,0.02741000,291.90000000,0.0264
1749255044,0.02743000,7681.00000000,0.0264
1749255044,0.02747000,254.80000000,0.0264
1749255044,0.02752000,203.50000000,0.0264
1749255044,0.02758000,31597.80000000,0.0264
1749255044,0.02759000,201.00000000,0.0264
1749255044,0.02760000,459.40000000,0.0264
1749255044,0.02764000,361.60000000,0.0264
1749255044,0.02767000,361.40000000,0.0264
1749255044,0.02770000,920.20000000,0.0264
1749255044,0.02775000,1801.00000000,0.0264
1749255044,0.02780000,660.40000000,0.0264
1749255044,0.02785000,430.90000000,0.0264
1749255044,0.02788000,193.60000000,0.0264
