timestamp,price,volume,current_price
1749260847,0.02657000,11379.20000000,0.02657
1749260847,0.02658000,112194.30000000,0.02657
1749260847,0.02659000,112519.40000000,0.02657
1749260847,0.02660000,226103.60000000,0.02657
1749260847,0.02661000,451533.60000000,0.02657
1749260847,0.02662000,73285.90000000,0.02657
1749260847,0.02663000,73378.80000000,0.02657
1749260847,0.02664000,211366.90000000,0.02657
1749260847,0.02665000,28700.90000000,0.02657
1749260847,0.02666000,19671.50000000,0.02657
1749260847,0.02667000,19667.60000000,0.02657
1749260847,0.02668000,19724.90000000,0.02657
1749260847,0.02669000,48602.00000000,0.02657
1749260847,0.02670000,19419.30000000,0.02657
1749260847,0.02671000,21132.20000000,0.02657
1749260847,0.02672000,123020.40000000,0.02657
1749260847,0.02673000,9209.90000000,0.02657
1749260847,0.02674000,9210.00000000,0.02657
1749260847,0.02675000,660.00000000,0.02657
1749260847,0.02676000,32441.40000000,0.02657
1749260847,0.02677000,659.50000000,0.02657
1749260847,0.02678000,9410.30000000,0.02657
1749260847,0.02679000,883.20000000,0.02657
1749260847,0.02680000,1118.60000000,0.02657
1749260847,0.02681000,9209.10000000,0.02657
1749260847,0.02682000,1397.50000000,0.02657
1749260847,0.02683000,7535.50000000,0.02657
1749260847,0.02684000,9208.70000000,0.02657
1749260847,0.02685000,658.50000000,0.02657
1749260847,0.02686000,377.00000000,0.02657
1749260847,0.02687000,377.00000000,0.02657
1749260847,0.02688000,377.00000000,0.02657
1749260847,0.02689000,8927.00000000,0.02657
1749260847,0.02690000,377.00000000,0.02657
1749260847,0.02691000,377.00000000,0.02657
1749260847,0.02692000,377.00000000,0.02657
1749260847,0.02693000,377.00000000,0.02657
1749260847,0.02694000,377.00000000,0.02657
1749260847,0.02695000,8927.00000000,0.02657
1749260847,0.02696000,377.00000000,0.02657
1749260847,0.02697000,18731.70000000,0.02657
1749260847,0.02698000,2698.00000000,0.02657
1749260847,0.02699000,377.00000000,0.02657
1749260847,0.02700000,53827.20000000,0.02657
1749260847,0.02701000,377.00000000,0.02657
1749260847,0.02702000,29596.90000000,0.02657
1749260847,0.02703000,377.00000000,0.02657
1749260847,0.02704000,377.00000000,0.02657
1749260847,0.02705000,377.00000000,0.02657
1749260847,0.02706000,3162892.00000000,0.02657
1749260847,0.02707000,377.00000000,0.02657
1749260847,0.02708000,377.00000000,0.02657
1749260847,0.02709000,17159.60000000,0.02657
1749260847,0.02710000,379.60000000,0.02657
1749260847,0.02711000,379.40000000,0.02657
1749260847,0.02712000,379.10000000,0.02657
1749260847,0.02713000,600.30000000,0.02657
1749260847,0.02714000,379.00000000,0.02657
1749260847,0.02715000,378.80000000,0.02657
1749260847,0.02716000,378.70000000,0.02657
1749260847,0.02717000,378.60000000,0.02657
1749260847,0.02718000,579.40000000,0.02657
1749260847,0.02719000,378.30000000,0.02657
1749260847,0.02720000,837.50000000,0.02657
1749260847,0.02721000,378.10000000,0.02657
1749260847,0.02722000,377.70000000,0.02657
1749260847,0.02723000,377.70000000,0.02657
1749260847,0.02724000,4877.50000000,0.02657
1749260847,0.02725000,377.40000000,0.02657
1749260847,0.02726000,377.30000000,0.02657
1749260847,0.02727000,377.10000000,0.02657
1749260847,0.02728000,2214.20000000,0.02657
1749260847,0.02729000,376.80000000,0.02657
1749260847,0.02730000,376.70000000,0.02657
1749260847,0.02731000,376.40000000,0.02657
1749260847,0.02732000,705.80000000,0.02657
1749260847,0.02733000,592.50000000,0.02657
1749260847,0.02737000,7681.00000000,0.02657
1749260847,0.02739000,2963.60000000,0.02657
1749260847,0.02740000,751.40000000,0.02657
1749260847,0.02741000,291.90000000,0.02657
1749260847,0.02743000,9609.50000000,0.02657
1749260847,0.02747000,3413018.90000000,0.02657
1749260847,0.02752000,203.50000000,0.02657
1749260847,0.02759000,201.00000000,0.02657
1749260847,0.02760000,459.40000000,0.02657
1749260847,0.02764000,361.60000000,0.02657
1749260847,0.02767000,361.40000000,0.02657
1749260847,0.02770000,920.20000000,0.02657
1749260847,0.02775000,1801.00000000,0.02657
1749260847,0.02780000,660.40000000,0.02657
1749260847,0.02781000,30998.80000000,0.02657
1749260847,0.02785000,430.90000000,0.02657
1749260847,0.02788000,193.60000000,0.02657
1749260847,0.02789000,5021.90000000,0.02657
1749260847,0.02794000,357.90000000,0.02657
1749260847,0.02800000,258922.40000000,0.02657
1749260847,0.02801000,486.60000000,0.02657
1749260847,0.02815000,5387.90000000,0.02657
1749260847,0.02816000,181.40000000,0.02657
1749261173,0.02658000,25721.50000000,0.02657
1749261173,0.02659000,55941.80000000,0.02657
1749261173,0.02660000,122298.70000000,0.02657
1749261173,0.02661000,231609.60000000,0.02657
1749261173,0.02662000,228143.80000000,0.02657
1749261173,0.02663000,416359.20000000,0.02657
1749261173,0.02664000,344526.10000000,0.02657
1749261173,0.02665000,28700.90000000,0.02657
1749261173,0.02666000,19671.50000000,0.02657
1749261173,0.02667000,19667.60000000,0.02657
1749261173,0.02668000,19724.90000000,0.02657
1749261173,0.02669000,19705.40000000,0.02657
1749261173,0.02670000,36605.60000000,0.02657
1749261173,0.02671000,21101.70000000,0.02657
1749261173,0.02672000,19411.30000000,0.02657
1749261173,0.02673000,19407.40000000,0.02657
1749261173,0.02674000,10857.50000000,0.02657
1749261173,0.02675000,124489.80000000,0.02657
1749261173,0.02676000,61620.20000000,0.02657
1749261173,0.02677000,659.50000000,0.02657
1749261173,0.02678000,860.30000000,0.02657
1749261173,0.02679000,883.20000000,0.02657
1749261173,0.02680000,1118.60000000,0.02657
1749261173,0.02681000,659.10000000,0.02657
1749261173,0.02682000,1397.50000000,0.02657
1749261173,0.02683000,658.70000000,0.02657
1749261173,0.02684000,658.70000000,0.02657
1749261173,0.02685000,658.50000000,0.02657
1749261173,0.02686000,377.00000000,0.02657
1749261173,0.02687000,377.00000000,0.02657
1749261173,0.02688000,7123.80000000,0.02657
1749261173,0.02689000,377.00000000,0.02657
1749261173,0.02690000,377.00000000,0.02657
1749261173,0.02691000,377.00000000,0.02657
1749261173,0.02692000,377.00000000,0.02657
1749261173,0.02693000,377.00000000,0.02657
1749261173,0.02694000,377.00000000,0.02657
1749261173,0.02695000,377.00000000,0.02657
1749261173,0.02696000,377.00000000,0.02657
1749261173,0.02697000,18731.70000000,0.02657
1749261173,0.02698000,578.00000000,0.02657
1749261173,0.02699000,377.00000000,0.02657
1749261173,0.02700000,53827.20000000,0.02657
1749261173,0.02701000,377.00000000,0.02657
1749261173,0.02702000,377.00000000,0.02657
1749261173,0.02703000,377.00000000,0.02657
1749261173,0.02704000,377.00000000,0.02657
1749261173,0.02705000,377.00000000,0.02657
1749261173,0.02706000,377.00000000,0.02657
1749261173,0.02707000,31716.90000000,0.02657
1749261173,0.02708000,3179840.50000000,0.02657
1749261173,0.02709000,379.30000000,0.02657
1749261173,0.02710000,379.60000000,0.02657
1749261173,0.02711000,379.40000000,0.02657
1749261173,0.02712000,379.10000000,0.02657
1749261173,0.02713000,600.30000000,0.02657
1749261173,0.02714000,379.00000000,0.02657
1749261173,0.02715000,378.80000000,0.02657
1749261173,0.02716000,378.70000000,0.02657
1749261173,0.02717000,378.60000000,0.02657
1749261173,0.02718000,579.40000000,0.02657
1749261173,0.02719000,378.30000000,0.02657
1749261173,0.02720000,837.50000000,0.02657
1749261173,0.02721000,17277.30000000,0.02657
1749261173,0.02722000,377.70000000,0.02657
1749261173,0.02723000,377.70000000,0.02657
1749261173,0.02724000,377.50000000,0.02657
1749261173,0.02725000,377.40000000,0.02657
1749261173,0.02726000,377.30000000,0.02657
1749261173,0.02727000,377.10000000,0.02657
1749261173,0.02728000,2214.20000000,0.02657
1749261173,0.02729000,376.80000000,0.02657
1749261173,0.02730000,376.70000000,0.02657
1749261173,0.02731000,376.40000000,0.02657
1749261173,0.02732000,705.80000000,0.02657
1749261173,0.02733000,968.80000000,0.02657
1749261173,0.02737000,7681.00000000,0.02657
1749261173,0.02739000,201.00000000,0.02657
1749261173,0.02740000,751.40000000,0.02657
1749261173,0.02741000,291.90000000,0.02657
1749261173,0.02747000,254.80000000,0.02657
1749261173,0.02748000,12372.10000000,0.02657
1749261173,0.02749000,3372029.00000000,0.02657
1749261173,0.02752000,203.50000000,0.02657
1749261173,0.02759000,201.00000000,0.02657
1749261173,0.02760000,459.40000000,0.02657
1749261173,0.02764000,361.60000000,0.02657
1749261173,0.02767000,361.40000000,0.02657
1749261173,0.02770000,920.20000000,0.02657
1749261173,0.02775000,1801.00000000,0.02657
1749261173,0.02780000,660.40000000,0.02657
1749261173,0.02781000,30998.80000000,0.02657
1749261173,0.02785000,430.90000000,0.02657
1749261173,0.02788000,193.60000000,0.02657
1749261173,0.02789000,5021.90000000,0.02657
1749261173,0.02794000,357.90000000,0.02657
1749261173,0.02800000,258922.40000000,0.02657
1749261173,0.02801000,486.60000000,0.02657
1749261173,0.02815000,5387.90000000,0.02657
1749261173,0.02816000,181.40000000,0.02657
1749261488,0.02662000,19329.90000000,0.02661
1749261488,0.02663000,97644.60000000,0.02661
1749261488,0.02664000,167340.70000000,0.02661
1749261488,0.02665000,94339.40000000,0.02661
1749261488,0.02666000,270947.20000000,0.02661
1749261488,0.02667000,383365.00000000,0.02661
1749261488,0.02668000,61909.00000000,0.02661
1749261488,0.02669000,19705.40000000,0.02661
1749261488,0.02670000,187326.30000000,0.02661
1749261488,0.02671000,133427.60000000,0.02661
1749261488,0.02672000,19693.10000000,0.02661
1749261488,0.02673000,19689.20000000,0.02661
1749261488,0.02674000,19407.50000000,0.02661
1749261488,0.02675000,10861.30000000,0.02661
1749261488,0.02676000,71804.30000000,0.02661
1749261488,0.02677000,12554.10000000,0.02661
1749261488,0.02678000,860.30000000,0.02661
1749261488,0.02679000,883.20000000,0.02661
1749261488,0.02680000,1118.60000000,0.02661
1749261488,0.02681000,659.10000000,0.02661
1749261488,0.02682000,1397.50000000,0.02661
1749261488,0.02683000,658.70000000,0.02661
1749261488,0.02684000,658.70000000,0.02661
1749261488,0.02685000,658.50000000,0.02661
1749261488,0.02686000,377.00000000,0.02661
1749261488,0.02687000,377.00000000,0.02661
1749261488,0.02688000,7123.80000000,0.02661
1749261488,0.02689000,377.00000000,0.02661
1749261488,0.02690000,377.00000000,0.02661
1749261488,0.02691000,377.00000000,0.02661
1749261488,0.02692000,377.00000000,0.02661
1749261488,0.02693000,377.00000000,0.02661
1749261488,0.02694000,377.00000000,0.02661
1749261488,0.02695000,377.00000000,0.02661
1749261488,0.02696000,377.00000000,0.02661
1749261488,0.02697000,18731.70000000,0.02661
1749261488,0.02698000,578.00000000,0.02661
1749261488,0.02699000,377.00000000,0.02661
1749261488,0.02700000,53827.20000000,0.02661
1749261488,0.02701000,377.00000000,0.02661
1749261488,0.02702000,377.00000000,0.02661
1749261488,0.02703000,377.00000000,0.02661
1749261488,0.02704000,377.00000000,0.02661
1749261488,0.02705000,377.00000000,0.02661
1749261488,0.02706000,377.00000000,0.02661
1749261488,0.02707000,377.00000000,0.02661
1749261488,0.02708000,377.00000000,0.02661
1749261488,0.02709000,379.30000000,0.02661
1749261488,0.02710000,379.60000000,0.02661
1749261488,0.02711000,31719.30000000,0.02661
1749261488,0.02712000,3272140.30000000,0.02661
1749261488,0.02713000,600.30000000,0.02661
1749261488,0.02714000,379.00000000,0.02661
1749261488,0.02715000,378.80000000,0.02661
1749261488,0.02716000,378.70000000,0.02661
1749261488,0.02717000,378.60000000,0.02661
1749261488,0.02718000,579.40000000,0.02661
1749261488,0.02719000,378.30000000,0.02661
1749261488,0.02720000,837.50000000,0.02661
1749261488,0.02721000,17277.30000000,0.02661
1749261488,0.02722000,377.70000000,0.02661
1749261488,0.02723000,377.70000000,0.02661
1749261488,0.02724000,4877.50000000,0.02661
1749261488,0.02725000,377.40000000,0.02661
1749261488,0.02726000,377.30000000,0.02661
1749261488,0.02727000,377.10000000,0.02661
1749261488,0.02728000,2214.20000000,0.02661
1749261488,0.02729000,376.80000000,0.02661
1749261488,0.02730000,376.70000000,0.02661
1749261488,0.02731000,376.40000000,0.02661
1749261488,0.02732000,705.80000000,0.02661
1749261488,0.02733000,968.80000000,0.02661
1749261488,0.02734000,376.10000000,0.02661
1749261488,0.02735000,376.00000000,0.02661
1749261488,0.02736000,375.80000000,0.02661
1749261488,0.02737000,8056.70000000,0.02661
1749261488,0.02739000,201.00000000,0.02661
1749261488,0.02740000,751.40000000,0.02661
1749261488,0.02741000,291.90000000,0.02661
1749261488,0.02747000,254.80000000,0.02661
1749261488,0.02752000,12575.60000000,0.02661
1749261488,0.02753000,3458761.80000000,0.02661
1749261488,0.02759000,201.00000000,0.02661
1749261488,0.02760000,459.40000000,0.02661
1749261488,0.02764000,361.60000000,0.02661
1749261488,0.02767000,361.40000000,0.02661
1749261488,0.02770000,920.20000000,0.02661
1749261488,0.02775000,1801.00000000,0.02661
1749261488,0.02780000,660.40000000,0.02661
1749261488,0.02781000,30998.80000000,0.02661
1749261488,0.02785000,430.90000000,0.02661
1749261488,0.02788000,193.60000000,0.02661
1749261488,0.02789000,5021.90000000,0.02661
1749261488,0.02794000,357.90000000,0.02661
1749261488,0.02800000,258922.40000000,0.02661
1749261488,0.02801000,486.60000000,0.02661
1749261488,0.02815000,5387.90000000,0.02661
1749261488,0.02816000,181.40000000,0.02661
1749261488,0.02820000,1027.60000000,0.02661
1749261488,0.02821000,198.50000000,0.02661
1749261798,0.02655000,58974.60000000,0.02655
1749261798,0.02656000,80862.80000000,0.02655
1749261798,0.02657000,132582.80000000,0.02655
1749261798,0.02658000,165864.80000000,0.02655
1749261798,0.02659000,172646.20000000,0.02655
1749261798,0.02660000,238837.40000000,0.02655
1749261798,0.02661000,307668.00000000,0.02655
1749261798,0.02662000,22818.70000000,0.02655
1749261798,0.02663000,78707.30000000,0.02655
1749261798,0.02664000,161363.10000000,0.02655
1749261798,0.02665000,19672.40000000,0.02655
1749261798,0.02666000,19671.50000000,0.02655
1749261798,0.02667000,19667.60000000,0.02655
1749261798,0.02668000,19724.90000000,0.02655
1749261798,0.02669000,11155.40000000,0.02655
1749261798,0.02670000,28055.60000000,0.02655
1749261798,0.02671000,126691.30000000,0.02655
1749261798,0.02672000,11143.10000000,0.02655
1749261798,0.02673000,11139.20000000,0.02655
1749261798,0.02674000,660.00000000,0.02655
1749261798,0.02675000,660.00000000,0.02655
1749261798,0.02676000,61620.20000000,0.02655
1749261798,0.02677000,659.50000000,0.02655
1749261798,0.02678000,860.30000000,0.02655
1749261798,0.02679000,883.20000000,0.02655
1749261798,0.02680000,1118.60000000,0.02655
1749261798,0.02681000,659.10000000,0.02655
1749261798,0.02682000,1397.50000000,0.02655
1749261798,0.02683000,7418.20000000,0.02655
1749261798,0.02684000,658.70000000,0.02655
1749261798,0.02685000,658.50000000,0.02655
1749261798,0.02686000,377.00000000,0.02655
1749261798,0.02687000,377.00000000,0.02655
1749261798,0.02688000,377.00000000,0.02655
1749261798,0.02689000,377.00000000,0.02655
1749261798,0.02690000,377.00000000,0.02655
1749261798,0.02691000,377.00000000,0.02655
1749261798,0.02692000,377.00000000,0.02655
1749261798,0.02693000,377.00000000,0.02655
1749261798,0.02694000,377.00000000,0.02655
1749261798,0.02695000,377.00000000,0.02655
1749261798,0.02696000,377.00000000,0.02655
1749261798,0.02697000,18731.70000000,0.02655
1749261798,0.02698000,578.00000000,0.02655
1749261798,0.02699000,377.00000000,0.02655
1749261798,0.02700000,53827.20000000,0.02655
1749261798,0.02701000,377.00000000,0.02655
1749261798,0.02702000,377.00000000,0.02655
1749261798,0.02703000,377.00000000,0.02655
1749261798,0.02704000,377.00000000,0.02655
1749261798,0.02705000,25365.40000000,0.02655
1749261798,0.02706000,3231341.90000000,0.02655
1749261798,0.02707000,377.00000000,0.02655
1749261798,0.02708000,377.00000000,0.02655
1749261798,0.02709000,6730.80000000,0.02655
1749261798,0.02710000,379.60000000,0.02655
1749261798,0.02711000,379.40000000,0.02655
1749261798,0.02712000,379.10000000,0.02655
1749261798,0.02713000,600.30000000,0.02655
1749261798,0.02714000,379.00000000,0.02655
1749261798,0.02715000,378.80000000,0.02655
1749261798,0.02716000,378.70000000,0.02655
1749261798,0.02717000,378.60000000,0.02655
1749261798,0.02718000,579.40000000,0.02655
1749261798,0.02719000,378.30000000,0.02655
1749261798,0.02720000,837.50000000,0.02655
1749261798,0.02721000,17277.30000000,0.02655
1749261798,0.02722000,377.70000000,0.02655
1749261798,0.02723000,377.70000000,0.02655
1749261798,0.02724000,4877.50000000,0.02655
1749261798,0.02725000,377.40000000,0.02655
1749261798,0.02726000,377.30000000,0.02655
1749261798,0.02727000,377.10000000,0.02655
1749261798,0.02728000,2214.20000000,0.02655
1749261798,0.02729000,376.80000000,0.02655
1749261798,0.02730000,376.70000000,0.02655
1749261798,0.02732000,329.40000000,0.02655
1749261798,0.02733000,592.50000000,0.02655
1749261798,0.02737000,7681.00000000,0.02655
1749261798,0.02739000,201.00000000,0.02655
1749261798,0.02740000,751.40000000,0.02655
1749261798,0.02741000,291.90000000,0.02655
1749261798,0.02746000,10405.60000000,0.02655
1749261798,0.02747000,3526726.60000000,0.02655
1749261798,0.02750000,1966.50000000,0.02655
1749261798,0.02752000,203.50000000,0.02655
1749261798,0.02759000,201.00000000,0.02655
1749261798,0.02760000,459.40000000,0.02655
1749261798,0.02764000,361.60000000,0.02655
1749261798,0.02767000,361.40000000,0.02655
1749261798,0.02770000,920.20000000,0.02655
1749261798,0.02775000,1801.00000000,0.02655
1749261798,0.02780000,660.40000000,0.02655
1749261798,0.02781000,30998.80000000,0.02655
1749261798,0.02785000,430.90000000,0.02655
1749261798,0.02788000,193.60000000,0.02655
1749261798,0.02789000,5021.90000000,0.02655
1749261798,0.02794000,357.90000000,0.02655
1749261798,0.02800000,258922.40000000,0.02655
1749261798,0.02801000,486.60000000,0.02655
1749262100,0.02654000,84915.90000000,0.02653
1749262100,0.02655000,99161.00000000,0.02653
1749262100,0.02656000,154835.70000000,0.02653
1749262100,0.02657000,253678.80000000,0.02653
1749262100,0.02658000,236032.10000000,0.02653
1749262100,0.02659000,312391.30000000,0.02653
1749262100,0.02660000,189421.60000000,0.02653
1749262100,0.02661000,161136.30000000,0.02653
1749262100,0.02662000,19679.40000000,0.02653
1749262100,0.02663000,142909.60000000,0.02653
1749262100,0.02664000,36613.10000000,0.02653
1749262100,0.02665000,19672.40000000,0.02653
1749262100,0.02666000,19671.50000000,0.02653
1749262100,0.02667000,19667.60000000,0.02653
1749262100,0.02668000,12884.90000000,0.02653
1749262100,0.02669000,11155.40000000,0.02653
1749262100,0.02670000,11151.50000000,0.02653
1749262100,0.02671000,942.40000000,0.02653
1749262100,0.02672000,941.80000000,0.02653
1749262100,0.02673000,659.90000000,0.02653
1749262100,0.02674000,660.00000000,0.02653
1749262100,0.02675000,660.00000000,0.02653
1749262100,0.02676000,61620.20000000,0.02653
1749262100,0.02677000,659.50000000,0.02653
1749262100,0.02678000,860.30000000,0.02653
1749262100,0.02679000,883.20000000,0.02653
1749262100,0.02680000,1118.60000000,0.02653
1749262100,0.02681000,659.10000000,0.02653
1749262100,0.02682000,1397.50000000,0.02653
1749262100,0.02683000,7418.20000000,0.02653
1749262100,0.02684000,658.70000000,0.02653
1749262100,0.02685000,658.50000000,0.02653
1749262100,0.02686000,377.00000000,0.02653
1749262100,0.02687000,377.00000000,0.02653
1749262100,0.02688000,377.00000000,0.02653
1749262100,0.02689000,377.00000000,0.02653
1749262100,0.02690000,377.00000000,0.02653
1749262100,0.02691000,377.00000000,0.02653
1749262100,0.02692000,377.00000000,0.02653
1749262100,0.02693000,377.00000000,0.02653
1749262100,0.02694000,377.00000000,0.02653
1749262100,0.02695000,377.00000000,0.02653
1749262100,0.02696000,377.00000000,0.02653
1749262100,0.02697000,18731.70000000,0.02653
1749262100,0.02698000,578.00000000,0.02653
1749262100,0.02699000,377.00000000,0.02653
1749262100,0.02700000,53827.20000000,0.02653
1749262100,0.02701000,19984.60000000,0.02653
1749262100,0.02702000,377.00000000,0.02653
1749262100,0.02703000,12109.30000000,0.02653
1749262100,0.02704000,3325128.00000000,0.02653
1749262100,0.02705000,377.00000000,0.02653
1749262100,0.02706000,377.00000000,0.02653
1749262100,0.02707000,377.00000000,0.02653
1749262100,0.02708000,377.00000000,0.02653
1749262100,0.02709000,379.30000000,0.02653
1749262100,0.02710000,379.60000000,0.02653
1749262100,0.02711000,379.40000000,0.02653
1749262100,0.02712000,379.10000000,0.02653
1749262100,0.02713000,600.30000000,0.02653
1749262100,0.02714000,379.00000000,0.02653
1749262100,0.02715000,378.80000000,0.02653
1749262100,0.02716000,378.70000000,0.02653
1749262100,0.02717000,378.60000000,0.02653
1749262100,0.02718000,579.40000000,0.02653
1749262100,0.02719000,378.30000000,0.02653
1749262100,0.02720000,837.50000000,0.02653
1749262100,0.02721000,17277.30000000,0.02653
1749262100,0.02722000,377.70000000,0.02653
1749262100,0.02723000,377.70000000,0.02653
1749262100,0.02724000,377.50000000,0.02653
1749262100,0.02725000,377.40000000,0.02653
1749262100,0.02726000,377.30000000,0.02653
1749262100,0.02727000,377.10000000,0.02653
1749262100,0.02728000,2214.20000000,0.02653
1749262100,0.02729000,376.80000000,0.02653
1749262100,0.02732000,329.40000000,0.02653
1749262100,0.02733000,592.50000000,0.02653
1749262100,0.02737000,7681.00000000,0.02653
1749262100,0.02739000,201.00000000,0.02653
1749262100,0.02740000,751.40000000,0.02653
1749262100,0.02741000,291.90000000,0.02653
1749262100,0.02742000,12372.10000000,0.02653
1749262100,0.02745000,3461026.30000000,0.02653
1749262100,0.02747000,254.80000000,0.02653
1749262100,0.02752000,203.50000000,0.02653
1749262100,0.02759000,201.00000000,0.02653
1749262100,0.02760000,459.40000000,0.02653
1749262100,0.02764000,361.60000000,0.02653
1749262100,0.02767000,361.40000000,0.02653
1749262100,0.02770000,920.20000000,0.02653
1749262100,0.02775000,1801.00000000,0.02653
1749262100,0.02780000,660.40000000,0.02653
1749262100,0.02781000,30998.80000000,0.02653
1749262100,0.02785000,430.90000000,0.02653
1749262100,0.02788000,193.60000000,0.02653
1749262100,0.02789000,5021.90000000,0.02653
1749262100,0.02794000,357.90000000,0.02653
1749262100,0.02800000,258922.40000000,0.02653
1749262100,0.02801000,486.60000000,0.02653
1749262402,0.02659000,22732.00000000,0.02659
1749262402,0.02660000,144324.20000000,0.02659
1749262402,0.02661000,280100.80000000,0.02659
1749262402,0.02662000,110827.30000000,0.02659
1749262402,0.02663000,217438.00000000,0.02659
1749262402,0.02664000,215122.50000000,0.02659
1749262402,0.02665000,235806.30000000,0.02659
1749262402,0.02666000,22807.20000000,0.02659
1749262402,0.02667000,170388.30000000,0.02659
1749262402,0.02668000,19724.90000000,0.02659
1749262402,0.02669000,133596.60000000,0.02659
1749262402,0.02670000,19701.50000000,0.02659
1749262402,0.02671000,11147.60000000,0.02659
1749262402,0.02672000,9491.80000000,0.02659
1749262402,0.02673000,19407.40000000,0.02659
1749262402,0.02674000,21113.40000000,0.02659
1749262402,0.02675000,19407.50000000,0.02659
1749262402,0.02676000,61620.20000000,0.02659
1749262402,0.02677000,659.50000000,0.02659
1749262402,0.02678000,860.30000000,0.02659
1749262402,0.02679000,883.20000000,0.02659
1749262402,0.02680000,1118.60000000,0.02659
1749262402,0.02681000,659.10000000,0.02659
1749262402,0.02682000,1397.50000000,0.02659
1749262402,0.02683000,7418.20000000,0.02659
1749262402,0.02684000,658.70000000,0.02659
1749262402,0.02685000,658.50000000,0.02659
1749262402,0.02686000,377.00000000,0.02659
1749262402,0.02687000,377.00000000,0.02659
1749262402,0.02688000,377.00000000,0.02659
1749262402,0.02689000,377.00000000,0.02659
1749262402,0.02690000,377.00000000,0.02659
1749262402,0.02691000,377.00000000,0.02659
1749262402,0.02692000,377.00000000,0.02659
1749262402,0.02693000,377.00000000,0.02659
1749262402,0.02694000,377.00000000,0.02659
1749262402,0.02695000,377.00000000,0.02659
1749262402,0.02696000,377.00000000,0.02659
1749262402,0.02697000,18731.70000000,0.02659
1749262402,0.02698000,578.00000000,0.02659
1749262402,0.02699000,377.00000000,0.02659
1749262402,0.02700000,53827.20000000,0.02659
1749262402,0.02701000,377.00000000,0.02659
1749262402,0.02702000,377.00000000,0.02659
1749262402,0.02703000,12109.30000000,0.02659
1749262402,0.02704000,377.00000000,0.02659
1749262402,0.02705000,19984.60000000,0.02659
1749262402,0.02706000,377.00000000,0.02659
1749262402,0.02707000,377.00000000,0.02659
1749262402,0.02708000,377.00000000,0.02659
1749262402,0.02709000,379.30000000,0.02659
1749262402,0.02710000,3297130.50000000,0.02659
1749262402,0.02711000,379.40000000,0.02659
1749262402,0.02712000,379.10000000,0.02659
1749262402,0.02713000,600.30000000,0.02659
1749262402,0.02714000,379.00000000,0.02659
1749262402,0.02715000,378.80000000,0.02659
1749262402,0.02716000,378.70000000,0.02659
1749262402,0.02717000,378.60000000,0.02659
1749262402,0.02718000,579.40000000,0.02659
1749262402,0.02719000,378.30000000,0.02659
1749262402,0.02720000,837.50000000,0.02659
1749262402,0.02721000,17277.30000000,0.02659
1749262402,0.02722000,377.70000000,0.02659
1749262402,0.02723000,377.70000000,0.02659
1749262402,0.02724000,4877.50000000,0.02659
1749262402,0.02725000,377.40000000,0.02659
1749262402,0.02726000,377.30000000,0.02659
1749262402,0.02727000,377.10000000,0.02659
1749262402,0.02728000,2214.20000000,0.02659
1749262402,0.02729000,376.80000000,0.02659
1749262402,0.02730000,376.70000000,0.02659
1749262402,0.02731000,376.60000000,0.02659
1749262402,0.02732000,705.80000000,0.02659
1749262402,0.02733000,968.80000000,0.02659
1749262402,0.02734000,376.10000000,0.02659
1749262402,0.02737000,7681.00000000,0.02659
1749262402,0.02739000,201.00000000,0.02659
1749262402,0.02740000,751.40000000,0.02659
1749262402,0.02741000,291.90000000,0.02659
1749262402,0.02746000,12372.10000000,0.02659
1749262402,0.02747000,254.80000000,0.02659
1749262402,0.02751000,3439351.60000000,0.02659
1749262402,0.02752000,203.50000000,0.02659
1749262402,0.02759000,201.00000000,0.02659
1749262402,0.02760000,459.40000000,0.02659
1749262402,0.02764000,361.60000000,0.02659
1749262402,0.02767000,361.40000000,0.02659
1749262402,0.02770000,920.20000000,0.02659
1749262402,0.02775000,1801.00000000,0.02659
1749262402,0.02780000,660.40000000,0.02659
1749262402,0.02781000,30998.80000000,0.02659
1749262402,0.02785000,430.90000000,0.02659
1749262402,0.02788000,193.60000000,0.02659
1749262402,0.02789000,5021.90000000,0.02659
1749262402,0.02794000,357.90000000,0.02659
1749262402,0.02800000,258922.40000000,0.02659
1749262402,0.02801000,486.60000000,0.02659
1749262402,0.02815000,5387.90000000,0.02659
1749262402,0.02816000,181.40000000,0.02659
1749262707,0.02661000,135.90000000,0.02661
1749262707,0.02662000,77688.90000000,0.02661
1749262707,0.02663000,151634.30000000,0.02661
1749262707,0.02664000,147261.70000000,0.02661
1749262707,0.02665000,428826.00000000,0.02661
1749262707,0.02666000,355641.40000000,0.02661
1749262707,0.02667000,196903.30000000,0.02661
1749262707,0.02668000,19724.90000000,0.02661
1749262707,0.02669000,28733.90000000,0.02661
1749262707,0.02670000,19701.50000000,0.02661
1749262707,0.02671000,19697.60000000,0.02661
1749262707,0.02672000,19681.60000000,0.02661
1749262707,0.02673000,36292.50000000,0.02661
1749262707,0.02674000,21113.40000000,0.02661
1749262707,0.02675000,19407.50000000,0.02661
1749262707,0.02676000,183709.20000000,0.02661
1749262707,0.02677000,659.50000000,0.02661
1749262707,0.02678000,11050.10000000,0.02661
1749262707,0.02679000,9433.20000000,0.02661
1749262707,0.02680000,1118.60000000,0.02661
1749262707,0.02681000,659.10000000,0.02661
1749262707,0.02682000,1397.50000000,0.02661
1749262707,0.02683000,658.70000000,0.02661
1749262707,0.02684000,658.70000000,0.02661
1749262707,0.02685000,658.50000000,0.02661
1749262707,0.02686000,377.00000000,0.02661
1749262707,0.02687000,377.00000000,0.02661
1749262707,0.02688000,7255.00000000,0.02661
1749262707,0.02689000,377.00000000,0.02661
1749262707,0.02690000,377.00000000,0.02661
1749262707,0.02691000,377.00000000,0.02661
1749262707,0.02692000,377.00000000,0.02661
1749262707,0.02693000,377.00000000,0.02661
1749262707,0.02694000,377.00000000,0.02661
1749262707,0.02695000,377.00000000,0.02661
1749262707,0.02696000,377.00000000,0.02661
1749262707,0.02697000,18731.70000000,0.02661
1749262707,0.02698000,578.00000000,0.02661
1749262707,0.02699000,377.00000000,0.02661
1749262707,0.02700000,53827.20000000,0.02661
1749262707,0.02701000,377.00000000,0.02661
1749262707,0.02702000,377.00000000,0.02661
1749262707,0.02703000,377.00000000,0.02661
1749262707,0.02704000,377.00000000,0.02661
1749262707,0.02705000,4608.50000000,0.02661
1749262707,0.02706000,377.00000000,0.02661
1749262707,0.02707000,12109.30000000,0.02661
1749262707,0.02708000,377.00000000,0.02661
1749262707,0.02709000,15755.40000000,0.02661
1749262707,0.02710000,3251968.30000000,0.02661
1749262707,0.02711000,379.40000000,0.02661
1749262707,0.02712000,379.10000000,0.02661
1749262707,0.02713000,600.30000000,0.02661
1749262707,0.02714000,379.00000000,0.02661
1749262707,0.02715000,378.80000000,0.02661
1749262707,0.02716000,378.70000000,0.02661
1749262707,0.02717000,378.60000000,0.02661
1749262707,0.02718000,579.40000000,0.02661
1749262707,0.02719000,378.30000000,0.02661
1749262707,0.02720000,837.50000000,0.02661
1749262707,0.02721000,17277.30000000,0.02661
1749262707,0.02722000,377.70000000,0.02661
1749262707,0.02723000,377.70000000,0.02661
1749262707,0.02724000,377.50000000,0.02661
1749262707,0.02725000,377.40000000,0.02661
1749262707,0.02726000,377.30000000,0.02661
1749262707,0.02727000,377.10000000,0.02661
1749262707,0.02728000,2214.20000000,0.02661
1749262707,0.02729000,376.80000000,0.02661
1749262707,0.02730000,376.70000000,0.02661
1749262707,0.02731000,376.60000000,0.02661
1749262707,0.02732000,705.80000000,0.02661
1749262707,0.02733000,968.80000000,0.02661
1749262707,0.02734000,376.10000000,0.02661
1749262707,0.02735000,376.00000000,0.02661
1749262707,0.02736000,375.80000000,0.02661
1749262707,0.02737000,7681.00000000,0.02661
1749262707,0.02739000,201.00000000,0.02661
1749262707,0.02740000,751.40000000,0.02661
1749262707,0.02741000,291.90000000,0.02661
1749262707,0.02747000,254.80000000,0.02661
1749262707,0.02750000,12372.10000000,0.02661
1749262707,0.02751000,3459874.60000000,0.02661
1749262707,0.02752000,203.50000000,0.02661
1749262707,0.02759000,201.00000000,0.02661
1749262707,0.02760000,459.40000000,0.02661
1749262707,0.02764000,361.60000000,0.02661
1749262707,0.02767000,361.40000000,0.02661
1749262707,0.02770000,920.20000000,0.02661
1749262707,0.02775000,1801.00000000,0.02661
1749262707,0.02780000,660.40000000,0.02661
1749262707,0.02781000,30998.80000000,0.02661
1749262707,0.02785000,430.90000000,0.02661
1749262707,0.02788000,193.60000000,0.02661
1749262707,0.02789000,5021.90000000,0.02661
1749262707,0.02794000,357.90000000,0.02661
1749262707,0.02800000,258922.40000000,0.02661
1749262707,0.02801000,486.60000000,0.02661
1749262707,0.02815000,5387.90000000,0.02661
1749262707,0.02816000,181.40000000,0.02661
1749263015,0.02660000,2252.80000000,0.0266
1749263015,0.02661000,114992.20000000,0.0266
1749263015,0.02662000,92512.20000000,0.0266
1749263015,0.02663000,149528.00000000,0.0266
1749263015,0.02664000,144873.80000000,0.0266
1749263015,0.02665000,265978.40000000,0.0266
1749263015,0.02666000,331339.20000000,0.0266
1749263015,0.02667000,144784.80000000,0.0266
1749263015,0.02668000,19724.90000000,0.0266
1749263015,0.02669000,170741.50000000,0.0266
1749263015,0.02670000,133513.80000000,0.0266
1749263015,0.02671000,19697.60000000,0.0266
1749263015,0.02672000,19681.60000000,0.0266
1749263015,0.02673000,36292.50000000,0.0266
1749263015,0.02674000,21113.40000000,0.0266
1749263015,0.02675000,19407.50000000,0.0266
1749263015,0.02676000,70170.20000000,0.0266
1749263015,0.02677000,19395.50000000,0.0266
1749263015,0.02678000,19600.10000000,0.0266
1749263015,0.02679000,883.20000000,0.0266
1749263015,0.02680000,1118.60000000,0.0266
1749263015,0.02681000,659.10000000,0.0266
1749263015,0.02682000,1397.50000000,0.0266
1749263015,0.02683000,658.70000000,0.0266
1749263015,0.02684000,658.70000000,0.0266
1749263015,0.02685000,658.50000000,0.0266
1749263015,0.02686000,377.00000000,0.0266
1749263015,0.02687000,377.00000000,0.0266
1749263015,0.02688000,7255.00000000,0.0266
1749263015,0.02689000,377.00000000,0.0266
1749263015,0.02690000,377.00000000,0.0266
1749263015,0.02691000,377.00000000,0.0266
1749263015,0.02692000,377.00000000,0.0266
1749263015,0.02693000,377.00000000,0.0266
1749263015,0.02694000,377.00000000,0.0266
1749263015,0.02695000,377.00000000,0.0266
1749263015,0.02696000,377.00000000,0.0266
1749263015,0.02697000,18731.70000000,0.0266
1749263015,0.02698000,578.00000000,0.0266
1749263015,0.02699000,377.00000000,0.0266
1749263015,0.02700000,53827.20000000,0.0266
1749263015,0.02701000,377.00000000,0.0266
1749263015,0.02702000,377.00000000,0.0266
1749263015,0.02703000,377.00000000,0.0266
1749263015,0.02704000,377.00000000,0.0266
1749263015,0.02705000,377.00000000,0.0266
1749263015,0.02706000,377.00000000,0.0266
1749263015,0.02707000,31716.90000000,0.0266
1749263015,0.02708000,377.00000000,0.0266
1749263015,0.02709000,379.30000000,0.0266
1749263015,0.02710000,3269518.20000000,0.0266
1749263015,0.02711000,379.40000000,0.0266
1749263015,0.02712000,379.10000000,0.0266
1749263015,0.02713000,600.30000000,0.0266
1749263015,0.02714000,379.00000000,0.0266
1749263015,0.02715000,378.80000000,0.0266
1749263015,0.02716000,378.70000000,0.0266
1749263015,0.02717000,378.60000000,0.0266
1749263015,0.02718000,579.40000000,0.0266
1749263015,0.02719000,378.30000000,0.0266
1749263015,0.02720000,837.50000000,0.0266
1749263015,0.02721000,17277.30000000,0.0266
1749263015,0.02722000,377.70000000,0.0266
1749263015,0.02723000,377.70000000,0.0266
1749263015,0.02724000,4877.50000000,0.0266
1749263015,0.02725000,377.40000000,0.0266
1749263015,0.02726000,377.30000000,0.0266
1749263015,0.02727000,377.10000000,0.0266
1749263015,0.02728000,2214.20000000,0.0266
1749263015,0.02729000,376.80000000,0.0266
1749263015,0.02730000,376.70000000,0.0266
1749263015,0.02731000,376.60000000,0.0266
1749263015,0.02732000,705.80000000,0.0266
1749263015,0.02733000,968.80000000,0.0266
1749263015,0.02734000,376.10000000,0.0266
1749263015,0.02735000,376.00000000,0.0266
1749263015,0.02737000,7681.00000000,0.0266
1749263015,0.02739000,201.00000000,0.0266
1749263015,0.02740000,751.40000000,0.0266
1749263015,0.02741000,291.90000000,0.0266
1749263015,0.02747000,254.80000000,0.0266
1749263015,0.02750000,12372.10000000,0.0266
1749263015,0.02751000,3437059.90000000,0.0266
1749263015,0.02752000,203.50000000,0.0266
1749263015,0.02759000,201.00000000,0.0266
1749263015,0.02760000,459.40000000,0.0266
1749263015,0.02764000,361.60000000,0.0266
1749263015,0.02767000,361.40000000,0.0266
1749263015,0.02770000,920.20000000,0.0266
1749263015,0.02775000,1801.00000000,0.0266
1749263015,0.02780000,660.40000000,0.0266
1749263015,0.02781000,30998.80000000,0.0266
1749263015,0.02785000,430.90000000,0.0266
1749263015,0.02788000,193.60000000,0.0266
1749263015,0.02789000,5021.90000000,0.0266
1749263015,0.02794000,357.90000000,0.0266
1749263015,0.02800000,258922.40000000,0.0266
1749263015,0.02801000,486.60000000,0.0266
1749263015,0.02815000,5387.90000000,0.0266
1749263015,0.02816000,181.40000000,0.0266
1749263323,0.02661000,54590.00000000,0.02661
1749263323,0.02662000,73187.50000000,0.02661
1749263323,0.02663000,198144.70000000,0.02661
1749263323,0.02664000,162202.40000000,0.02661
1749263323,0.02665000,219674.60000000,0.02661
1749263323,0.02666000,380046.00000000,0.02661
1749263323,0.02667000,106524.00000000,0.02661
1749263323,0.02668000,19724.90000000,0.02661
1749263323,0.02669000,170741.50000000,0.02661
1749263323,0.02670000,19701.50000000,0.02661
1749263323,0.02671000,19697.60000000,0.02661
1749263323,0.02672000,19681.60000000,0.02661
1749263323,0.02673000,149940.80000000,0.02661
1749263323,0.02674000,19407.50000000,0.02661
1749263323,0.02675000,19407.50000000,0.02661
1749263323,0.02676000,71878.00000000,0.02661
1749263323,0.02677000,19395.50000000,0.02661
1749263323,0.02678000,19600.10000000,0.02661
1749263323,0.02679000,883.20000000,0.02661
1749263323,0.02680000,1118.60000000,0.02661
1749263323,0.02681000,9209.10000000,0.02661
1749263323,0.02682000,1397.50000000,0.02661
1749263323,0.02683000,658.70000000,0.02661
1749263323,0.02684000,658.70000000,0.02661
1749263323,0.02685000,658.50000000,0.02661
1749263323,0.02686000,377.00000000,0.02661
1749263323,0.02687000,377.00000000,0.02661
1749263323,0.02688000,7255.00000000,0.02661
1749263323,0.02689000,377.00000000,0.02661
1749263323,0.02690000,377.00000000,0.02661
1749263323,0.02691000,377.00000000,0.02661
1749263323,0.02692000,377.00000000,0.02661
1749263323,0.02693000,377.00000000,0.02661
1749263323,0.02694000,377.00000000,0.02661
1749263323,0.02695000,377.00000000,0.02661
1749263323,0.02696000,377.00000000,0.02661
1749263323,0.02697000,18731.70000000,0.02661
1749263323,0.02698000,578.00000000,0.02661
1749263323,0.02699000,377.00000000,0.02661
1749263323,0.02700000,53827.20000000,0.02661
1749263323,0.02701000,377.00000000,0.02661
1749263323,0.02702000,377.00000000,0.02661
1749263323,0.02703000,377.00000000,0.02661
1749263323,0.02704000,377.00000000,0.02661
1749263323,0.02705000,377.00000000,0.02661
1749263323,0.02706000,377.00000000,0.02661
1749263323,0.02707000,31716.90000000,0.02661
1749263323,0.02708000,377.00000000,0.02661
1749263323,0.02709000,379.30000000,0.02661
1749263323,0.02710000,3269518.20000000,0.02661
1749263323,0.02711000,379.40000000,0.02661
1749263323,0.02712000,379.10000000,0.02661
1749263323,0.02713000,600.30000000,0.02661
1749263323,0.02714000,379.00000000,0.02661
1749263323,0.02715000,378.80000000,0.02661
1749263323,0.02716000,378.70000000,0.02661
1749263323,0.02717000,378.60000000,0.02661
1749263323,0.02718000,579.40000000,0.02661
1749263323,0.02719000,378.30000000,0.02661
1749263323,0.02720000,837.50000000,0.02661
1749263323,0.02721000,17277.30000000,0.02661
1749263323,0.02722000,377.70000000,0.02661
1749263323,0.02723000,377.70000000,0.02661
1749263323,0.02724000,4877.50000000,0.02661
1749263323,0.02725000,377.40000000,0.02661
1749263323,0.02726000,377.30000000,0.02661
1749263323,0.02727000,377.10000000,0.02661
1749263323,0.02728000,2214.20000000,0.02661
1749263323,0.02729000,376.80000000,0.02661
1749263323,0.02730000,376.70000000,0.02661
1749263323,0.02731000,376.60000000,0.02661
1749263323,0.02732000,705.80000000,0.02661
1749263323,0.02733000,968.80000000,0.02661
1749263323,0.02734000,376.10000000,0.02661
1749263323,0.02735000,375.80000000,0.02661
1749263323,0.02736000,375.80000000,0.02661
1749263323,0.02737000,7681.00000000,0.02661
1749263323,0.02739000,201.00000000,0.02661
1749263323,0.02740000,751.40000000,0.02661
1749263323,0.02741000,291.90000000,0.02661
1749263323,0.02747000,254.80000000,0.02661
1749263323,0.02750000,12372.10000000,0.02661
1749263323,0.02751000,3437059.90000000,0.02661
1749263323,0.02752000,203.50000000,0.02661
1749263323,0.02759000,201.00000000,0.02661
1749263323,0.02760000,459.40000000,0.02661
1749263323,0.02764000,361.60000000,0.02661
1749263323,0.02767000,361.40000000,0.02661
1749263323,0.02770000,920.20000000,0.02661
1749263323,0.02775000,1801.00000000,0.02661
1749263323,0.02780000,660.40000000,0.02661
1749263323,0.02781000,30998.80000000,0.02661
1749263323,0.02785000,430.90000000,0.02661
1749263323,0.02788000,193.60000000,0.02661
1749263323,0.02789000,5021.90000000,0.02661
1749263323,0.02794000,357.90000000,0.02661
1749263323,0.02800000,258922.40000000,0.02661
1749263323,0.02801000,486.60000000,0.02661
1749263323,0.02815000,5387.90000000,0.02661
1749263323,0.02816000,181.40000000,0.02661
1749263625,0.02656000,14726.20000000,0.02655
1749263625,0.02657000,131401.70000000,0.02655
1749263625,0.02658000,52102.10000000,0.02655
1749263625,0.02659000,88808.80000000,0.02655
1749263625,0.02660000,152271.40000000,0.02655
1749263625,0.02661000,224050.10000000,0.02655
1749263625,0.02662000,332340.70000000,0.02655
1749263625,0.02663000,312016.80000000,0.02655
1749263625,0.02664000,152296.50000000,0.02655
1749263625,0.02665000,19672.40000000,0.02655
1749263625,0.02666000,19671.50000000,0.02655
1749263625,0.02667000,22799.80000000,0.02655
1749263625,0.02668000,133695.00000000,0.02655
1749263625,0.02669000,19705.40000000,0.02655
1749263625,0.02670000,21415.30000000,0.02655
1749263625,0.02671000,19697.60000000,0.02655
1749263625,0.02672000,19681.60000000,0.02655
1749263625,0.02673000,36292.50000000,0.02655
1749263625,0.02674000,19407.50000000,0.02655
1749263625,0.02675000,660.00000000,0.02655
1749263625,0.02676000,61620.20000000,0.02655
1749263625,0.02677000,659.50000000,0.02655
1749263625,0.02678000,860.30000000,0.02655
1749263625,0.02679000,883.20000000,0.02655
1749263625,0.02680000,1118.60000000,0.02655
1749263625,0.02681000,659.10000000,0.02655
1749263625,0.02682000,1397.50000000,0.02655
1749263625,0.02683000,7511.80000000,0.02655
1749263625,0.02684000,658.70000000,0.02655
1749263625,0.02685000,658.50000000,0.02655
1749263625,0.02686000,377.00000000,0.02655
1749263625,0.02687000,377.00000000,0.02655
1749263625,0.02688000,377.00000000,0.02655
1749263625,0.02689000,377.00000000,0.02655
1749263625,0.02690000,377.00000000,0.02655
1749263625,0.02691000,377.00000000,0.02655
1749263625,0.02692000,377.00000000,0.02655
1749263625,0.02693000,377.00000000,0.02655
1749263625,0.02694000,377.00000000,0.02655
1749263625,0.02695000,377.00000000,0.02655
1749263625,0.02696000,377.00000000,0.02655
1749263625,0.02697000,18731.70000000,0.02655
1749263625,0.02698000,578.00000000,0.02655
1749263625,0.02699000,377.00000000,0.02655
1749263625,0.02700000,53827.20000000,0.02655
1749263625,0.02701000,377.00000000,0.02655
1749263625,0.02702000,377.00000000,0.02655
1749263625,0.02703000,377.00000000,0.02655
1749263625,0.02704000,377.00000000,0.02655
1749263625,0.02705000,31716.90000000,0.02655
1749263625,0.02706000,3321295.70000000,0.02655
1749263625,0.02707000,377.00000000,0.02655
1749263625,0.02708000,377.00000000,0.02655
1749263625,0.02709000,379.30000000,0.02655
1749263625,0.02710000,379.60000000,0.02655
1749263625,0.02711000,379.40000000,0.02655
1749263625,0.02712000,379.10000000,0.02655
1749263625,0.02713000,600.30000000,0.02655
1749263625,0.02714000,379.00000000,0.02655
1749263625,0.02715000,378.80000000,0.02655
1749263625,0.02716000,378.70000000,0.02655
1749263625,0.02717000,378.60000000,0.02655
1749263625,0.02718000,579.40000000,0.02655
1749263625,0.02719000,378.30000000,0.02655
1749263625,0.02720000,837.50000000,0.02655
1749263625,0.02721000,17277.30000000,0.02655
1749263625,0.02722000,377.70000000,0.02655
1749263625,0.02723000,377.70000000,0.02655
1749263625,0.02724000,4877.50000000,0.02655
1749263625,0.02725000,377.40000000,0.02655
1749263625,0.02726000,377.30000000,0.02655
1749263625,0.02727000,377.10000000,0.02655
1749263625,0.02728000,2214.20000000,0.02655
1749263625,0.02729000,376.80000000,0.02655
1749263625,0.02730000,376.70000000,0.02655
1749263625,0.02731000,376.60000000,0.02655
1749263625,0.02732000,329.40000000,0.02655
1749263625,0.02733000,592.50000000,0.02655
1749263625,0.02737000,7681.00000000,0.02655
1749263625,0.02739000,201.00000000,0.02655
1749263625,0.02740000,751.40000000,0.02655
1749263625,0.02741000,291.90000000,0.02655
1749263625,0.02746000,12372.10000000,0.02655
1749263625,0.02747000,3517646.30000000,0.02655
1749263625,0.02752000,203.50000000,0.02655
1749263625,0.02759000,201.00000000,0.02655
1749263625,0.02760000,459.40000000,0.02655
1749263625,0.02764000,361.60000000,0.02655
1749263625,0.02767000,361.40000000,0.02655
1749263625,0.02770000,920.20000000,0.02655
1749263625,0.02775000,1801.00000000,0.02655
1749263625,0.02780000,660.40000000,0.02655
1749263625,0.02781000,30998.80000000,0.02655
1749263625,0.02785000,430.90000000,0.02655
1749263625,0.02788000,193.60000000,0.02655
1749263625,0.02789000,5021.90000000,0.02655
1749263625,0.02794000,357.90000000,0.02655
1749263625,0.02800000,258922.40000000,0.02655
1749263625,0.02801000,486.60000000,0.02655
1749263625,0.02815000,5387.90000000,0.02655
1749263932,0.02659000,17246.90000000,0.02659
1749263932,0.02660000,90263.30000000,0.02659
1749263932,0.02661000,140407.50000000,0.02659
1749263932,0.02662000,196453.70000000,0.02659
1749263932,0.02663000,240564.80000000,0.02659
1749263932,0.02664000,410922.30000000,0.02659
1749263932,0.02665000,188521.80000000,0.02659
1749263932,0.02666000,161679.10000000,0.02659
1749263932,0.02667000,40373.40000000,0.02659
1749263932,0.02668000,28753.40000000,0.02659
1749263932,0.02669000,19705.40000000,0.02659
1749263932,0.02670000,22834.90000000,0.02659
1749263932,0.02671000,19697.60000000,0.02659
1749263932,0.02672000,133426.80000000,0.02659
1749263932,0.02673000,21086.10000000,0.02659
1749263932,0.02674000,19407.50000000,0.02659
1749263932,0.02675000,19415.20000000,0.02659
1749263932,0.02676000,70170.20000000,0.02659
1749263932,0.02677000,659.50000000,0.02659
1749263932,0.02678000,860.30000000,0.02659
1749263932,0.02679000,883.20000000,0.02659
1749263932,0.02680000,9668.60000000,0.02659
1749263932,0.02681000,659.10000000,0.02659
1749263932,0.02682000,1397.50000000,0.02659
1749263932,0.02683000,9208.70000000,0.02659
1749263932,0.02684000,658.70000000,0.02659
1749263932,0.02685000,658.50000000,0.02659
1749263932,0.02686000,377.00000000,0.02659
1749263932,0.02687000,377.00000000,0.02659
1749263932,0.02688000,15666.90000000,0.02659
1749263932,0.02689000,377.00000000,0.02659
1749263932,0.02690000,377.00000000,0.02659
1749263932,0.02691000,377.00000000,0.02659
1749263932,0.02692000,377.00000000,0.02659
1749263932,0.02693000,377.00000000,0.02659
1749263932,0.02694000,377.00000000,0.02659
1749263932,0.02695000,377.00000000,0.02659
1749263932,0.02696000,377.00000000,0.02659
1749263932,0.02697000,18731.70000000,0.02659
1749263932,0.02698000,578.00000000,0.02659
1749263932,0.02699000,377.00000000,0.02659
1749263932,0.02700000,53827.20000000,0.02659
1749263932,0.02701000,377.00000000,0.02659
1749263932,0.02702000,377.00000000,0.02659
1749263932,0.02703000,377.00000000,0.02659
1749263932,0.02704000,377.00000000,0.02659
1749263932,0.02705000,31716.90000000,0.02659
1749263932,0.02706000,377.00000000,0.02659
1749263932,0.02707000,377.00000000,0.02659
1749263932,0.02708000,377.00000000,0.02659
1749263932,0.02709000,379.30000000,0.02659
1749263932,0.02710000,3173618.40000000,0.02659
1749263932,0.02711000,379.40000000,0.02659
1749263932,0.02712000,379.10000000,0.02659
1749263932,0.02713000,379.10000000,0.02659
1749263932,0.02714000,379.00000000,0.02659
1749263932,0.02715000,378.80000000,0.02659
1749263932,0.02716000,378.70000000,0.02659
1749263932,0.02717000,378.60000000,0.02659
1749263932,0.02718000,579.40000000,0.02659
1749263932,0.02719000,378.30000000,0.02659
1749263932,0.02720000,837.50000000,0.02659
1749263932,0.02721000,17277.30000000,0.02659
1749263932,0.02722000,377.70000000,0.02659
1749263932,0.02723000,377.70000000,0.02659
1749263932,0.02724000,4877.50000000,0.02659
1749263932,0.02725000,377.40000000,0.02659
1749263932,0.02726000,377.30000000,0.02659
1749263932,0.02727000,377.10000000,0.02659
1749263932,0.02728000,2214.20000000,0.02659
1749263932,0.02729000,376.80000000,0.02659
1749263932,0.02730000,376.70000000,0.02659
1749263932,0.02731000,376.60000000,0.02659
1749263932,0.02732000,705.80000000,0.02659
1749263932,0.02733000,968.80000000,0.02659
1749263932,0.02734000,376.10000000,0.02659
1749263932,0.02737000,7681.00000000,0.02659
1749263932,0.02739000,201.00000000,0.02659
1749263932,0.02740000,459.40000000,0.02659
1749263932,0.02741000,291.90000000,0.02659
1749263932,0.02746000,12372.10000000,0.02659
1749263932,0.02751000,3497736.20000000,0.02659
1749263932,0.02752000,203.50000000,0.02659
1749263932,0.02759000,201.00000000,0.02659
1749263932,0.02760000,459.40000000,0.02659
1749263932,0.02764000,361.60000000,0.02659
1749263932,0.02770000,920.20000000,0.02659
1749263932,0.02775000,1801.00000000,0.02659
1749263932,0.02780000,660.40000000,0.02659
1749263932,0.02781000,30998.80000000,0.02659
1749263932,0.02785000,430.90000000,0.02659
1749263932,0.02788000,193.60000000,0.02659
1749263932,0.02789000,5021.90000000,0.02659
1749263932,0.02794000,357.90000000,0.02659
1749263932,0.02800000,258922.40000000,0.02659
1749263932,0.02801000,201.00000000,0.02659
1749263932,0.02815000,5387.90000000,0.02659
1749263932,0.02816000,181.40000000,0.02659
1749263932,0.02820000,1027.60000000,0.02659
1749263932,0.02821000,198.50000000,0.02659
1749264234,0.02655000,25770.80000000,0.02656
1749264234,0.02656000,74379.30000000,0.02656
1749264234,0.02657000,83858.70000000,0.02656
1749264234,0.02658000,166585.90000000,0.02656
1749264234,0.02659000,184605.50000000,0.02656
1749264234,0.02660000,651401.70000000,0.02656
1749264234,0.02661000,202949.20000000,0.02656
1749264234,0.02662000,75180.80000000,0.02656
1749264234,0.02663000,161686.40000000,0.02656
1749264234,0.02664000,28703.20000000,0.02656
1749264234,0.02665000,19672.40000000,0.02656
1749264234,0.02666000,19671.50000000,0.02656
1749264234,0.02667000,36590.70000000,0.02656
1749264234,0.02668000,19724.90000000,0.02656
1749264234,0.02669000,133614.70000000,0.02656
1749264234,0.02670000,19701.50000000,0.02656
1749264234,0.02671000,21404.80000000,0.02656
1749264234,0.02672000,19681.60000000,0.02656
1749264234,0.02673000,19407.40000000,0.02656
1749264234,0.02674000,9210.00000000,0.02656
1749264234,0.02675000,9210.00000000,0.02656
1749264234,0.02676000,61620.20000000,0.02656
1749264234,0.02677000,659.50000000,0.02656
1749264234,0.02678000,860.30000000,0.02656
1749264234,0.02679000,883.20000000,0.02656
1749264234,0.02680000,1118.60000000,0.02656
1749264234,0.02681000,659.10000000,0.02656
1749264234,0.02682000,1397.50000000,0.02656
1749264234,0.02683000,7499.30000000,0.02656
1749264234,0.02684000,658.70000000,0.02656
1749264234,0.02685000,658.50000000,0.02656
1749264234,0.02686000,377.00000000,0.02656
1749264234,0.02687000,377.00000000,0.02656
1749264234,0.02688000,377.00000000,0.02656
1749264234,0.02689000,377.00000000,0.02656
1749264234,0.02690000,377.00000000,0.02656
1749264234,0.02691000,377.00000000,0.02656
1749264234,0.02692000,377.00000000,0.02656
1749264234,0.02693000,377.00000000,0.02656
1749264234,0.02694000,377.00000000,0.02656
1749264234,0.02695000,377.00000000,0.02656
1749264234,0.02696000,377.00000000,0.02656
1749264234,0.02697000,18731.70000000,0.02656
1749264234,0.02698000,578.00000000,0.02656
1749264234,0.02699000,377.00000000,0.02656
1749264234,0.02700000,53827.20000000,0.02656
1749264234,0.02701000,377.00000000,0.02656
1749264234,0.02702000,377.00000000,0.02656
1749264234,0.02703000,377.00000000,0.02656
1749264234,0.02704000,377.00000000,0.02656
1749264234,0.02705000,19984.60000000,0.02656
1749264234,0.02706000,3183542.70000000,0.02656
1749264234,0.02707000,377.00000000,0.02656
1749264234,0.02708000,377.00000000,0.02656
1749264234,0.02709000,12111.60000000,0.02656
1749264234,0.02710000,379.60000000,0.02656
1749264234,0.02711000,379.40000000,0.02656
1749264234,0.02712000,379.10000000,0.02656
1749264234,0.02713000,379.10000000,0.02656
1749264234,0.02714000,379.00000000,0.02656
1749264234,0.02715000,378.80000000,0.02656
1749264234,0.02716000,378.70000000,0.02656
1749264234,0.02717000,378.60000000,0.02656
1749264234,0.02718000,579.40000000,0.02656
1749264234,0.02719000,378.30000000,0.02656
1749264234,0.02720000,837.50000000,0.02656
1749264234,0.02721000,17277.30000000,0.02656
1749264234,0.02722000,377.70000000,0.02656
1749264234,0.02723000,377.70000000,0.02656
1749264234,0.02724000,4877.50000000,0.02656
1749264234,0.02725000,377.40000000,0.02656
1749264234,0.02726000,377.30000000,0.02656
1749264234,0.02727000,377.10000000,0.02656
1749264234,0.02728000,2214.20000000,0.02656
1749264234,0.02729000,376.80000000,0.02656
1749264234,0.02730000,376.70000000,0.02656
1749264234,0.02732000,329.40000000,0.02656
1749264234,0.02733000,592.50000000,0.02656
1749264234,0.02737000,7681.00000000,0.02656
1749264234,0.02739000,201.00000000,0.02656
1749264234,0.02740000,459.40000000,0.02656
1749264234,0.02741000,291.90000000,0.02656
1749264234,0.02746000,12372.10000000,0.02656
1749264234,0.02747000,3435003.60000000,0.02656
1749264234,0.02752000,203.50000000,0.02656
1749264234,0.02759000,201.00000000,0.02656
1749264234,0.02760000,459.40000000,0.02656
1749264234,0.02764000,361.60000000,0.02656
1749264234,0.02770000,920.20000000,0.02656
1749264234,0.02775000,1801.00000000,0.02656
1749264234,0.02780000,660.40000000,0.02656
1749264234,0.02781000,30998.80000000,0.02656
1749264234,0.02785000,430.90000000,0.02656
1749264234,0.02788000,193.60000000,0.02656
1749264234,0.02789000,5021.90000000,0.02656
1749264234,0.02794000,357.90000000,0.02656
1749264234,0.02800000,258922.40000000,0.02656
1749264234,0.02801000,201.00000000,0.02656
1749264234,0.02815000,5387.90000000,0.02656
1749264234,0.02816000,181.40000000,0.02656
1749264536,0.02659000,17235.90000000,0.02658
1749264536,0.02660000,334164.00000000,0.02658
1749264536,0.02661000,150129.40000000,0.02658
1749264536,0.02662000,140760.00000000,0.02658
1749264536,0.02663000,220010.40000000,0.02658
1749264536,0.02664000,394984.30000000,0.02658
1749264536,0.02665000,97407.90000000,0.02658
1749264536,0.02666000,170707.60000000,0.02658
1749264536,0.02667000,39727.60000000,0.02658
1749264536,0.02668000,19724.90000000,0.02658
1749264536,0.02669000,133596.60000000,0.02658
1749264536,0.02670000,19701.50000000,0.02658
1749264536,0.02671000,19697.60000000,0.02658
1749264536,0.02672000,21405.80000000,0.02658
1749264536,0.02673000,9209.90000000,0.02658
1749264536,0.02674000,9210.00000000,0.02658
1749264536,0.02675000,19415.20000000,0.02658
1749264536,0.02676000,70170.20000000,0.02658
1749264536,0.02677000,659.50000000,0.02658
1749264536,0.02678000,860.30000000,0.02658
1749264536,0.02679000,883.20000000,0.02658
1749264536,0.02680000,9668.60000000,0.02658
1749264536,0.02681000,659.10000000,0.02658
1749264536,0.02682000,1397.50000000,0.02658
1749264536,0.02683000,16049.30000000,0.02658
1749264536,0.02684000,658.70000000,0.02658
1749264536,0.02685000,658.50000000,0.02658
1749264536,0.02686000,377.00000000,0.02658
1749264536,0.02687000,377.00000000,0.02658
1749264536,0.02688000,8927.00000000,0.02658
1749264536,0.02689000,377.00000000,0.02658
1749264536,0.02690000,377.00000000,0.02658
1749264536,0.02691000,377.00000000,0.02658
1749264536,0.02692000,377.00000000,0.02658
1749264536,0.02693000,377.00000000,0.02658
1749264536,0.02694000,377.00000000,0.02658
1749264536,0.02695000,377.00000000,0.02658
1749264536,0.02696000,377.00000000,0.02658
1749264536,0.02697000,18731.70000000,0.02658
1749264536,0.02698000,578.00000000,0.02658
1749264536,0.02699000,377.00000000,0.02658
1749264536,0.02700000,53827.20000000,0.02658
1749264536,0.02701000,377.00000000,0.02658
1749264536,0.02702000,377.00000000,0.02658
1749264536,0.02703000,377.00000000,0.02658
1749264536,0.02704000,377.00000000,0.02658
1749264536,0.02705000,2497.00000000,0.02658
1749264536,0.02706000,377.00000000,0.02658
1749264536,0.02707000,41969.00000000,0.02658
1749264536,0.02708000,3169459.60000000,0.02658
1749264536,0.02709000,379.30000000,0.02658
1749264536,0.02710000,379.60000000,0.02658
1749264536,0.02711000,379.40000000,0.02658
1749264536,0.02712000,379.10000000,0.02658
1749264536,0.02713000,379.10000000,0.02658
1749264536,0.02714000,379.00000000,0.02658
1749264536,0.02715000,378.80000000,0.02658
1749264536,0.02716000,378.70000000,0.02658
1749264536,0.02717000,378.60000000,0.02658
1749264536,0.02718000,579.40000000,0.02658
1749264536,0.02719000,378.30000000,0.02658
1749264536,0.02720000,837.50000000,0.02658
1749264536,0.02721000,17277.30000000,0.02658
1749264536,0.02722000,377.70000000,0.02658
1749264536,0.02723000,377.70000000,0.02658
1749264536,0.02724000,4877.50000000,0.02658
1749264536,0.02725000,377.40000000,0.02658
1749264536,0.02726000,377.30000000,0.02658
1749264536,0.02727000,377.10000000,0.02658
1749264536,0.02728000,2214.20000000,0.02658
1749264536,0.02729000,376.80000000,0.02658
1749264536,0.02730000,376.70000000,0.02658
1749264536,0.02731000,376.60000000,0.02658
1749264536,0.02732000,705.80000000,0.02658
1749264536,0.02733000,968.80000000,0.02658
1749264536,0.02734000,376.10000000,0.02658
1749264536,0.02737000,7681.00000000,0.02658
1749264536,0.02739000,201.00000000,0.02658
1749264536,0.02740000,459.40000000,0.02658
1749264536,0.02741000,291.90000000,0.02658
1749264536,0.02749000,3414765.40000000,0.02658
1749264536,0.02752000,203.50000000,0.02658
1749264536,0.02759000,201.00000000,0.02658
1749264536,0.02760000,459.40000000,0.02658
1749264536,0.02764000,361.60000000,0.02658
1749264536,0.02770000,920.20000000,0.02658
1749264536,0.02775000,1801.00000000,0.02658
1749264536,0.02780000,660.40000000,0.02658
1749264536,0.02781000,30998.80000000,0.02658
1749264536,0.02785000,430.90000000,0.02658
1749264536,0.02788000,193.60000000,0.02658
1749264536,0.02789000,5021.90000000,0.02658
1749264536,0.02794000,357.90000000,0.02658
1749264536,0.02800000,258922.40000000,0.02658
1749264536,0.02801000,201.00000000,0.02658
1749264536,0.02815000,5387.90000000,0.02658
1749264536,0.02816000,181.40000000,0.02658
1749264536,0.02820000,1027.60000000,0.02658
1749264536,0.02821000,198.50000000,0.02658
1749264536,0.02822000,201.00000000,0.02658
1749264837,0.02660000,226821.70000000,0.0266
1749264837,0.02661000,122097.10000000,0.0266
1749264837,0.02662000,239187.80000000,0.0266
1749264837,0.02663000,134159.10000000,0.0266
1749264837,0.02664000,476070.90000000,0.0266
1749264837,0.02665000,214303.70000000,0.0266
1749264837,0.02666000,201061.20000000,0.0266
1749264837,0.02667000,39727.60000000,0.0266
1749264837,0.02668000,28753.40000000,0.0266
1749264837,0.02669000,19705.40000000,0.0266
1749264837,0.02670000,19701.50000000,0.0266
1749264837,0.02671000,19697.60000000,0.0266
1749264837,0.02672000,19681.60000000,0.0266
1749264837,0.02673000,19411.20000000,0.0266
1749264837,0.02674000,21091.60000000,0.0266
1749264837,0.02675000,19415.20000000,0.0266
1749264837,0.02676000,80363.90000000,0.0266
1749264837,0.02677000,114174.20000000,0.0266
1749264837,0.02678000,860.30000000,0.0266
1749264837,0.02679000,659.20000000,0.0266
1749264837,0.02680000,9668.60000000,0.0266
1749264837,0.02681000,659.10000000,0.0266
1749264837,0.02682000,1397.50000000,0.0266
1749264837,0.02683000,9208.70000000,0.0266
1749264837,0.02684000,658.70000000,0.0266
1749264837,0.02685000,658.50000000,0.0266
1749264837,0.02686000,377.00000000,0.0266
1749264837,0.02687000,377.00000000,0.0266
1749264837,0.02688000,15837.50000000,0.0266
1749264837,0.02689000,377.00000000,0.0266
1749264837,0.02690000,377.00000000,0.0266
1749264837,0.02691000,377.00000000,0.0266
1749264837,0.02692000,377.00000000,0.0266
1749264837,0.02693000,377.00000000,0.0266
1749264837,0.02694000,8927.00000000,0.0266
1749264837,0.02695000,377.00000000,0.0266
1749264837,0.02696000,377.00000000,0.0266
1749264837,0.02697000,27281.70000000,0.0266
1749264837,0.02698000,578.00000000,0.0266
1749264837,0.02699000,377.00000000,0.0266
1749264837,0.02700000,62377.20000000,0.0266
1749264837,0.02701000,377.00000000,0.0266
1749264837,0.02702000,377.00000000,0.0266
1749264837,0.02703000,377.00000000,0.0266
1749264837,0.02704000,377.00000000,0.0266
1749264837,0.02705000,11047.00000000,0.0266
1749264837,0.02706000,377.00000000,0.0266
1749264837,0.02707000,40909.50000000,0.0266
1749264837,0.02708000,377.00000000,0.0266
1749264837,0.02709000,8929.30000000,0.0266
1749264837,0.02710000,3208241.90000000,0.0266
1749264837,0.02711000,379.40000000,0.0266
1749264837,0.02712000,379.10000000,0.0266
1749264837,0.02713000,379.10000000,0.0266
1749264837,0.02714000,379.00000000,0.0266
1749264837,0.02715000,378.80000000,0.0266
1749264837,0.02716000,378.70000000,0.0266
1749264837,0.02717000,378.60000000,0.0266
1749264837,0.02718000,579.40000000,0.0266
1749264837,0.02719000,378.30000000,0.0266
1749264837,0.02720000,837.50000000,0.0266
1749264837,0.02721000,17277.30000000,0.0266
1749264837,0.02722000,377.70000000,0.0266
1749264837,0.02723000,377.70000000,0.0266
1749264837,0.02724000,4877.50000000,0.0266
1749264837,0.02725000,377.40000000,0.0266
1749264837,0.02726000,377.30000000,0.0266
1749264837,0.02727000,377.10000000,0.0266
1749264837,0.02728000,2214.20000000,0.0266
1749264837,0.02729000,376.80000000,0.0266
1749264837,0.02730000,376.70000000,0.0266
1749264837,0.02731000,376.60000000,0.0266
1749264837,0.02732000,376.40000000,0.0266
1749264837,0.02733000,968.80000000,0.0266
1749264837,0.02734000,376.10000000,0.0266
1749264837,0.02735000,376.00000000,0.0266
1749264837,0.02737000,7681.00000000,0.0266
1749264837,0.02739000,201.00000000,0.0266
1749264837,0.02740000,459.40000000,0.0266
1749264837,0.02748000,9609.50000000,0.0266
1749264837,0.02751000,3485879.70000000,0.0266
1749264837,0.02752000,203.50000000,0.0266
1749264837,0.02759000,201.00000000,0.0266
1749264837,0.02760000,459.40000000,0.0266
1749264837,0.02764000,361.60000000,0.0266
1749264837,0.02770000,920.20000000,0.0266
1749264837,0.02775000,1801.00000000,0.0266
1749264837,0.02780000,660.40000000,0.0266
1749264837,0.02781000,30998.80000000,0.0266
1749264837,0.02788000,193.60000000,0.0266
1749264837,0.02789000,5021.90000000,0.0266
1749264837,0.02800000,258922.40000000,0.0266
1749264837,0.02801000,201.00000000,0.0266
1749264837,0.02815000,5387.90000000,0.0266
1749264837,0.02816000,181.40000000,0.0266
1749264837,0.02820000,1027.60000000,0.0266
1749264837,0.02821000,198.50000000,0.0266
1749264837,0.02822000,201.00000000,0.0266
1749264837,0.02834000,300.00000000,0.0266
1749264837,0.02840000,459.40000000,0.0266
1749265140,0.02662000,17475.60000000,0.02661
1749265140,0.02663000,71991.60000000,0.02661
1749265140,0.02664000,118374.90000000,0.02661
1749265140,0.02665000,210123.00000000,0.02661
1749265140,0.02666000,437381.20000000,0.02661
1749265140,0.02667000,208491.90000000,0.02661
1749265140,0.02668000,59252.50000000,0.02661
1749265140,0.02669000,161713.00000000,0.02661
1749265140,0.02670000,31863.40000000,0.02661
1749265140,0.02671000,19697.60000000,0.02661
1749265140,0.02672000,19681.60000000,0.02661
1749265140,0.02673000,36578.10000000,0.02661
1749265140,0.02674000,19689.30000000,0.02661
1749265140,0.02675000,19415.20000000,0.02661
1749265140,0.02676000,48582.00000000,0.02661
1749265140,0.02677000,21124.00000000,0.02661
1749265140,0.02678000,9410.30000000,0.02661
1749265140,0.02679000,19399.00000000,0.02661
1749265140,0.02680000,133180.40000000,0.02661
1749265140,0.02681000,659.10000000,0.02661
1749265140,0.02682000,1397.50000000,0.02661
1749265140,0.02683000,40990.60000000,0.02661
1749265140,0.02684000,658.70000000,0.02661
1749265140,0.02685000,658.50000000,0.02661
1749265140,0.02686000,377.00000000,0.02661
1749265140,0.02687000,377.00000000,0.02661
1749265140,0.02688000,15837.50000000,0.02661
1749265140,0.02689000,377.00000000,0.02661
1749265140,0.02690000,377.00000000,0.02661
1749265140,0.02691000,377.00000000,0.02661
1749265140,0.02692000,377.00000000,0.02661
1749265140,0.02693000,377.00000000,0.02661
1749265140,0.02694000,8927.00000000,0.02661
1749265140,0.02695000,377.00000000,0.02661
1749265140,0.02696000,377.00000000,0.02661
1749265140,0.02697000,27281.70000000,0.02661
1749265140,0.02698000,578.00000000,0.02661
1749265140,0.02699000,377.00000000,0.02661
1749265140,0.02700000,62377.20000000,0.02661
1749265140,0.02701000,377.00000000,0.02661
1749265140,0.02702000,377.00000000,0.02661
1749265140,0.02703000,377.00000000,0.02661
1749265140,0.02704000,377.00000000,0.02661
1749265140,0.02705000,8927.00000000,0.02661
1749265140,0.02706000,377.00000000,0.02661
1749265140,0.02707000,11689.60000000,0.02661
1749265140,0.02708000,377.00000000,0.02661
1749265140,0.02709000,11049.30000000,0.02661
1749265140,0.02710000,379.60000000,0.02661
1749265140,0.02711000,29599.30000000,0.02661
1749265140,0.02712000,3170098.40000000,0.02661
1749265140,0.02713000,379.10000000,0.02661
1749265140,0.02714000,379.00000000,0.02661
1749265140,0.02715000,378.80000000,0.02661
1749265140,0.02716000,378.70000000,0.02661
1749265140,0.02717000,378.60000000,0.02661
1749265140,0.02718000,579.40000000,0.02661
1749265140,0.02719000,378.30000000,0.02661
1749265140,0.02720000,837.50000000,0.02661
1749265140,0.02721000,17277.30000000,0.02661
1749265140,0.02722000,377.70000000,0.02661
1749265140,0.02723000,377.70000000,0.02661
1749265140,0.02724000,377.50000000,0.02661
1749265140,0.02725000,377.40000000,0.02661
1749265140,0.02726000,377.30000000,0.02661
1749265140,0.02727000,377.10000000,0.02661
1749265140,0.02728000,2214.20000000,0.02661
1749265140,0.02729000,376.80000000,0.02661
1749265140,0.02730000,376.70000000,0.02661
1749265140,0.02731000,376.60000000,0.02661
1749265140,0.02732000,376.40000000,0.02661
1749265140,0.02733000,968.80000000,0.02661
1749265140,0.02734000,376.10000000,0.02661
1749265140,0.02735000,376.00000000,0.02661
1749265140,0.02736000,375.70000000,0.02661
1749265140,0.02737000,8056.70000000,0.02661
1749265140,0.02739000,201.00000000,0.02661
1749265140,0.02740000,459.40000000,0.02661
1749265140,0.02748000,7643.00000000,0.02661
1749265140,0.02752000,2170.00000000,0.02661
1749265140,0.02753000,3474355.90000000,0.02661
1749265140,0.02759000,201.00000000,0.02661
1749265140,0.02760000,459.40000000,0.02661
1749265140,0.02764000,361.60000000,0.02661
1749265140,0.02770000,920.20000000,0.02661
1749265140,0.02775000,1801.00000000,0.02661
1749265140,0.02780000,660.40000000,0.02661
1749265140,0.02781000,30998.80000000,0.02661
1749265140,0.02788000,193.60000000,0.02661
1749265140,0.02789000,5021.90000000,0.02661
1749265140,0.02800000,258922.40000000,0.02661
1749265140,0.02801000,201.00000000,0.02661
1749265140,0.02815000,5387.90000000,0.02661
1749265140,0.02816000,181.40000000,0.02661
1749265140,0.02820000,1027.60000000,0.02661
1749265140,0.02821000,198.50000000,0.02661
1749265140,0.02822000,201.00000000,0.02661
1749265140,0.02834000,300.00000000,0.02661
1749265140,0.02840000,459.40000000,0.02661
1749265140,0.02843000,201.00000000,0.02661
1749265441,0.02661000,20209.80000000,0.02661
1749265441,0.02662000,94143.70000000,0.02661
1749265441,0.02663000,138351.40000000,0.02661
1749265441,0.02664000,153124.80000000,0.02661
1749265441,0.02665000,368077.50000000,0.02661
1749265441,0.02666000,442033.30000000,0.02661
1749265441,0.02667000,169543.60000000,0.02661
1749265441,0.02668000,19724.90000000,0.02661
1749265441,0.02669000,28733.90000000,0.02661
1749265441,0.02670000,22833.70000000,0.02661
1749265441,0.02671000,19697.60000000,0.02661
1749265441,0.02672000,19681.60000000,0.02661
1749265441,0.02673000,150268.00000000,0.02661
1749265441,0.02674000,19689.30000000,0.02661
1749265441,0.02675000,21111.10000000,0.02661
1749265441,0.02676000,48582.00000000,0.02661
1749265441,0.02677000,19399.30000000,0.02661
1749265441,0.02678000,9410.30000000,0.02661
1749265441,0.02679000,9209.20000000,0.02661
1749265441,0.02680000,9668.60000000,0.02661
1749265441,0.02681000,659.10000000,0.02661
1749265441,0.02682000,1397.50000000,0.02661
1749265441,0.02683000,40990.60000000,0.02661
1749265441,0.02684000,658.70000000,0.02661
1749265441,0.02685000,658.50000000,0.02661
1749265441,0.02686000,377.00000000,0.02661
1749265441,0.02687000,377.00000000,0.02661
1749265441,0.02688000,15837.50000000,0.02661
1749265441,0.02689000,377.00000000,0.02661
1749265441,0.02690000,377.00000000,0.02661
1749265441,0.02691000,377.00000000,0.02661
1749265441,0.02692000,377.00000000,0.02661
1749265441,0.02693000,377.00000000,0.02661
1749265441,0.02694000,8927.00000000,0.02661
1749265441,0.02695000,377.00000000,0.02661
1749265441,0.02696000,377.00000000,0.02661
1749265441,0.02697000,27281.70000000,0.02661
1749265441,0.02698000,578.00000000,0.02661
1749265441,0.02699000,377.00000000,0.02661
1749265441,0.02700000,62377.20000000,0.02661
1749265441,0.02701000,377.00000000,0.02661
1749265441,0.02702000,377.00000000,0.02661
1749265441,0.02703000,377.00000000,0.02661
1749265441,0.02704000,377.00000000,0.02661
1749265441,0.02705000,377.00000000,0.02661
1749265441,0.02706000,8927.00000000,0.02661
1749265441,0.02707000,377.00000000,0.02661
1749265441,0.02708000,377.00000000,0.02661
1749265441,0.02709000,19986.90000000,0.02661
1749265441,0.02710000,3294149.50000000,0.02661
1749265441,0.02711000,12111.70000000,0.02661
1749265441,0.02712000,379.10000000,0.02661
1749265441,0.02713000,379.10000000,0.02661
1749265441,0.02714000,379.00000000,0.02661
1749265441,0.02715000,378.80000000,0.02661
1749265441,0.02716000,378.70000000,0.02661
1749265441,0.02717000,378.60000000,0.02661
1749265441,0.02718000,579.40000000,0.02661
1749265441,0.02719000,378.30000000,0.02661
1749265441,0.02720000,837.50000000,0.02661
1749265441,0.02721000,17277.30000000,0.02661
1749265441,0.02722000,377.70000000,0.02661
1749265441,0.02723000,377.70000000,0.02661
1749265441,0.02724000,4877.50000000,0.02661
1749265441,0.02725000,377.40000000,0.02661
1749265441,0.02726000,377.30000000,0.02661
1749265441,0.02727000,377.10000000,0.02661
1749265441,0.02728000,2214.20000000,0.02661
1749265441,0.02729000,376.80000000,0.02661
1749265441,0.02730000,376.70000000,0.02661
1749265441,0.02731000,376.60000000,0.02661
1749265441,0.02732000,376.40000000,0.02661
1749265441,0.02733000,968.80000000,0.02661
1749265441,0.02734000,376.10000000,0.02661
1749265441,0.02735000,376.00000000,0.02661
1749265441,0.02736000,375.80000000,0.02661
1749265441,0.02737000,7681.00000000,0.02661
1749265441,0.02739000,201.00000000,0.02661
1749265441,0.02740000,459.40000000,0.02661
1749265441,0.02748000,7643.00000000,0.02661
1749265441,0.02750000,4729.10000000,0.02661
1749265441,0.02751000,3464609.30000000,0.02661
1749265441,0.02752000,203.50000000,0.02661
1749265441,0.02759000,201.00000000,0.02661
1749265441,0.02760000,459.40000000,0.02661
1749265441,0.02764000,361.60000000,0.02661
1749265441,0.02770000,920.20000000,0.02661
1749265441,0.02775000,1801.00000000,0.02661
1749265441,0.02780000,660.40000000,0.02661
1749265441,0.02781000,30998.80000000,0.02661
1749265441,0.02788000,193.60000000,0.02661
1749265441,0.02789000,5021.90000000,0.02661
1749265441,0.02800000,258922.40000000,0.02661
1749265441,0.02801000,201.00000000,0.02661
1749265441,0.02815000,5387.90000000,0.02661
1749265441,0.02816000,181.40000000,0.02661
1749265441,0.02820000,1027.60000000,0.02661
1749265441,0.02821000,198.50000000,0.02661
1749265441,0.02822000,201.00000000,0.02661
1749265441,0.02834000,300.00000000,0.02661
1749265743,0.02658000,18545.20000000,0.02658
1749265743,0.02659000,53604.20000000,0.02658
1749265743,0.02660000,89959.00000000,0.02658
1749265743,0.02661000,256980.30000000,0.02658
1749265743,0.02662000,72346.00000000,0.02658
1749265743,0.02663000,238213.80000000,0.02658
1749265743,0.02664000,294159.10000000,0.02658
1749265743,0.02665000,152512.60000000,0.02658
1749265743,0.02666000,161679.10000000,0.02658
1749265743,0.02667000,22801.00000000,0.02658
1749265743,0.02668000,19724.90000000,0.02658
1749265743,0.02669000,19705.40000000,0.02658
1749265743,0.02670000,19701.50000000,0.02658
1749265743,0.02671000,19697.60000000,0.02658
1749265743,0.02672000,21384.20000000,0.02658
1749265743,0.02673000,19693.00000000,0.02658
1749265743,0.02674000,19689.30000000,0.02658
1749265743,0.02675000,19415.20000000,0.02658
1749265743,0.02676000,132947.50000000,0.02658
1749265743,0.02677000,9209.50000000,0.02658
1749265743,0.02678000,9410.30000000,0.02658
1749265743,0.02679000,26056.50000000,0.02658
1749265743,0.02680000,9668.60000000,0.02658
1749265743,0.02681000,659.10000000,0.02658
1749265743,0.02682000,1397.50000000,0.02658
1749265743,0.02683000,70169.40000000,0.02658
1749265743,0.02684000,658.70000000,0.02658
1749265743,0.02685000,658.50000000,0.02658
1749265743,0.02686000,377.00000000,0.02658
1749265743,0.02687000,377.00000000,0.02658
1749265743,0.02688000,15837.50000000,0.02658
1749265743,0.02689000,377.00000000,0.02658
1749265743,0.02690000,377.00000000,0.02658
1749265743,0.02691000,377.00000000,0.02658
1749265743,0.02692000,377.00000000,0.02658
1749265743,0.02693000,377.00000000,0.02658
1749265743,0.02694000,8927.00000000,0.02658
1749265743,0.02695000,377.00000000,0.02658
1749265743,0.02696000,377.00000000,0.02658
1749265743,0.02697000,27281.70000000,0.02658
1749265743,0.02698000,578.00000000,0.02658
1749265743,0.02699000,377.00000000,0.02658
1749265743,0.02700000,53827.20000000,0.02658
1749265743,0.02701000,377.00000000,0.02658
1749265743,0.02702000,377.00000000,0.02658
1749265743,0.02703000,377.00000000,0.02658
1749265743,0.02704000,377.00000000,0.02658
1749265743,0.02705000,377.00000000,0.02658
1749265743,0.02706000,377.00000000,0.02658
1749265743,0.02707000,3236545.60000000,0.02658
1749265743,0.02708000,19984.60000000,0.02658
1749265743,0.02709000,379.30000000,0.02658
1749265743,0.02710000,379.60000000,0.02658
1749265743,0.02711000,12111.70000000,0.02658
1749265743,0.02712000,379.10000000,0.02658
1749265743,0.02713000,379.10000000,0.02658
1749265743,0.02714000,379.00000000,0.02658
1749265743,0.02715000,378.80000000,0.02658
1749265743,0.02716000,378.70000000,0.02658
1749265743,0.02717000,378.60000000,0.02658
1749265743,0.02718000,579.40000000,0.02658
1749265743,0.02719000,378.30000000,0.02658
1749265743,0.02720000,837.50000000,0.02658
1749265743,0.02721000,17277.30000000,0.02658
1749265743,0.02722000,377.70000000,0.02658
1749265743,0.02723000,377.70000000,0.02658
1749265743,0.02724000,4877.50000000,0.02658
1749265743,0.02725000,377.40000000,0.02658
1749265743,0.02726000,377.30000000,0.02658
1749265743,0.02727000,377.10000000,0.02658
1749265743,0.02728000,377.00000000,0.02658
1749265743,0.02729000,376.80000000,0.02658
1749265743,0.02730000,376.70000000,0.02658
1749265743,0.02731000,376.60000000,0.02658
1749265743,0.02732000,376.40000000,0.02658
1749265743,0.02733000,968.60000000,0.02658
1749265743,0.02735000,1837.20000000,0.02658
1749265743,0.02739000,201.00000000,0.02658
1749265743,0.02740000,459.40000000,0.02658
1749265743,0.02746000,7681.00000000,0.02658
1749265743,0.02748000,3423407.00000000,0.02658
1749265743,0.02750000,4729.10000000,0.02658
1749265743,0.02752000,203.50000000,0.02658
1749265743,0.02759000,201.00000000,0.02658
1749265743,0.02760000,459.40000000,0.02658
1749265743,0.02764000,361.60000000,0.02658
1749265743,0.02770000,920.20000000,0.02658
1749265743,0.02775000,1801.00000000,0.02658
1749265743,0.02780000,660.40000000,0.02658
1749265743,0.02781000,30998.80000000,0.02658
1749265743,0.02788000,193.60000000,0.02658
1749265743,0.02789000,5021.90000000,0.02658
1749265743,0.02800000,258922.40000000,0.02658
1749265743,0.02801000,201.00000000,0.02658
1749265743,0.02815000,5387.90000000,0.02658
1749265743,0.02816000,181.40000000,0.02658
1749265743,0.02820000,1027.60000000,0.02658
1749265743,0.02821000,198.50000000,0.02658
1749265743,0.02822000,201.00000000,0.02658
1749265743,0.02834000,300.00000000,0.02658
1749266044,0.02667000,26842.80000000,0.02666
1749266044,0.02668000,146160.90000000,0.02666
1749266044,0.02669000,125139.00000000,0.02666
1749266044,0.02670000,78949.20000000,0.02666
1749266044,0.02671000,274766.60000000,0.02666
1749266044,0.02672000,520998.20000000,0.02666
1749266044,0.02673000,84646.80000000,0.02666
1749266044,0.02674000,78717.80000000,0.02666
1749266044,0.02675000,19696.70000000,0.02666
1749266044,0.02676000,22809.70000000,0.02666
1749266044,0.02677000,19676.90000000,0.02666
1749266044,0.02678000,19881.50000000,0.02666
1749266044,0.02679000,26056.50000000,0.02666
1749266044,0.02680000,19843.10000000,0.02666
1749266044,0.02681000,10891.30000000,0.02666
1749266044,0.02682000,20122.00000000,0.02666
1749266044,0.02683000,80336.30000000,0.02666
1749266044,0.02684000,122272.20000000,0.02666
1749266044,0.02685000,10833.00000000,0.02666
1749266044,0.02686000,658.40000000,0.02666
1749266044,0.02687000,658.40000000,0.02666
1749266044,0.02688000,9208.40000000,0.02666
1749266044,0.02689000,377.00000000,0.02666
1749266044,0.02690000,377.00000000,0.02666
1749266044,0.02691000,377.00000000,0.02666
1749266044,0.02692000,377.00000000,0.02666
1749266044,0.02693000,7152.60000000,0.02666
1749266044,0.02694000,8927.00000000,0.02666
1749266044,0.02695000,377.00000000,0.02666
1749266044,0.02696000,377.00000000,0.02666
1749266044,0.02697000,27281.70000000,0.02666
1749266044,0.02698000,578.00000000,0.02666
1749266044,0.02699000,377.00000000,0.02666
1749266044,0.02700000,62377.20000000,0.02666
1749266044,0.02701000,377.00000000,0.02666
1749266044,0.02702000,377.00000000,0.02666
1749266044,0.02703000,377.00000000,0.02666
1749266044,0.02704000,377.00000000,0.02666
1749266044,0.02705000,377.00000000,0.02666
1749266044,0.02706000,11047.00000000,0.02666
1749266044,0.02707000,377.00000000,0.02666
1749266044,0.02708000,377.00000000,0.02666
1749266044,0.02709000,379.30000000,0.02666
1749266044,0.02710000,379.60000000,0.02666
1749266044,0.02711000,379.40000000,0.02666
1749266044,0.02712000,8929.10000000,0.02666
1749266044,0.02713000,379.10000000,0.02666
1749266044,0.02714000,38148.90000000,0.02666
1749266044,0.02715000,378.80000000,0.02666
1749266044,0.02716000,378.70000000,0.02666
1749266044,0.02717000,3160660.60000000,0.02666
1749266044,0.02718000,579.40000000,0.02666
1749266044,0.02719000,378.30000000,0.02666
1749266044,0.02720000,837.50000000,0.02666
1749266044,0.02721000,17277.30000000,0.02666
1749266044,0.02722000,377.70000000,0.02666
1749266044,0.02723000,377.70000000,0.02666
1749266044,0.02724000,377.50000000,0.02666
1749266044,0.02725000,377.40000000,0.02666
1749266044,0.02726000,377.30000000,0.02666
1749266044,0.02727000,377.10000000,0.02666
1749266044,0.02728000,377.00000000,0.02666
1749266044,0.02729000,376.80000000,0.02666
1749266044,0.02730000,4876.70000000,0.02666
1749266044,0.02731000,376.60000000,0.02666
1749266044,0.02732000,376.40000000,0.02666
1749266044,0.02733000,968.80000000,0.02666
1749266044,0.02734000,376.10000000,0.02666
1749266044,0.02735000,2213.20000000,0.02666
1749266044,0.02736000,375.80000000,0.02666
1749266044,0.02737000,375.70000000,0.02666
1749266044,0.02738000,375.70000000,0.02666
1749266044,0.02739000,576.40000000,0.02666
1749266044,0.02740000,834.70000000,0.02666
1749266044,0.02741000,375.30000000,0.02666
1749266044,0.02742000,375.00000000,0.02666
1749266044,0.02746000,7681.00000000,0.02666
1749266044,0.02747000,2762.60000000,0.02666
1749266044,0.02752000,203.50000000,0.02666
1749266044,0.02755000,9609.50000000,0.02666
1749266044,0.02758000,3525180.50000000,0.02666
1749266044,0.02759000,201.00000000,0.02666
1749266044,0.02760000,459.40000000,0.02666
1749266044,0.02764000,361.60000000,0.02666
1749266044,0.02770000,920.20000000,0.02666
1749266044,0.02775000,1801.00000000,0.02666
1749266044,0.02780000,660.40000000,0.02666
1749266044,0.02781000,30998.80000000,0.02666
1749266044,0.02788000,193.60000000,0.02666
1749266044,0.02789000,5021.90000000,0.02666
1749266044,0.02800000,258922.40000000,0.02666
1749266044,0.02801000,201.00000000,0.02666
1749266044,0.02815000,5387.90000000,0.02666
1749266044,0.02816000,181.40000000,0.02666
1749266044,0.02820000,1027.60000000,0.02666
1749266044,0.02821000,198.50000000,0.02666
1749266044,0.02822000,201.00000000,0.02666
1749266044,0.02834000,300.00000000,0.02666
1749266044,0.02840000,459.40000000,0.02666
1749266044,0.02843000,201.00000000,0.02666
1749266346,0.02665000,25138.70000000,0.02665
1749266346,0.02666000,65087.20000000,0.02665
1749266346,0.02667000,79246.50000000,0.02665
1749266346,0.02668000,170838.80000000,0.02665
1749266346,0.02669000,129111.40000000,0.02665
1749266346,0.02670000,450307.40000000,0.02665
1749266346,0.02671000,108986.00000000,0.02665
1749266346,0.02672000,236222.00000000,0.02665
1749266346,0.02673000,81798.20000000,0.02665
1749266346,0.02674000,19689.30000000,0.02665
1749266346,0.02675000,19696.70000000,0.02665
1749266346,0.02676000,22809.70000000,0.02665
1749266346,0.02677000,19676.90000000,0.02665
1749266346,0.02678000,19881.50000000,0.02665
1749266346,0.02679000,21351.00000000,0.02665
1749266346,0.02680000,133392.40000000,0.02665
1749266346,0.02681000,19372.20000000,0.02665
1749266346,0.02682000,19383.30000000,0.02665
1749266346,0.02683000,48554.40000000,0.02665
1749266346,0.02684000,9208.70000000,0.02665
1749266346,0.02685000,9208.50000000,0.02665
1749266346,0.02686000,26011.80000000,0.02665
1749266346,0.02687000,658.40000000,0.02665
1749266346,0.02688000,9208.40000000,0.02665
1749266346,0.02689000,658.10000000,0.02665
1749266346,0.02690000,32439.90000000,0.02665
1749266346,0.02691000,377.00000000,0.02665
1749266346,0.02692000,8927.00000000,0.02665
1749266346,0.02693000,7262.90000000,0.02665
1749266346,0.02694000,8927.00000000,0.02665
1749266346,0.02695000,377.00000000,0.02665
1749266346,0.02696000,1115.70000000,0.02665
1749266346,0.02697000,27281.70000000,0.02665
1749266346,0.02698000,9128.00000000,0.02665
1749266346,0.02699000,377.00000000,0.02665
1749266346,0.02700000,53827.20000000,0.02665
1749266346,0.02701000,377.00000000,0.02665
1749266346,0.02702000,377.00000000,0.02665
1749266346,0.02703000,377.00000000,0.02665
1749266346,0.02704000,377.00000000,0.02665
1749266346,0.02705000,377.00000000,0.02665
1749266346,0.02706000,377.00000000,0.02665
1749266346,0.02707000,377.00000000,0.02665
1749266346,0.02708000,377.00000000,0.02665
1749266346,0.02709000,379.30000000,0.02665
1749266346,0.02710000,379.60000000,0.02665
1749266346,0.02711000,379.40000000,0.02665
1749266346,0.02712000,379.10000000,0.02665
1749266346,0.02713000,379.10000000,0.02665
1749266346,0.02714000,29598.90000000,0.02665
1749266346,0.02715000,378.80000000,0.02665
1749266346,0.02716000,2498.70000000,0.02665
1749266346,0.02717000,3173303.20000000,0.02665
1749266346,0.02718000,579.40000000,0.02665
1749266346,0.02719000,378.30000000,0.02665
1749266346,0.02720000,837.50000000,0.02665
1749266346,0.02721000,17277.30000000,0.02665
1749266346,0.02722000,377.70000000,0.02665
1749266346,0.02723000,377.70000000,0.02665
1749266346,0.02724000,377.50000000,0.02665
1749266346,0.02725000,377.40000000,0.02665
1749266346,0.02726000,377.30000000,0.02665
1749266346,0.02727000,377.10000000,0.02665
1749266346,0.02728000,377.00000000,0.02665
1749266346,0.02729000,376.80000000,0.02665
1749266346,0.02730000,4876.70000000,0.02665
1749266346,0.02731000,376.60000000,0.02665
1749266346,0.02732000,376.40000000,0.02665
1749266346,0.02733000,968.80000000,0.02665
1749266346,0.02734000,376.10000000,0.02665
1749266346,0.02735000,2213.20000000,0.02665
1749266346,0.02736000,375.80000000,0.02665
1749266346,0.02737000,375.70000000,0.02665
1749266346,0.02738000,375.70000000,0.02665
1749266346,0.02739000,576.40000000,0.02665
1749266346,0.02740000,834.70000000,0.02665
1749266346,0.02746000,7681.00000000,0.02665
1749266346,0.02752000,203.50000000,0.02665
1749266346,0.02755000,9609.50000000,0.02665
1749266346,0.02757000,2762.60000000,0.02665
1749266346,0.02758000,3512538.80000000,0.02665
1749266346,0.02759000,201.00000000,0.02665
1749266346,0.02760000,459.40000000,0.02665
1749266346,0.02764000,361.60000000,0.02665
1749266346,0.02770000,920.20000000,0.02665
1749266346,0.02775000,1801.00000000,0.02665
1749266346,0.02780000,660.40000000,0.02665
1749266346,0.02781000,30998.80000000,0.02665
1749266346,0.02788000,193.60000000,0.02665
1749266346,0.02789000,5021.90000000,0.02665
1749266346,0.02800000,258922.40000000,0.02665
1749266346,0.02801000,201.00000000,0.02665
1749266346,0.02815000,5387.90000000,0.02665
1749266346,0.02816000,181.40000000,0.02665
1749266346,0.02820000,1027.60000000,0.02665
1749266346,0.02821000,198.50000000,0.02665
1749266346,0.02822000,201.00000000,0.02665
1749266346,0.02834000,300.00000000,0.02665
1749266346,0.02840000,459.40000000,0.02665
1749266346,0.02843000,201.00000000,0.02665
1749266654,0.02668000,17474.70000000,0.02668
1749266654,0.02669000,67725.50000000,0.02668
1749266654,0.02670000,98074.10000000,0.02668
1749266654,0.02671000,214586.40000000,0.02668
1749266654,0.02672000,416528.70000000,0.02668
1749266654,0.02673000,332340.40000000,0.02668
1749266654,0.02674000,96591.50000000,0.02668
1749266654,0.02675000,170732.80000000,0.02668
1749266654,0.02676000,22812.10000000,0.02668
1749266654,0.02677000,19676.90000000,0.02668
1749266654,0.02678000,19881.50000000,0.02668
1749266654,0.02679000,19645.80000000,0.02668
1749266654,0.02680000,133374.40000000,0.02668
1749266654,0.02681000,19372.20000000,0.02668
1749266654,0.02682000,21061.30000000,0.02668
1749266654,0.02683000,70169.40000000,0.02668
1749266654,0.02684000,9208.70000000,0.02668
1749266654,0.02685000,19375.40000000,0.02668
1749266654,0.02686000,26011.80000000,0.02668
1749266654,0.02687000,658.40000000,0.02668
1749266654,0.02688000,9208.40000000,0.02668
1749266654,0.02689000,658.10000000,0.02668
1749266654,0.02690000,658.00000000,0.02668
1749266654,0.02691000,377.00000000,0.02668
1749266654,0.02692000,8927.00000000,0.02668
1749266654,0.02693000,7262.90000000,0.02668
1749266654,0.02694000,8927.00000000,0.02668
1749266654,0.02695000,377.00000000,0.02668
1749266654,0.02696000,1115.70000000,0.02668
1749266654,0.02697000,27281.70000000,0.02668
1749266654,0.02698000,578.00000000,0.02668
1749266654,0.02699000,377.00000000,0.02668
1749266654,0.02700000,62377.20000000,0.02668
1749266654,0.02701000,377.00000000,0.02668
1749266654,0.02702000,377.00000000,0.02668
1749266654,0.02703000,377.00000000,0.02668
1749266654,0.02704000,377.00000000,0.02668
1749266654,0.02705000,377.00000000,0.02668
1749266654,0.02706000,8927.00000000,0.02668
1749266654,0.02707000,377.00000000,0.02668
1749266654,0.02708000,377.00000000,0.02668
1749266654,0.02709000,379.30000000,0.02668
1749266654,0.02710000,379.60000000,0.02668
1749266654,0.02711000,379.40000000,0.02668
1749266654,0.02712000,8929.10000000,0.02668
1749266654,0.02713000,379.10000000,0.02668
1749266654,0.02714000,40268.90000000,0.02668
1749266654,0.02715000,378.80000000,0.02668
1749266654,0.02716000,378.70000000,0.02668
1749266654,0.02717000,378.60000000,0.02668
1749266654,0.02718000,579.40000000,0.02668
1749266654,0.02719000,3251134.90000000,0.02668
1749266654,0.02720000,837.50000000,0.02668
1749266654,0.02721000,17277.30000000,0.02668
1749266654,0.02722000,377.70000000,0.02668
1749266654,0.02723000,377.70000000,0.02668
1749266654,0.02724000,377.50000000,0.02668
1749266654,0.02725000,377.40000000,0.02668
1749266654,0.02726000,377.30000000,0.02668
1749266654,0.02727000,377.10000000,0.02668
1749266654,0.02728000,377.00000000,0.02668
1749266654,0.02729000,376.80000000,0.02668
1749266654,0.02730000,4876.70000000,0.02668
1749266654,0.02731000,376.60000000,0.02668
1749266654,0.02732000,376.40000000,0.02668
1749266654,0.02733000,968.80000000,0.02668
1749266654,0.02734000,376.10000000,0.02668
1749266654,0.02735000,2213.20000000,0.02668
1749266654,0.02736000,375.80000000,0.02668
1749266654,0.02737000,375.70000000,0.02668
1749266654,0.02738000,375.70000000,0.02668
1749266654,0.02739000,576.40000000,0.02668
1749266654,0.02740000,834.70000000,0.02668
1749266654,0.02741000,375.10000000,0.02668
1749266654,0.02742000,375.00000000,0.02668
1749266654,0.02743000,375.00000000,0.02668
1749266654,0.02746000,7681.00000000,0.02668
1749266654,0.02752000,203.50000000,0.02668
1749266654,0.02755000,12372.10000000,0.02668
1749266654,0.02759000,201.00000000,0.02668
1749266654,0.02760000,3475031.00000000,0.02668
1749266654,0.02764000,361.60000000,0.02668
1749266654,0.02770000,920.20000000,0.02668
1749266654,0.02775000,1801.00000000,0.02668
1749266654,0.02780000,660.40000000,0.02668
1749266654,0.02781000,30998.80000000,0.02668
1749266654,0.02788000,193.60000000,0.02668
1749266654,0.02789000,5021.90000000,0.02668
1749266654,0.02800000,258922.40000000,0.02668
1749266654,0.02801000,201.00000000,0.02668
1749266654,0.02815000,5387.90000000,0.02668
1749266654,0.02816000,181.40000000,0.02668
1749266654,0.02820000,1027.60000000,0.02668
1749266654,0.02821000,198.50000000,0.02668
1749266654,0.02822000,201.00000000,0.02668
1749266654,0.02834000,300.00000000,0.02668
1749266654,0.02840000,459.40000000,0.02668
1749266654,0.02843000,201.00000000,0.02668
1749266654,0.02847000,6780.40000000,0.02668
1749266654,0.02850000,950.30000000,0.02668
1749266956,0.02666000,19378.10000000,0.02665
1749266956,0.02667000,74578.60000000,0.02665
1749266956,0.02668000,63270.30000000,0.02665
1749266956,0.02669000,180017.40000000,0.02665
1749266956,0.02670000,207509.00000000,0.02665
1749266956,0.02671000,220734.00000000,0.02665
1749266956,0.02672000,290900.20000000,0.02665
1749266956,0.02673000,111692.10000000,0.02665
1749266956,0.02674000,19689.30000000,0.02665
1749266956,0.02675000,170732.80000000,0.02665
1749266956,0.02676000,22812.10000000,0.02665
1749266956,0.02677000,19676.90000000,0.02665
1749266956,0.02678000,19881.50000000,0.02665
1749266956,0.02679000,19645.80000000,0.02665
1749266956,0.02680000,21825.80000000,0.02665
1749266956,0.02681000,132580.20000000,0.02665
1749266956,0.02682000,19383.30000000,0.02665
1749266956,0.02683000,38387.50000000,0.02665
1749266956,0.02684000,19368.00000000,0.02665
1749266956,0.02685000,19375.40000000,0.02665
1749266956,0.02686000,26011.80000000,0.02665
1749266956,0.02687000,658.40000000,0.02665
1749266956,0.02688000,9208.40000000,0.02665
1749266956,0.02689000,658.10000000,0.02665
1749266956,0.02690000,32439.90000000,0.02665
1749266956,0.02691000,377.00000000,0.02665
1749266956,0.02692000,8927.00000000,0.02665
1749266956,0.02693000,7262.80000000,0.02665
1749266956,0.02694000,8927.00000000,0.02665
1749266956,0.02695000,377.00000000,0.02665
1749266956,0.02696000,1115.70000000,0.02665
1749266956,0.02697000,27281.70000000,0.02665
1749266956,0.02698000,9128.00000000,0.02665
1749266956,0.02699000,377.00000000,0.02665
1749266956,0.02700000,62377.20000000,0.02665
1749266956,0.02701000,377.00000000,0.02665
1749266956,0.02702000,377.00000000,0.02665
1749266956,0.02703000,377.00000000,0.02665
1749266956,0.02704000,377.00000000,0.02665
1749266956,0.02705000,377.00000000,0.02665
1749266956,0.02706000,8927.00000000,0.02665
1749266956,0.02707000,377.00000000,0.02665
1749266956,0.02708000,377.00000000,0.02665
1749266956,0.02709000,379.30000000,0.02665
1749266956,0.02710000,379.60000000,0.02665
1749266956,0.02711000,379.40000000,0.02665
1749266956,0.02712000,379.10000000,0.02665
1749266956,0.02713000,379.10000000,0.02665
1749266956,0.02714000,12111.30000000,0.02665
1749266956,0.02715000,378.80000000,0.02665
1749266956,0.02716000,17866.30000000,0.02665
1749266956,0.02717000,3307801.00000000,0.02665
1749266956,0.02718000,579.40000000,0.02665
1749266956,0.02719000,378.30000000,0.02665
1749266956,0.02720000,2957.50000000,0.02665
1749266956,0.02721000,17277.30000000,0.02665
1749266956,0.02722000,377.70000000,0.02665
1749266956,0.02723000,377.70000000,0.02665
1749266956,0.02724000,377.50000000,0.02665
1749266956,0.02725000,377.40000000,0.02665
1749266956,0.02726000,377.30000000,0.02665
1749266956,0.02727000,377.10000000,0.02665
1749266956,0.02728000,377.00000000,0.02665
1749266956,0.02729000,376.80000000,0.02665
1749266956,0.02730000,4876.70000000,0.02665
1749266956,0.02731000,376.60000000,0.02665
1749266956,0.02732000,376.40000000,0.02665
1749266956,0.02733000,968.80000000,0.02665
1749266956,0.02734000,376.10000000,0.02665
1749266956,0.02735000,2213.20000000,0.02665
1749266956,0.02736000,375.80000000,0.02665
1749266956,0.02737000,375.70000000,0.02665
1749266956,0.02738000,375.70000000,0.02665
1749266956,0.02739000,576.40000000,0.02665
1749266956,0.02740000,834.70000000,0.02665
1749266956,0.02741000,375.10000000,0.02665
1749266956,0.02746000,7681.00000000,0.02665
1749266956,0.02752000,203.50000000,0.02665
1749266956,0.02755000,2762.60000000,0.02665
1749266956,0.02757000,9609.50000000,0.02665
1749266956,0.02758000,3362466.70000000,0.02665
1749266956,0.02759000,201.00000000,0.02665
1749266956,0.02760000,459.40000000,0.02665
1749266956,0.02764000,361.60000000,0.02665
1749266956,0.02770000,920.20000000,0.02665
1749266956,0.02775000,1801.00000000,0.02665
1749266956,0.02780000,660.40000000,0.02665
1749266956,0.02781000,30998.80000000,0.02665
1749266956,0.02788000,193.60000000,0.02665
1749266956,0.02789000,5021.90000000,0.02665
1749266956,0.02800000,258922.40000000,0.02665
1749266956,0.02801000,201.00000000,0.02665
1749266956,0.02815000,5387.90000000,0.02665
1749266956,0.02816000,181.40000000,0.02665
1749266956,0.02820000,1027.60000000,0.02665
1749266956,0.02821000,198.50000000,0.02665
1749266956,0.02822000,201.00000000,0.02665
1749266956,0.02834000,300.00000000,0.02665
1749266956,0.02840000,459.40000000,0.02665
1749266956,0.02843000,201.00000000,0.02665
1749267257,0.02662000,19170.80000000,0.02662
1749267257,0.02663000,82381.10000000,0.02662
1749267257,0.02664000,59340.70000000,0.02662
1749267257,0.02665000,110839.80000000,0.02662
1749267257,0.02666000,227730.10000000,0.02662
1749267257,0.02667000,176467.30000000,0.02662
1749267257,0.02668000,277238.30000000,0.02662
1749267257,0.02669000,310824.30000000,0.02662
1749267257,0.02670000,108298.70000000,0.02662
1749267257,0.02671000,28676.40000000,0.02662
1749267257,0.02672000,19643.50000000,0.02662
1749267257,0.02673000,23761.60000000,0.02662
1749267257,0.02674000,19689.30000000,0.02662
1749267257,0.02675000,133231.00000000,0.02662
1749267257,0.02676000,19684.60000000,0.02662
1749267257,0.02677000,19676.90000000,0.02662
1749267257,0.02678000,21582.20000000,0.02662
1749267257,0.02679000,19645.80000000,0.02662
1749267257,0.02680000,36965.10000000,0.02662
1749267257,0.02681000,9209.10000000,0.02662
1749267257,0.02682000,9208.80000000,0.02662
1749267257,0.02683000,70169.40000000,0.02662
1749267257,0.02684000,9208.70000000,0.02662
1749267257,0.02685000,9208.50000000,0.02662
1749267257,0.02686000,9208.40000000,0.02662
1749267257,0.02687000,658.40000000,0.02662
1749267257,0.02688000,9208.40000000,0.02662
1749267257,0.02689000,658.10000000,0.02662
1749267257,0.02690000,658.00000000,0.02662
1749267257,0.02691000,377.00000000,0.02662
1749267257,0.02692000,8927.00000000,0.02662
1749267257,0.02693000,7262.80000000,0.02662
1749267257,0.02694000,8927.00000000,0.02662
1749267257,0.02695000,377.00000000,0.02662
1749267257,0.02696000,1115.70000000,0.02662
1749267257,0.02697000,18731.70000000,0.02662
1749267257,0.02698000,578.00000000,0.02662
1749267257,0.02699000,377.00000000,0.02662
1749267257,0.02700000,53827.20000000,0.02662
1749267257,0.02701000,377.00000000,0.02662
1749267257,0.02702000,377.00000000,0.02662
1749267257,0.02703000,377.00000000,0.02662
1749267257,0.02704000,377.00000000,0.02662
1749267257,0.02705000,377.00000000,0.02662
1749267257,0.02706000,377.00000000,0.02662
1749267257,0.02707000,377.00000000,0.02662
1749267257,0.02708000,377.00000000,0.02662
1749267257,0.02709000,379.30000000,0.02662
1749267257,0.02710000,379.60000000,0.02662
1749267257,0.02711000,379.40000000,0.02662
1749267257,0.02712000,31719.00000000,0.02662
1749267257,0.02713000,3228799.30000000,0.02662
1749267257,0.02714000,379.00000000,0.02662
1749267257,0.02715000,378.80000000,0.02662
1749267257,0.02716000,378.70000000,0.02662
1749267257,0.02717000,378.60000000,0.02662
1749267257,0.02718000,579.40000000,0.02662
1749267257,0.02719000,378.30000000,0.02662
1749267257,0.02720000,837.50000000,0.02662
1749267257,0.02721000,17277.30000000,0.02662
1749267257,0.02722000,377.70000000,0.02662
1749267257,0.02723000,377.70000000,0.02662
1749267257,0.02724000,377.50000000,0.02662
1749267257,0.02725000,377.40000000,0.02662
1749267257,0.02726000,377.30000000,0.02662
1749267257,0.02727000,377.10000000,0.02662
1749267257,0.02728000,377.00000000,0.02662
1749267257,0.02729000,376.80000000,0.02662
1749267257,0.02730000,4876.70000000,0.02662
1749267257,0.02731000,376.60000000,0.02662
1749267257,0.02732000,376.40000000,0.02662
1749267257,0.02733000,968.80000000,0.02662
1749267257,0.02734000,376.10000000,0.02662
1749267257,0.02735000,2213.20000000,0.02662
1749267257,0.02736000,375.80000000,0.02662
1749267257,0.02737000,375.70000000,0.02662
1749267257,0.02739000,201.00000000,0.02662
1749267257,0.02740000,459.40000000,0.02662
1749267257,0.02746000,7681.00000000,0.02662
1749267257,0.02752000,203.50000000,0.02662
1749267257,0.02753000,7643.00000000,0.02662
1749267257,0.02754000,3367835.70000000,0.02662
1749267257,0.02755000,2762.60000000,0.02662
1749267257,0.02757000,1966.50000000,0.02662
1749267257,0.02759000,201.00000000,0.02662
1749267257,0.02760000,459.40000000,0.02662
1749267257,0.02764000,361.60000000,0.02662
1749267257,0.02770000,920.20000000,0.02662
1749267257,0.02775000,1801.00000000,0.02662
1749267257,0.02780000,660.40000000,0.02662
1749267257,0.02781000,30998.80000000,0.02662
1749267257,0.02788000,193.60000000,0.02662
1749267257,0.02789000,5021.90000000,0.02662
1749267257,0.02800000,258922.40000000,0.02662
1749267257,0.02801000,201.00000000,0.02662
1749267257,0.02815000,5387.90000000,0.02662
1749267257,0.02816000,181.40000000,0.02662
1749267257,0.02820000,1027.60000000,0.02662
1749267257,0.02821000,198.50000000,0.02662
1749267257,0.02822000,201.00000000,0.02662
1749267559,0.02662000,19170.80000000,0.02661
1749267559,0.02663000,111804.80000000,0.02661
1749267559,0.02664000,129717.90000000,0.02661
1749267559,0.02665000,122694.90000000,0.02661
1749267559,0.02666000,170978.20000000,0.02661
1749267559,0.02667000,181123.40000000,0.02661
1749267559,0.02668000,446330.10000000,0.02661
1749267559,0.02669000,198130.40000000,0.02661
1749267559,0.02670000,72776.90000000,0.02661
1749267559,0.02671000,28676.40000000,0.02661
1749267559,0.02672000,19643.50000000,0.02661
1749267559,0.02673000,22769.70000000,0.02661
1749267559,0.02674000,19689.30000000,0.02661
1749267559,0.02675000,19696.70000000,0.02661
1749267559,0.02676000,19684.60000000,0.02661
1749267559,0.02677000,19676.90000000,0.02661
1749267559,0.02678000,134989.30000000,0.02661
1749267559,0.02679000,19645.80000000,0.02661
1749267559,0.02680000,36965.10000000,0.02661
1749267559,0.02681000,9209.10000000,0.02661
1749267559,0.02682000,9208.80000000,0.02661
1749267559,0.02683000,70169.40000000,0.02661
1749267559,0.02684000,9208.70000000,0.02661
1749267559,0.02685000,9208.50000000,0.02661
1749267559,0.02686000,9208.40000000,0.02661
1749267559,0.02687000,658.40000000,0.02661
1749267559,0.02688000,9208.40000000,0.02661
1749267559,0.02689000,658.10000000,0.02661
1749267559,0.02690000,658.00000000,0.02661
1749267559,0.02691000,377.00000000,0.02661
1749267559,0.02692000,8927.00000000,0.02661
1749267559,0.02693000,7262.80000000,0.02661
1749267559,0.02694000,8927.00000000,0.02661
1749267559,0.02695000,377.00000000,0.02661
1749267559,0.02696000,1115.70000000,0.02661
