timestamp,price,volume,current_price
1749254458,4.17600000,2.40000000,4.175
1749254458,4.17700000,272.63000000,4.175
1749254458,4.17800000,817.74000000,4.175
1749254458,4.17900000,1450.50000000,4.175
1749254458,4.18000000,1228.19000000,4.175
1749254458,4.18100000,3380.99000000,4.175
1749254458,4.18200000,3273.64000000,4.175
1749254458,4.18300000,2460.73000000,4.175
1749254458,4.18400000,1750.96000000,4.175
1749254458,4.18500000,357.40000000,4.175
1749254458,4.18600000,411.00000000,4.175
1749254458,4.18700000,82.49000000,4.175
1749254458,4.18800000,2912.63000000,4.175
1749254458,4.18900000,795.48000000,4.175
1749254458,4.19000000,433.12000000,4.175
1749254458,4.19100000,129.93000000,4.175
1749254458,4.19200000,387.75000000,4.175
1749254458,4.19300000,156.11000000,4.175
1749254458,4.19400000,409.20000000,4.175
1749254458,4.19500000,2936.04000000,4.175
1749254458,4.19600000,409.20000000,4.175
1749254458,4.19700000,267.19000000,4.175
1749254458,4.19800000,437.38000000,4.175
1749254458,4.19900000,16.23000000,4.175
1749254458,4.20000000,437.38000000,4.175
1749254458,4.20100000,127.88000000,4.175
1749254458,4.20200000,4896.26000000,4.175
1749254458,4.20300000,140.38000000,4.175
1749254458,4.20400000,465.51000000,4.175
1749254458,4.20500000,81.97000000,4.175
1749254458,4.20600000,334.08000000,4.175
1749254458,4.20700000,643.96000000,4.175
1749254458,4.20800000,1570.63000000,4.175
1749254458,4.20900000,79.48000000,4.175
1749254458,4.21000000,392.88000000,4.175
1749254458,4.21100000,32.28000000,4.175
1749254458,4.21200000,30.48000000,4.175
1749254458,4.21300000,64.86000000,4.175
1749254458,4.21400000,3.98000000,4.175
1749254458,4.21500000,32.25000000,4.175
1749254458,4.21600000,31.71000000,4.175
1749254458,4.21700000,56.59000000,4.175
1749254458,4.21800000,35.66000000,4.175
1749254458,4.21900000,1223.07000000,4.175
1749254458,4.22000000,34.27000000,4.175
1749254458,4.22100000,115.11000000,4.175
1749254458,4.22200000,36.16000000,4.175
1749254458,4.22300000,2.37000000,4.175
1749254458,4.22400000,440.72000000,4.175
1749254458,4.22500000,118.06000000,4.175
1749254458,4.22600000,30.36000000,4.175
1749254458,4.22700000,3.76000000,4.175
1749254458,4.22800000,250.35000000,4.175
1749254458,4.22900000,49.56000000,4.175
1749254458,4.23000000,38.03000000,4.175
1749254458,4.23100000,428.89000000,4.175
1749254458,4.23200000,245.49000000,4.175
1749254458,4.23300000,94.99000000,4.175
1749254458,4.23400000,137.29000000,4.175
1749254458,4.23500000,6.02000000,4.175
1749254458,4.23600000,1243.38000000,4.175
1749254458,4.23700000,1411.53000000,4.175
1749254458,4.23800000,7.58000000,4.175
1749254458,4.23900000,2.36000000,4.175
1749254458,4.24000000,2.36000000,4.175
1749254458,4.24100000,6.47000000,4.175
1749254458,4.24200000,2.36000000,4.175
1749254458,4.24300000,2.36000000,4.175
1749254458,4.24400000,2.36000000,4.175
1749254458,4.24500000,20.25000000,4.175
1749254458,4.24600000,134.77000000,4.175
1749254458,4.24700000,104.85000000,4.175
1749254458,4.24800000,4.03000000,4.175
1749254458,4.24900000,3.92000000,4.175
1749254458,4.25000000,153.08000000,4.175
1749254458,4.25100000,258.10000000,4.175
1749254458,4.25200000,44.41000000,4.175
1749254458,4.25400000,13.26000000,4.175
1749254458,4.25500000,3.04000000,4.175
1749254458,4.25600000,2.42000000,4.175
1749254458,4.25800000,5.22000000,4.175
1749254458,4.25900000,2.95000000,4.175
1749254458,4.26000000,1.26000000,4.175
1749254458,4.26100000,11.02000000,4.175
1749254458,4.26300000,9.11000000,4.175
1749254458,4.26400000,8.13000000,4.175
1749254458,4.26600000,13.31000000,4.175
1749254458,4.26700000,59.98000000,4.175
1749254458,4.26800000,109.77000000,4.175
1749254458,4.26900000,1.79000000,4.175
1749254458,4.27000000,1.39000000,4.175
1749254458,4.27100000,1.63000000,4.175
1749254458,4.27200000,2.30000000,4.175
1749254458,4.27300000,3.86000000,4.175
1749254458,4.27400000,4.53000000,4.175
1749254458,4.27500000,2.57000000,4.175
1749254458,4.27600000,15.09000000,4.175
1749254458,4.27700000,17.59000000,4.175
1749254458,4.27900000,6.61000000,4.175
1749254458,4.28000000,6.87000000,4.175
1749254759,4.17700000,232.17000000,4.177
1749254759,4.17800000,328.70000000,4.177
1749254759,4.17900000,1012.41000000,4.177
1749254759,4.18000000,2452.56000000,4.177
1749254759,4.18100000,2059.43000000,4.177
1749254759,4.18200000,1187.03000000,4.177
1749254759,4.18300000,2511.61000000,4.177
1749254759,4.18400000,2593.37000000,4.177
1749254759,4.18500000,2042.50000000,4.177
1749254759,4.18600000,871.77000000,4.177
1749254759,4.18700000,893.13000000,4.177
1749254759,4.18800000,474.61000000,4.177
1749254759,4.18900000,3554.47000000,4.177
1749254759,4.19000000,2912.42000000,4.177
1749254759,4.19100000,116.71000000,4.177
1749254759,4.19200000,389.55000000,4.177
1749254759,4.19300000,180.01000000,4.177
1749254759,4.19400000,784.06000000,4.177
1749254759,4.19500000,108.90000000,4.177
1749254759,4.19600000,1006.85000000,4.177
1749254759,4.19700000,273.17000000,4.177
1749254759,4.19800000,437.38000000,4.177
1749254759,4.19900000,16.23000000,4.177
1749254759,4.20000000,443.36000000,4.177
1749254759,4.20100000,127.88000000,4.177
1749254759,4.20200000,3758.28000000,4.177
1749254759,4.20300000,146.36000000,4.177
1749254759,4.20400000,542.01000000,4.177
1749254759,4.20500000,1295.97000000,4.177
1749254759,4.20600000,416.56000000,4.177
1749254759,4.20700000,63.32000000,4.177
1749254759,4.20800000,1570.63000000,4.177
1749254759,4.20900000,85.46000000,4.177
1749254759,4.21000000,392.88000000,4.177
1749254759,4.21100000,32.28000000,4.177
1749254759,4.21200000,605.20000000,4.177
1749254759,4.21300000,729.16000000,4.177
1749254759,4.21400000,3.98000000,4.177
1749254759,4.21500000,32.25000000,4.177
1749254759,4.21600000,31.71000000,4.177
1749254759,4.21700000,56.59000000,4.177
1749254759,4.21800000,35.66000000,4.177
1749254759,4.21900000,1223.07000000,4.177
1749254759,4.22000000,34.27000000,4.177
1749254759,4.22100000,116.91000000,4.177
1749254759,4.22200000,36.16000000,4.177
1749254759,4.22300000,2.37000000,4.177
1749254759,4.22400000,440.72000000,4.177
1749254759,4.22500000,118.06000000,4.177
1749254759,4.22600000,30.36000000,4.177
1749254759,4.22700000,3.76000000,4.177
1749254759,4.22800000,250.35000000,4.177
1749254759,4.22900000,49.56000000,4.177
1749254759,4.23000000,38.03000000,4.177
1749254759,4.23100000,428.89000000,4.177
1749254759,4.23200000,245.49000000,4.177
1749254759,4.23300000,94.99000000,4.177
1749254759,4.23400000,137.29000000,4.177
1749254759,4.23500000,6.02000000,4.177
1749254759,4.23600000,2.37000000,4.177
1749254759,4.23700000,1411.53000000,4.177
1749254759,4.23800000,7.58000000,4.177
1749254759,4.23900000,1373.93000000,4.177
1749254759,4.24000000,132.07000000,4.177
1749254759,4.24100000,6.47000000,4.177
1749254759,4.24200000,2.36000000,4.177
1749254759,4.24300000,2.36000000,4.177
1749254759,4.24400000,2.36000000,4.177
1749254759,4.24500000,20.25000000,4.177
1749254759,4.24600000,134.77000000,4.177
1749254759,4.24700000,104.85000000,4.177
1749254759,4.24800000,4.03000000,4.177
1749254759,4.24900000,3.92000000,4.177
1749254759,4.25000000,32.88000000,4.177
1749254759,4.25100000,128.39000000,4.177
1749254759,4.25200000,46.81000000,4.177
1749254759,4.25400000,13.26000000,4.177
1749254759,4.25500000,3.04000000,4.177
1749254759,4.25600000,2.42000000,4.177
1749254759,4.25800000,5.22000000,4.177
1749254759,4.25900000,2.95000000,4.177
1749254759,4.26000000,1.26000000,4.177
1749254759,4.26300000,9.11000000,4.177
1749254759,4.26400000,8.13000000,4.177
1749254759,4.26600000,13.31000000,4.177
1749254759,4.26700000,59.98000000,4.177
1749254759,4.26800000,109.77000000,4.177
1749254759,4.26900000,1.79000000,4.177
1749254759,4.27000000,1.39000000,4.177
1749254759,4.27100000,1.63000000,4.177
1749254759,4.27200000,2.30000000,4.177
1749254759,4.27300000,3.86000000,4.177
1749254759,4.27400000,4.53000000,4.177
1749254759,4.27500000,2.57000000,4.177
1749254759,4.27600000,15.09000000,4.177
1749254759,4.27700000,17.59000000,4.177
1749254759,4.27900000,6.61000000,4.177
1749254759,4.28000000,6.87000000,4.177
1749254759,4.28100000,7.65000000,4.177
1749254759,4.28200000,4.11000000,4.177
