timestamp,price,volume,current_price
1749258234,4.21200000,233.48000000,4.212
1749258234,4.21300000,808.15000000,4.212
1749258234,4.21400000,1308.62000000,4.212
1749258234,4.21500000,1169.35000000,4.212
1749258234,4.21600000,2598.99000000,4.212
1749258234,4.21700000,4216.66000000,4.212
1749258234,4.21800000,3298.28000000,4.212
1749258234,4.21900000,1785.21000000,4.212
1749258234,4.22000000,1286.87000000,4.212
1749258234,4.22100000,1885.22000000,4.212
1749258234,4.22200000,456.74000000,4.212
1749258234,4.22300000,2161.67000000,4.212
1749258234,4.22400000,430.65000000,4.212
1749258234,4.22500000,592.50000000,4.212
1749258234,4.22600000,362.47000000,4.212
1749258234,4.22700000,610.94000000,4.212
1749258234,4.22800000,439.83000000,4.212
1749258234,4.22900000,2812.45000000,4.212
1749258234,4.23000000,346.31000000,4.212
1749258234,4.23100000,35.25000000,4.212
1749258234,4.23200000,4214.25000000,4.212
1749258234,4.23300000,59.80000000,4.212
1749258234,4.23400000,332.68000000,4.212
1749258234,4.23500000,35.86000000,4.212
1749258234,4.23600000,126.93000000,4.212
1749258234,4.23700000,79.39000000,4.212
1749258234,4.23800000,411.68000000,4.212
1749258234,4.23900000,1137.82000000,4.212
1749258234,4.24000000,2.36000000,4.212
1749258234,4.24100000,366.62000000,4.212
1749258234,4.24200000,1141.60000000,4.212
1749258234,4.24300000,1152.04000000,4.212
1749258234,4.24400000,77.54000000,4.212
1749258234,4.24500000,27.97000000,4.212
1749258234,4.24600000,36.76000000,4.212
1749258234,4.24700000,8.12000000,4.212
1749258234,4.24800000,4.03000000,4.212
1749258234,4.24900000,33.76000000,4.212
1749258234,4.25000000,269.90000000,4.212
1749258234,4.25100000,590.90000000,4.212
1749258234,4.25200000,673.56000000,4.212
1749258234,4.25300000,32.24000000,4.212
1749258234,4.25400000,15.66000000,4.212
1749258234,4.25500000,7.22000000,4.212
1749258234,4.25600000,4.82000000,4.212
1749258234,4.25700000,32.19000000,4.212
1749258234,4.25800000,54.81000000,4.212
1749258234,4.25900000,5.35000000,4.212
1749258234,4.26000000,31.67000000,4.212
1749258234,4.26100000,425.87000000,4.212
1749258234,4.26200000,2.39000000,4.212
1749258234,4.26300000,11.50000000,4.212
1749258234,4.26400000,10.52000000,4.212
1749258234,4.26500000,217.56000000,4.212
1749258234,4.26600000,15.70000000,4.212
1749258234,4.26700000,62.37000000,4.212
1749258234,4.26800000,2.39000000,4.212
1749258234,4.26900000,4.18000000,4.212
1749258234,4.27000000,3.78000000,4.212
1749258234,4.27100000,4.02000000,4.212
1749258234,4.27200000,135.91000000,4.212
1749258234,4.27300000,1236.51000000,4.212
1749258234,4.27400000,1368.90000000,4.212
1749258234,4.27500000,4.96000000,4.212
1749258234,4.27600000,17.48000000,4.212
1749258234,4.27700000,146.55000000,4.212
1749258234,4.27800000,525.10000000,4.212
1749258234,4.27900000,9.00000000,4.212
1749258234,4.28000000,9.25000000,4.212
1749258234,4.28100000,10.03000000,4.212
1749258234,4.28200000,132.66000000,4.212
1749258234,4.28300000,11.85000000,4.212
1749258234,4.28400000,132.09000000,4.212
1749258234,4.28500000,46.79000000,4.212
1749258234,4.28600000,2.38000000,4.212
1749258234,4.28700000,4.06000000,4.212
1749258234,4.29000000,135.14000000,4.212
1749258234,4.29100000,104.90000000,4.212
1749258234,4.29300000,11.02000000,4.212
1749258234,4.29400000,26.85000000,4.212
1749258234,4.29500000,12.80000000,4.212
1749258234,4.29600000,128.60000000,4.212
1749258234,4.29700000,8.36000000,4.212
1749258234,4.29800000,1.40000000,4.212
1749258234,4.29900000,91.14000000,4.212
1749258234,4.30000000,3230.65000000,4.212
1749258234,4.30100000,97.37000000,4.212
1749258234,4.30400000,7.55000000,4.212
1749258234,4.30500000,42.77000000,4.212
1749258234,4.30700000,11.24000000,4.212
1749258234,4.30800000,33.49000000,4.212
1749258234,4.30900000,24.17000000,4.212
1749258234,4.31000000,470.81000000,4.212
1749258234,4.31100000,8.08000000,4.212
1749258234,4.31200000,115.01000000,4.212
1749258234,4.31300000,1.39000000,4.212
1749258234,4.31600000,10.79000000,4.212
1749258234,4.31700000,1.92000000,4.212
1749258234,4.31800000,4.18000000,4.212
1749258234,4.31900000,113.08000000,4.212
1749258536,4.21500000,332.78000000,4.215
1749258536,4.21600000,593.33000000,4.215
1749258536,4.21700000,908.49000000,4.215
1749258536,4.21800000,2401.37000000,4.215
1749258536,4.21900000,3729.84000000,4.215
1749258536,4.22000000,2089.18000000,4.215
1749258536,4.22100000,2250.42000000,4.215
1749258536,4.22200000,4175.80000000,4.215
1749258536,4.22300000,1251.26000000,4.215
1749258536,4.22400000,1347.32000000,4.215
1749258536,4.22500000,485.17000000,4.215
1749258536,4.22600000,410.96000000,4.215
1749258536,4.22700000,2760.70000000,4.215
1749258536,4.22800000,466.42000000,4.215
1749258536,4.22900000,3351.70000000,4.215
1749258536,4.23000000,416.86000000,4.215
1749258536,4.23100000,58.86000000,4.215
1749258536,4.23200000,3770.10000000,4.215
1749258536,4.23300000,81.82000000,4.215
1749258536,4.23400000,332.68000000,4.215
1749258536,4.23500000,35.78000000,4.215
1749258536,4.23600000,482.78000000,4.215
1749258536,4.23700000,79.31000000,4.215
1749258536,4.23800000,383.63000000,4.215
1749258536,4.23900000,4.15000000,4.215
1749258536,4.24000000,30.33000000,4.215
1749258536,4.24100000,338.57000000,4.215
1749258536,4.24200000,1135.58000000,4.215
1749258536,4.24300000,2278.93000000,4.215
1749258536,4.24400000,105.51000000,4.215
1749258536,4.24500000,22.04000000,4.215
1749258536,4.24600000,548.23000000,4.215
1749258536,4.24700000,8.12000000,4.215
1749258536,4.24800000,32.00000000,4.215
1749258536,4.24900000,5.71000000,4.215
1749258536,4.25000000,241.85000000,4.215
1749258536,4.25100000,79.35000000,4.215
1749258536,4.25200000,673.56000000,4.215
1749258536,4.25300000,4.19000000,4.215
1749258536,4.25400000,15.66000000,4.215
1749258536,4.25500000,7.22000000,4.215
1749258536,4.25600000,4.82000000,4.215
1749258536,4.25700000,32.15000000,4.215
1749258536,4.25800000,54.81000000,4.215
1749258536,4.25900000,7.13000000,4.215
1749258536,4.26000000,31.63000000,4.215
1749258536,4.26100000,425.87000000,4.215
1749258536,4.26200000,2.39000000,4.215
1749258536,4.26300000,11.50000000,4.215
1749258536,4.26400000,10.52000000,4.215
1749258536,4.26500000,264.75000000,4.215
1749258536,4.26600000,142.27000000,4.215
1749258536,4.26700000,62.37000000,4.215
1749258536,4.26800000,2.39000000,4.215
1749258536,4.26900000,4.18000000,4.215
1749258536,4.27000000,3.78000000,4.215
1749258536,4.27100000,4.02000000,4.215
1749258536,4.27200000,145.38000000,4.215
1749258536,4.27300000,135.96000000,4.215
1749258536,4.27400000,1368.90000000,4.215
1749258536,4.27500000,4.96000000,4.215
1749258536,4.27600000,1246.57000000,4.215
1749258536,4.27700000,19.98000000,4.215
1749258536,4.27800000,525.10000000,4.215
1749258536,4.27900000,9.00000000,4.215
1749258536,4.28000000,9.25000000,4.215
1749258536,4.28100000,10.03000000,4.215
1749258536,4.28200000,143.68000000,4.215
1749258536,4.28300000,2.38000000,4.215
1749258536,4.28400000,2.38000000,4.215
1749258536,4.28500000,172.78000000,4.215
1749258536,4.28600000,2.38000000,4.215
1749258536,4.28700000,4.06000000,4.215
1749258536,4.28800000,2.38000000,4.215
1749258536,4.28900000,2.38000000,4.215
1749258536,4.29000000,137.52000000,4.215
1749258536,4.29100000,104.90000000,4.215
1749258536,4.29400000,26.85000000,4.215
1749258536,4.29500000,12.80000000,4.215
1749258536,4.29600000,2.61000000,4.215
1749258536,4.29700000,8.36000000,4.215
1749258536,4.29800000,1.40000000,4.215
1749258536,4.29900000,91.14000000,4.215
1749258536,4.30000000,3230.65000000,4.215
1749258536,4.30100000,97.37000000,4.215
1749258536,4.30400000,7.55000000,4.215
1749258536,4.30500000,42.77000000,4.215
1749258536,4.30700000,11.24000000,4.215
1749258536,4.30800000,33.49000000,4.215
1749258536,4.30900000,24.17000000,4.215
1749258536,4.31000000,470.81000000,4.215
1749258536,4.31100000,8.08000000,4.215
1749258536,4.31200000,115.01000000,4.215
1749258536,4.31300000,1.39000000,4.215
1749258536,4.31600000,10.79000000,4.215
1749258536,4.31700000,1.92000000,4.215
1749258536,4.31800000,4.18000000,4.215
1749258536,4.31900000,113.08000000,4.215
1749258536,4.32000000,10.00000000,4.215
1749258536,4.32100000,1.17000000,4.215
1749258851,4.22200000,230.63000000,4.223
1749258851,4.22300000,993.82000000,4.223
1749258851,4.22400000,2624.60000000,4.223
1749258851,4.22500000,1668.70000000,4.223
1749258851,4.22600000,2499.84000000,4.223
1749258851,4.22700000,2742.29000000,4.223
1749258851,4.22800000,2408.06000000,4.223
1749258851,4.22900000,2309.23000000,4.223
1749258851,4.23000000,929.92000000,4.223
1749258851,4.23100000,365.52000000,4.223
1749258851,4.23200000,521.77000000,4.223
1749258851,4.23300000,155.80000000,4.223
1749258851,4.23400000,5886.27000000,4.223
1749258851,4.23500000,90.24000000,4.223
1749258851,4.23600000,581.46000000,4.223
1749258851,4.23700000,51.34000000,4.223
1749258851,4.23800000,383.63000000,4.223
1749258851,4.23900000,368.75000000,4.223
1749258851,4.24000000,2.36000000,4.223
1749258851,4.24100000,3750.85000000,4.223
1749258851,4.24200000,68.48000000,4.223
1749258851,4.24300000,4.15000000,4.223
1749258851,4.24400000,77.54000000,4.223
1749258851,4.24500000,352.35000000,4.223
1749258851,4.24600000,8.74000000,4.223
1749258851,4.24700000,1153.22000000,4.223
1749258851,4.24800000,4.03000000,4.223
1749258851,4.24900000,1467.12000000,4.223
1749258851,4.25000000,241.85000000,4.223
1749258851,4.25100000,51.38000000,4.223
1749258851,4.25200000,2.40000000,4.223
1749258851,4.25300000,334.50000000,4.223
1749258851,4.25400000,1742.54000000,4.223
1749258851,4.25500000,540.90000000,4.223
1749258851,4.25600000,10.75000000,4.223
1749258851,4.25700000,4.18000000,4.223
1749258851,4.25800000,54.81000000,4.223
1749258851,4.25900000,7.13000000,4.223
1749258851,4.26000000,3.66000000,4.223
1749258851,4.26100000,583.00000000,4.223
1749258851,4.26200000,2.39000000,4.223
1749258851,4.26300000,19.21000000,4.223
1749258851,4.26400000,10.52000000,4.223
1749258851,4.26500000,264.75000000,4.223
1749258851,4.26600000,142.27000000,4.223
1749258851,4.26700000,197.29000000,4.223
1749258851,4.26800000,2.39000000,4.223
1749258851,4.26900000,4.18000000,4.223
1749258851,4.27000000,9.71000000,4.223
1749258851,4.27100000,141.21000000,4.223
1749258851,4.27200000,61.35000000,4.223
1749258851,4.27300000,135.96000000,4.223
1749258851,4.27400000,6.92000000,4.223
1749258851,4.27500000,4.96000000,4.223
1749258851,4.27600000,17.48000000,4.223
1749258851,4.27700000,25.90000000,4.223
1749258851,4.27800000,390.18000000,4.223
1749258851,4.27900000,141.41000000,4.223
1749258851,4.28000000,9.25000000,4.223
1749258851,4.28100000,10.03000000,4.223
1749258851,4.28200000,6.49000000,4.223
1749258851,4.28300000,2591.87000000,4.223
1749258851,4.28400000,8.30000000,4.223
1749258851,4.28500000,128.37000000,4.223
1749258851,4.28600000,2.38000000,4.223
1749258851,4.28700000,4.06000000,4.223
1749258851,4.28800000,2.38000000,4.223
1749258851,4.28900000,2.38000000,4.223
1749258851,4.29000000,5.11000000,4.223
1749258851,4.29100000,113.20000000,4.223
1749258851,4.29200000,2.38000000,4.223
1749258851,4.29300000,2.38000000,4.223
1749258851,4.29400000,29.23000000,4.223
1749258851,4.29500000,15.18000000,4.223
1749258851,4.29600000,49.40000000,4.223
1749258851,4.29700000,10.74000000,4.223
1749258851,4.29800000,1.40000000,4.223
1749258851,4.29900000,91.14000000,4.223
1749258851,4.30000000,3230.65000000,4.223
1749258851,4.30100000,97.37000000,4.223
1749258851,4.30400000,7.55000000,4.223
1749258851,4.30500000,42.77000000,4.223
1749258851,4.30700000,11.24000000,4.223
1749258851,4.30800000,33.49000000,4.223
1749258851,4.30900000,24.17000000,4.223
1749258851,4.31000000,470.81000000,4.223
1749258851,4.31100000,8.08000000,4.223
1749258851,4.31200000,115.01000000,4.223
1749258851,4.31300000,1.39000000,4.223
1749258851,4.31600000,10.79000000,4.223
1749258851,4.31700000,1.92000000,4.223
1749258851,4.31800000,4.18000000,4.223
1749258851,4.31900000,113.08000000,4.223
1749258851,4.32000000,10.00000000,4.223
1749258851,4.32100000,1.17000000,4.223
1749258851,4.32200000,7.27000000,4.223
1749258851,4.32300000,4.11000000,4.223
1749258851,4.32400000,28.92000000,4.223
1749258851,4.32500000,9.27000000,4.223
1749258851,4.32600000,2.52000000,4.223
1749259157,4.22300000,302.14000000,4.223
1749259157,4.22400000,673.55000000,4.223
1749259157,4.22500000,1303.13000000,4.223
1749259157,4.22600000,2414.14000000,4.223
1749259157,4.22700000,1556.63000000,4.223
1749259157,4.22800000,3423.12000000,4.223
1749259157,4.22900000,2888.95000000,4.223
1749259157,4.23000000,3191.20000000,4.223
1749259157,4.23100000,1871.50000000,4.223
1749259157,4.23200000,1950.20000000,4.223
1749259157,4.23300000,2398.89000000,4.223
1749259157,4.23400000,3844.52000000,4.223
1749259157,4.23500000,550.89000000,4.223
1749259157,4.23600000,110.40000000,4.223
1749259157,4.23700000,239.29000000,4.223
1749259157,4.23800000,337.89000000,4.223
1749259157,4.23900000,32.12000000,4.223
1749259157,4.24000000,30.35000000,4.223
1749259157,4.24100000,4287.43000000,4.223
1749259157,4.24200000,68.48000000,4.223
1749259157,4.24300000,396.25000000,4.223
1749259157,4.24400000,105.53000000,4.223
1749259157,4.24500000,398.09000000,4.223
1749259157,4.24600000,1162.75000000,4.223
1749259157,4.24700000,1240.30000000,4.223
1749259157,4.24800000,32.02000000,4.223
1749259157,4.24900000,341.95000000,4.223
1749259157,4.25000000,241.85000000,4.223
1749259157,4.25100000,51.38000000,4.223
1749259157,4.25200000,30.39000000,4.223
1749259157,4.25300000,334.50000000,4.223
1749259157,4.25400000,1071.66000000,4.223
1749259157,4.25500000,7.22000000,4.223
1749259157,4.25600000,10.75000000,4.223
1749259157,4.25700000,32.17000000,4.223
1749259157,4.25800000,54.81000000,4.223
1749259157,4.25900000,7.13000000,4.223
1749259157,4.26000000,31.66000000,4.223
1749259157,4.26100000,722.18000000,4.223
1749259157,4.26200000,675.06000000,4.223
1749259157,4.26300000,19.21000000,4.223
1749259157,4.26400000,10.52000000,4.223
1749259157,4.26500000,264.75000000,4.223
1749259157,4.26600000,142.27000000,4.223
1749259157,4.26700000,197.29000000,4.223
1749259157,4.26800000,523.50000000,4.223
1749259157,4.26900000,4.18000000,4.223
1749259157,4.27000000,9.71000000,4.223
1749259157,4.27100000,169.15000000,4.223
1749259157,4.27200000,51.88000000,4.223
1749259157,4.27300000,132.24000000,4.223
1749259157,4.27400000,6.92000000,4.223
1749259157,4.27500000,4.96000000,4.223
1749259157,4.27600000,17.48000000,4.223
1749259157,4.27700000,25.90000000,4.223
1749259157,4.27800000,2.39000000,4.223
1749259157,4.27900000,9.00000000,4.223
1749259157,4.28000000,1237.84000000,4.223
1749259157,4.28100000,10.03000000,4.223
1749259157,4.28200000,6.49000000,4.223
1749259157,4.28300000,1364.36000000,4.223
1749259157,4.28400000,8.30000000,4.223
1749259157,4.28500000,2.38000000,4.223
1749259157,4.28600000,2.38000000,4.223
1749259157,4.28700000,4.06000000,4.223
1749259157,4.28800000,2.38000000,4.223
1749259157,4.28900000,2.38000000,4.223
1749259157,4.29000000,5.11000000,4.223
1749259157,4.29100000,113.21000000,4.223
1749259157,4.29200000,2.38000000,4.223
1749259157,4.29300000,2.38000000,4.223
1749259157,4.29400000,29.23000000,4.223
1749259157,4.29500000,15.18000000,4.223
1749259157,4.29600000,49.40000000,4.223
1749259157,4.29700000,10.73000000,4.223
1749259157,4.29800000,9.69000000,4.223
1749259157,4.29900000,91.14000000,4.223
1749259157,4.30000000,3230.65000000,4.223
1749259157,4.30100000,97.37000000,4.223
1749259157,4.30400000,7.55000000,4.223
1749259157,4.30500000,42.77000000,4.223
1749259157,4.30700000,11.24000000,4.223
1749259157,4.30800000,33.49000000,4.223
1749259157,4.30900000,24.17000000,4.223
1749259157,4.31000000,470.81000000,4.223
1749259157,4.31100000,8.08000000,4.223
1749259157,4.31200000,115.01000000,4.223
1749259157,4.31300000,1.39000000,4.223
1749259157,4.31600000,10.79000000,4.223
1749259157,4.31700000,1.92000000,4.223
1749259157,4.31800000,4.18000000,4.223
1749259157,4.31900000,113.08000000,4.223
1749259157,4.32000000,10.00000000,4.223
1749259157,4.32100000,1.17000000,4.223
1749259157,4.32200000,7.27000000,4.223
1749259157,4.32300000,4.11000000,4.223
1749259157,4.32400000,28.92000000,4.223
1749259157,4.32500000,9.27000000,4.223
1749259157,4.32600000,2.52000000,4.223
1749259157,4.32700000,210.96000000,4.223
