timestamp,price,volume,current_price
1749260647,4.21600000,385.57000000,4.215
1749260647,4.21700000,860.24000000,4.215
1749260647,4.21800000,2778.79000000,4.215
1749260647,4.21900000,1543.57000000,4.215
1749260647,4.22000000,2983.99000000,4.215
1749260647,4.22100000,5385.19000000,4.215
1749260647,4.22200000,2135.69000000,4.215
1749260647,4.22300000,459.77000000,4.215
1749260647,4.22400000,569.46000000,4.215
1749260647,4.22500000,966.42000000,4.215
1749260647,4.22600000,2460.19000000,4.215
1749260647,4.22700000,705.19000000,4.215
1749260647,4.22800000,870.17000000,4.215
1749260647,4.22900000,127.86000000,4.215
1749260647,4.23000000,6525.67000000,4.215
1749260647,4.23100000,479.27000000,4.215
1749260647,4.23200000,409.18000000,4.215
1749260647,4.23300000,158.39000000,4.215
1749260647,4.23400000,873.14000000,4.215
1749260647,4.23500000,95.21000000,4.215
1749260647,4.23600000,120.98000000,4.215
1749260647,4.23700000,79.38000000,4.215
1749260647,4.23800000,626.83000000,4.215
1749260647,4.23900000,233.61000000,4.215
1749260647,4.24000000,76.13000000,4.215
1749260647,4.24100000,338.57000000,4.215
1749260647,4.24200000,1217.54000000,4.215
1749260647,4.24300000,2592.60000000,4.215
1749260647,4.24400000,204.11000000,4.215
1749260647,4.24500000,184.99000000,4.215
1749260647,4.24600000,169.18000000,4.215
1749260647,4.24700000,682.21000000,4.215
1749260647,4.24800000,32.06000000,4.215
1749260647,4.24900000,142.90000000,4.215
1749260647,4.25000000,412.20000000,4.215
1749260647,4.25100000,51.38000000,4.215
1749260647,4.25200000,2.40000000,4.215
1749260647,4.25300000,4.19000000,4.215
1749260647,4.25400000,15.66000000,4.215
1749260647,4.25500000,7.22000000,4.215
1749260647,4.25600000,4.82000000,4.215
1749260647,4.25700000,4.18000000,4.215
1749260647,4.25800000,54.81000000,4.215
1749260647,4.25900000,7.13000000,4.215
1749260647,4.26000000,3.66000000,4.215
1749260647,4.26100000,479.77000000,4.215
1749260647,4.26200000,128.38000000,4.215
1749260647,4.26300000,13.28000000,4.215
1749260647,4.26400000,10.52000000,4.215
1749260647,4.26500000,49.58000000,4.215
1749260647,4.26600000,15.70000000,4.215
1749260647,4.26700000,62.37000000,4.215
1749260647,4.26800000,2.39000000,4.215
1749260647,4.26900000,4.18000000,4.215
1749260647,4.27000000,3.78000000,4.215
1749260647,4.27100000,4.02000000,4.215
1749260647,4.27200000,51.88000000,4.215
1749260647,4.27300000,6.25000000,4.215
1749260647,4.27400000,1368.90000000,4.215
1749260647,4.27500000,4.96000000,4.215
1749260647,4.27600000,1246.75000000,4.215
1749260647,4.27700000,19.98000000,4.215
1749260647,4.27800000,2.39000000,4.215
1749260647,4.27900000,9.00000000,4.215
1749260647,4.28000000,9.25000000,4.215
1749260647,4.28100000,10.03000000,4.215
1749260647,4.28200000,6.49000000,4.215
1749260647,4.28300000,2.38000000,4.215
1749260647,4.28400000,2.38000000,4.215
1749260647,4.28500000,46.79000000,4.215
1749260647,4.28600000,2.38000000,4.215
1749260647,4.28700000,4.06000000,4.215
1749260647,4.28800000,2.38000000,4.215
1749260647,4.28900000,2.38000000,4.215
1749260647,4.29000000,5.11000000,4.215
1749260647,4.29100000,107.28000000,4.215
1749260647,4.29400000,26.85000000,4.215
1749260647,4.29500000,12.80000000,4.215
1749260647,4.29600000,2.61000000,4.215
1749260647,4.29700000,8.36000000,4.215
1749260647,4.29800000,1.40000000,4.215
1749260647,4.29900000,91.14000000,4.215
1749260647,4.30000000,3230.65000000,4.215
1749260647,4.30100000,97.37000000,4.215
1749260647,4.30400000,7.55000000,4.215
1749260647,4.30500000,42.77000000,4.215
1749260647,4.30700000,11.24000000,4.215
1749260647,4.30800000,33.49000000,4.215
1749260647,4.30900000,24.17000000,4.215
1749260647,4.31000000,470.81000000,4.215
1749260647,4.31100000,8.08000000,4.215
1749260647,4.31200000,115.01000000,4.215
1749260647,4.31300000,1.39000000,4.215
1749260647,4.31600000,10.79000000,4.215
1749260647,4.31700000,1.92000000,4.215
1749260647,4.31800000,4.18000000,4.215
1749260647,4.31900000,113.08000000,4.215
1749260647,4.32000000,10.00000000,4.215
1749260647,4.32100000,1.17000000,4.215
1749260647,4.32200000,7.27000000,4.215
1749260949,4.22700000,504.81000000,4.226
1749260949,4.22800000,2373.20000000,4.226
1749260949,4.22900000,2162.71000000,4.226
1749260949,4.23000000,2358.22000000,4.226
1749260949,4.23100000,2039.18000000,4.226
1749260949,4.23200000,4738.71000000,4.226
1749260949,4.23300000,2853.80000000,4.226
1749260949,4.23400000,2161.81000000,4.226
1749260949,4.23500000,1220.20000000,4.226
1749260949,4.23600000,599.73000000,4.226
1749260949,4.23700000,298.66000000,4.226
1749260949,4.23800000,339.67000000,4.226
1749260949,4.23900000,5.93000000,4.226
1749260949,4.24000000,629.69000000,4.226
1749260949,4.24100000,2866.51000000,4.226
1749260949,4.24200000,2700.52000000,4.226
1749260949,4.24300000,362.35000000,4.226
1749260949,4.24400000,3548.33000000,4.226
1749260949,4.24500000,352.35000000,4.226
1749260949,4.24600000,30.31000000,4.226
1749260949,4.24700000,409.30000000,4.226
1749260949,4.24800000,31.98000000,4.226
1749260949,4.24900000,596.95000000,4.226
1749260949,4.25000000,241.85000000,4.226
1749260949,4.25100000,166.41000000,4.226
1749260949,4.25200000,576.04000000,4.226
1749260949,4.25300000,1486.08000000,4.226
1749260949,4.25400000,291.02000000,4.226
1749260949,4.25500000,1361.87000000,4.226
1749260949,4.25600000,32.77000000,4.226
1749260949,4.25700000,334.49000000,4.226
1749260949,4.25800000,54.81000000,4.226
1749260949,4.25900000,35.08000000,4.226
1749260949,4.26000000,1283.70000000,4.226
1749260949,4.26100000,461.25000000,4.226
1749260949,4.26200000,702.80000000,4.226
1749260949,4.26300000,13.28000000,4.226
1749260949,4.26400000,38.47000000,4.226
1749260949,4.26500000,51.36000000,4.226
1749260949,4.26600000,170.22000000,4.226
1749260949,4.26700000,64.15000000,4.226
1749260949,4.26800000,269.72000000,4.226
1749260949,4.26900000,422.47000000,4.226
1749260949,4.27000000,31.68000000,4.226
1749260949,4.27100000,131.97000000,4.226
1749260949,4.27200000,51.88000000,4.226
1749260949,4.27300000,34.15000000,4.226
1749260949,4.27400000,132.91000000,4.226
1749260949,4.27500000,32.86000000,4.226
1749260949,4.27600000,23.80000000,4.226
1749260949,4.27700000,19.98000000,4.226
1749260949,4.27800000,2.39000000,4.226
1749260949,4.27900000,56.19000000,4.226
1749260949,4.28000000,9.25000000,4.226
1749260949,4.28100000,10.03000000,4.226
1749260949,4.28200000,6.49000000,4.226
1749260949,4.28300000,2.38000000,4.226
1749260949,4.28400000,2.38000000,4.226
1749260949,4.28500000,2.38000000,4.226
1749260949,4.28600000,49.57000000,4.226
1749260949,4.28700000,4.06000000,4.226
1749260949,4.28800000,2.38000000,4.226
1749260949,4.28900000,1227.56000000,4.226
1749260949,4.29000000,5.11000000,4.226
1749260949,4.29100000,8.76000000,4.226
1749260949,4.29200000,1364.36000000,4.226
1749260949,4.29300000,2.38000000,4.226
1749260949,4.29400000,29.23000000,4.226
1749260949,4.29500000,15.18000000,4.226
1749260949,4.29600000,49.40000000,4.226
1749260949,4.29700000,10.73000000,4.226
1749260949,4.29800000,3.77000000,4.226
1749260949,4.29900000,93.51000000,4.226
1749260949,4.30000000,3233.02000000,4.226
1749260949,4.30100000,99.74000000,4.226
1749260949,4.30200000,100.89000000,4.226
1749260949,4.30400000,7.55000000,4.226
1749260949,4.30500000,42.77000000,4.226
1749260949,4.30700000,11.24000000,4.226
1749260949,4.30800000,33.49000000,4.226
1749260949,4.30900000,24.17000000,4.226
1749260949,4.31000000,470.81000000,4.226
1749260949,4.31100000,8.08000000,4.226
1749260949,4.31200000,5.24000000,4.226
1749260949,4.31300000,1.39000000,4.226
1749260949,4.31600000,10.79000000,4.226
1749260949,4.31700000,1.92000000,4.226
1749260949,4.31800000,4.18000000,4.226
1749260949,4.31900000,113.08000000,4.226
1749260949,4.32000000,10.00000000,4.226
1749260949,4.32100000,1.17000000,4.226
1749260949,4.32200000,7.27000000,4.226
1749260949,4.32300000,113.88000000,4.226
1749260949,4.32400000,28.92000000,4.226
1749260949,4.32500000,9.27000000,4.226
1749260949,4.32600000,2.52000000,4.226
1749260949,4.32700000,93.25000000,4.226
1749260949,4.32800000,3.04000000,4.226
1749260949,4.32900000,14.40000000,4.226
1749260949,4.33000000,1.25000000,4.226
1749261250,4.22400000,269.66000000,4.224
1749261250,4.22500000,1330.15000000,4.224
1749261250,4.22600000,988.30000000,4.224
1749261250,4.22700000,2145.44000000,4.224
1749261250,4.22800000,3581.83000000,4.224
1749261250,4.22900000,2521.96000000,4.224
1749261250,4.23000000,3324.87000000,4.224
1749261250,4.23100000,2592.21000000,4.224
1749261250,4.23200000,2252.39000000,4.224
1749261250,4.23300000,1146.54000000,4.224
1749261250,4.23400000,1276.87000000,4.224
1749261250,4.23500000,204.41000000,4.224
1749261250,4.23600000,5043.55000000,4.224
1749261250,4.23700000,631.57000000,4.224
1749261250,4.23800000,339.67000000,4.224
1749261250,4.23900000,33.84000000,4.224
1749261250,4.24000000,629.69000000,4.224
1749261250,4.24100000,458.67000000,4.224
1749261250,4.24200000,2.36000000,4.224
1749261250,4.24300000,723.91000000,4.224
1749261250,4.24400000,4080.08000000,4.224
1749261250,4.24500000,352.35000000,4.224
1749261250,4.24600000,30.31000000,4.224
1749261250,4.24700000,39.65000000,4.224
1749261250,4.24800000,31.98000000,4.224
1749261250,4.24900000,596.95000000,4.224
1749261250,4.25000000,1366.39000000,4.224
1749261250,4.25100000,166.41000000,4.224
1749261250,4.25200000,48.14000000,4.224
1749261250,4.25300000,362.45000000,4.224
1749261250,4.25400000,291.02000000,4.224
1749261250,4.25500000,1361.87000000,4.224
1749261250,4.25600000,32.77000000,4.224
1749261250,4.25700000,466.90000000,4.224
1749261250,4.25800000,54.81000000,4.224
1749261250,4.25900000,424.60000000,4.224
1749261250,4.26000000,1283.70000000,4.224
1749261250,4.26100000,461.25000000,4.224
1749261250,4.26200000,702.80000000,4.224
1749261250,4.26300000,13.28000000,4.224
1749261250,4.26400000,38.47000000,4.224
1749261250,4.26500000,51.36000000,4.224
1749261250,4.26600000,170.22000000,4.224
1749261250,4.26700000,64.15000000,4.224
1749261250,4.26800000,137.31000000,4.224
1749261250,4.26900000,33.86000000,4.224
1749261250,4.27000000,31.68000000,4.224
1749261250,4.27100000,131.97000000,4.224
1749261250,4.27200000,51.88000000,4.224
1749261250,4.27300000,34.15000000,4.224
1749261250,4.27400000,132.91000000,4.224
1749261250,4.27500000,32.86000000,4.224
1749261250,4.27600000,23.80000000,4.224
1749261250,4.27700000,19.98000000,4.224
1749261250,4.27800000,2.39000000,4.224
1749261250,4.27900000,56.19000000,4.224
1749261250,4.28000000,9.25000000,4.224
1749261250,4.28100000,10.03000000,4.224
1749261250,4.28200000,6.49000000,4.224
1749261250,4.28300000,2.38000000,4.224
1749261250,4.28400000,2.38000000,4.224
1749261250,4.28500000,1229.17000000,4.224
1749261250,4.28600000,49.57000000,4.224
1749261250,4.28700000,4.06000000,4.224
1749261250,4.28800000,2.38000000,4.224
1749261250,4.28900000,2.38000000,4.224
1749261250,4.29000000,5.11000000,4.224
1749261250,4.29100000,8.76000000,4.224
1749261250,4.29200000,1364.36000000,4.224
1749261250,4.29300000,2.38000000,4.224
1749261250,4.29400000,29.23000000,4.224
1749261250,4.29500000,15.18000000,4.224
1749261250,4.29600000,49.40000000,4.224
1749261250,4.29700000,10.73000000,4.224
1749261250,4.29800000,3.77000000,4.224
1749261250,4.29900000,93.51000000,4.224
1749261250,4.30000000,3230.65000000,4.224
1749261250,4.30100000,97.37000000,4.224
1749261250,4.30200000,98.52000000,4.224
1749261250,4.30400000,7.55000000,4.224
1749261250,4.30500000,42.77000000,4.224
1749261250,4.30700000,11.24000000,4.224
1749261250,4.30800000,33.49000000,4.224
1749261250,4.30900000,24.17000000,4.224
1749261250,4.31000000,470.81000000,4.224
1749261250,4.31100000,8.08000000,4.224
1749261250,4.31200000,5.24000000,4.224
1749261250,4.31300000,1.39000000,4.224
1749261250,4.31600000,10.79000000,4.224
1749261250,4.31700000,1.92000000,4.224
1749261250,4.31800000,4.18000000,4.224
1749261250,4.31900000,113.08000000,4.224
1749261250,4.32000000,10.00000000,4.224
1749261250,4.32100000,1.17000000,4.224
1749261250,4.32200000,7.27000000,4.224
1749261250,4.32300000,113.88000000,4.224
1749261250,4.32400000,28.92000000,4.224
1749261250,4.32500000,9.27000000,4.224
1749261250,4.32600000,2.52000000,4.224
1749261250,4.32700000,93.25000000,4.224
1749261552,4.22600000,157.55000000,4.226
1749261552,4.22700000,528.74000000,4.226
1749261552,4.22800000,1342.46000000,4.226
1749261552,4.22900000,2109.48000000,4.226
1749261552,4.23000000,1633.70000000,4.226
1749261552,4.23100000,3408.40000000,4.226
1749261552,4.23200000,4396.00000000,4.226
1749261552,4.23300000,2719.14000000,4.226
1749261552,4.23400000,2069.97000000,4.226
1749261552,4.23500000,1783.67000000,4.226
1749261552,4.23600000,2622.09000000,4.226
1749261552,4.23700000,171.44000000,4.226
1749261552,4.23800000,339.67000000,4.226
1749261552,4.23900000,29.58000000,4.226
1749261552,4.24000000,1089.46000000,4.226
1749261552,4.24100000,3133.21000000,4.226
1749261552,4.24200000,30.28000000,4.226
1749261552,4.24300000,696.02000000,4.226
1749261552,4.24400000,3520.38000000,4.226
1749261552,4.24500000,352.35000000,4.226
1749261552,4.24600000,30.28000000,4.226
1749261552,4.24700000,39.65000000,4.226
1749261552,4.24800000,560.81000000,4.226
1749261552,4.24900000,596.95000000,4.226
1749261552,4.25000000,251.32000000,4.226
1749261552,4.25100000,138.46000000,4.226
1749261552,4.25200000,76.06000000,4.226
1749261552,4.25300000,1458.55000000,4.226
1749261552,4.25400000,291.02000000,4.226
1749261552,4.25500000,1488.44000000,4.226
1749261552,4.25600000,32.74000000,4.226
1749261552,4.25700000,466.90000000,4.226
1749261552,4.25800000,82.73000000,4.226
1749261552,4.25900000,396.65000000,4.226
1749261552,4.26000000,1381.92000000,4.226
1749261552,4.26100000,479.70000000,4.226
1749261552,4.26200000,702.80000000,4.226
1749261552,4.26300000,13.28000000,4.226
1749261552,4.26400000,38.44000000,4.226
1749261552,4.26500000,51.36000000,4.226
1749261552,4.26600000,43.62000000,4.226
1749261552,4.26700000,64.15000000,4.226
1749261552,4.26800000,137.31000000,4.226
1749261552,4.26900000,5.96000000,4.226
1749261552,4.27000000,31.70000000,4.226
1749261552,4.27100000,5.80000000,4.226
1749261552,4.27200000,51.88000000,4.226
1749261552,4.27300000,34.17000000,4.226
1749261552,4.27400000,132.91000000,4.226
1749261552,4.27500000,4.96000000,4.226
1749261552,4.27600000,23.80000000,4.226
1749261552,4.27700000,19.98000000,4.226
1749261552,4.27800000,2.39000000,4.226
1749261552,4.27900000,56.19000000,4.226
1749261552,4.28000000,9.25000000,4.226
1749261552,4.28100000,10.03000000,4.226
1749261552,4.28200000,6.49000000,4.226
1749261552,4.28300000,2.38000000,4.226
1749261552,4.28400000,2.38000000,4.226
1749261552,4.28500000,2.38000000,4.226
1749261552,4.28600000,49.57000000,4.226
1749261552,4.28700000,1230.32000000,4.226
1749261552,4.28800000,2.38000000,4.226
1749261552,4.28900000,2.38000000,4.226
1749261552,4.29000000,5.11000000,4.226
1749261552,4.29100000,8.76000000,4.226
1749261552,4.29200000,1364.36000000,4.226
1749261552,4.29300000,2.38000000,4.226
1749261552,4.29400000,29.23000000,4.226
1749261552,4.29500000,15.18000000,4.226
1749261552,4.29600000,49.40000000,4.226
1749261552,4.29700000,10.73000000,4.226
1749261552,4.29800000,3.77000000,4.226
1749261552,4.29900000,93.51000000,4.226
1749261552,4.30000000,3233.02000000,4.226
1749261552,4.30100000,99.74000000,4.226
1749261552,4.30200000,98.52000000,4.226
1749261552,4.30400000,7.55000000,4.226
1749261552,4.30500000,42.77000000,4.226
1749261552,4.30700000,11.24000000,4.226
1749261552,4.30800000,33.49000000,4.226
1749261552,4.30900000,24.17000000,4.226
1749261552,4.31000000,470.81000000,4.226
1749261552,4.31100000,8.08000000,4.226
1749261552,4.31200000,5.24000000,4.226
1749261552,4.31300000,1.39000000,4.226
1749261552,4.31600000,10.79000000,4.226
1749261552,4.31700000,1.92000000,4.226
1749261552,4.31800000,4.18000000,4.226
1749261552,4.31900000,113.08000000,4.226
1749261552,4.32000000,10.00000000,4.226
1749261552,4.32100000,1.17000000,4.226
1749261552,4.32200000,7.27000000,4.226
1749261552,4.32300000,113.88000000,4.226
1749261552,4.32400000,28.92000000,4.226
1749261552,4.32500000,9.27000000,4.226
1749261552,4.32600000,2.52000000,4.226
1749261552,4.32700000,93.25000000,4.226
1749261552,4.32800000,3.04000000,4.226
1749261552,4.32900000,14.40000000,4.226
1749261853,4.22700000,471.75000000,4.227
1749261853,4.22800000,1496.75000000,4.227
1749261853,4.22900000,1004.21000000,4.227
1749261853,4.23000000,2420.84000000,4.227
1749261853,4.23100000,3123.56000000,4.227
1749261853,4.23200000,2253.80000000,4.227
1749261853,4.23300000,2757.01000000,4.227
1749261853,4.23400000,3824.12000000,4.227
1749261853,4.23500000,3183.87000000,4.227
1749261853,4.23600000,2622.09000000,4.227
1749261853,4.23700000,571.02000000,4.227
1749261853,4.23800000,677.10000000,4.227
1749261853,4.23900000,29.58000000,4.227
1749261853,4.24000000,1061.71000000,4.227
1749261853,4.24100000,3133.21000000,4.227
1749261853,4.24200000,2.36000000,4.227
1749261853,4.24300000,334.46000000,4.227
1749261853,4.24400000,3520.38000000,4.227
1749261853,4.24500000,352.35000000,4.227
1749261853,4.24600000,134.77000000,4.227
1749261853,4.24700000,406.29000000,4.227
1749261853,4.24800000,532.89000000,4.227
1749261853,4.24900000,347.04000000,4.227
1749261853,4.25000000,251.32000000,4.227
1749261853,4.25100000,138.46000000,4.227
1749261853,4.25200000,48.14000000,4.227
1749261853,4.25300000,334.50000000,4.227
1749261853,4.25400000,1414.73000000,4.227
1749261853,4.25500000,1488.44000000,4.227
1749261853,4.25600000,4.82000000,4.227
1749261853,4.25700000,469.41000000,4.227
1749261853,4.25800000,54.81000000,4.227
1749261853,4.25900000,396.65000000,4.227
1749261853,4.26000000,1370.90000000,4.227
1749261853,4.26100000,451.78000000,4.227
1749261853,4.26200000,702.80000000,4.227
1749261853,4.26300000,139.27000000,4.227
1749261853,4.26400000,10.52000000,4.227
1749261853,4.26500000,51.36000000,4.227
1749261853,4.26600000,15.70000000,4.227
1749261853,4.26700000,64.15000000,4.227
1749261853,4.26800000,2.39000000,4.227
1749261853,4.26900000,5.96000000,4.227
1749261853,4.27000000,3.78000000,4.227
1749261853,4.27100000,5.80000000,4.227
1749261853,4.27200000,51.88000000,4.227
1749261853,4.27300000,6.25000000,4.227
1749261853,4.27400000,6.92000000,4.227
1749261853,4.27500000,4.96000000,4.227
1749261853,4.27600000,23.80000000,4.227
1749261853,4.27700000,19.98000000,4.227
1749261853,4.27800000,2.39000000,4.227
1749261853,4.27900000,56.19000000,4.227
1749261853,4.28000000,9.25000000,4.227
1749261853,4.28100000,10.03000000,4.227
1749261853,4.28200000,6.49000000,4.227
1749261853,4.28300000,2.38000000,4.227
1749261853,4.28400000,2.38000000,4.227
1749261853,4.28500000,2.38000000,4.227
1749261853,4.28600000,49.57000000,4.227
1749261853,4.28700000,1229.96000000,4.227
1749261853,4.28800000,2.38000000,4.227
1749261853,4.28900000,2.38000000,4.227
1749261853,4.29000000,5.11000000,4.227
1749261853,4.29100000,8.76000000,4.227
1749261853,4.29200000,1364.36000000,4.227
1749261853,4.29300000,2.38000000,4.227
1749261853,4.29400000,29.23000000,4.227
1749261853,4.29500000,15.18000000,4.227
1749261853,4.29600000,49.40000000,4.227
1749261853,4.29700000,10.73000000,4.227
1749261853,4.29800000,3.77000000,4.227
1749261853,4.29900000,93.51000000,4.227
1749261853,4.30000000,3233.02000000,4.227
1749261853,4.30100000,99.74000000,4.227
1749261853,4.30200000,100.89000000,4.227
1749261853,4.30400000,7.55000000,4.227
1749261853,4.30500000,42.77000000,4.227
1749261853,4.30700000,11.24000000,4.227
1749261853,4.30800000,33.49000000,4.227
1749261853,4.30900000,24.17000000,4.227
1749261853,4.31000000,470.81000000,4.227
1749261853,4.31100000,8.08000000,4.227
1749261853,4.31200000,5.24000000,4.227
1749261853,4.31300000,1.39000000,4.227
1749261853,4.31600000,10.79000000,4.227
1749261853,4.31700000,1.92000000,4.227
1749261853,4.31800000,4.18000000,4.227
1749261853,4.31900000,113.08000000,4.227
1749261853,4.32000000,10.00000000,4.227
1749261853,4.32100000,1.17000000,4.227
1749261853,4.32200000,7.27000000,4.227
1749261853,4.32300000,113.88000000,4.227
1749261853,4.32400000,28.92000000,4.227
1749261853,4.32500000,9.27000000,4.227
1749261853,4.32600000,2.52000000,4.227
1749261853,4.32700000,93.25000000,4.227
1749261853,4.32800000,3.04000000,4.227
1749261853,4.32900000,14.40000000,4.227
1749261853,4.33000000,1.25000000,4.227
1749262155,4.22500000,185.24000000,4.224
1749262155,4.22600000,1051.46000000,4.224
1749262155,4.22700000,1986.66000000,4.224
1749262155,4.22800000,2409.57000000,4.224
1749262155,4.22900000,2835.91000000,4.224
1749262155,4.23000000,3241.96000000,4.224
1749262155,4.23100000,2851.23000000,4.224
1749262155,4.23200000,2928.08000000,4.224
1749262155,4.23300000,998.79000000,4.224
1749262155,4.23400000,1276.80000000,4.224
1749262155,4.23500000,371.12000000,4.224
1749262155,4.23600000,2441.58000000,4.224
1749262155,4.23700000,247.94000000,4.224
1749262155,4.23800000,1060.62000000,4.224
1749262155,4.23900000,66.98000000,4.224
1749262155,4.24000000,629.72000000,4.224
1749262155,4.24100000,3133.21000000,4.224
1749262155,4.24200000,30.29000000,4.224
1749262155,4.24300000,696.87000000,4.224
1749262155,4.24400000,3646.95000000,4.224
1749262155,4.24500000,883.11000000,4.224
1749262155,4.24600000,134.77000000,4.224
1749262155,4.24700000,39.65000000,4.224
1749262155,4.24800000,31.96000000,4.224
1749262155,4.24900000,347.04000000,4.224
1749262155,4.25000000,269.78000000,4.224
1749262155,4.25100000,138.46000000,4.224
1749262155,4.25200000,1326.29000000,4.224
1749262155,4.25300000,334.50000000,4.224
1749262155,4.25400000,318.95000000,4.224
1749262155,4.25500000,1361.87000000,4.224
1749262155,4.25600000,32.75000000,4.224
1749262155,4.25700000,469.41000000,4.224
1749262155,4.25800000,82.74000000,4.224
1749262155,4.25900000,396.65000000,4.224
1749262155,4.26000000,1370.90000000,4.224
1749262155,4.26100000,479.71000000,4.224
1749262155,4.26200000,702.80000000,4.224
1749262155,4.26300000,13.28000000,4.224
1749262155,4.26400000,38.45000000,4.224
1749262155,4.26500000,51.36000000,4.224
1749262155,4.26600000,43.63000000,4.224
1749262155,4.26700000,64.15000000,4.224
1749262155,4.26800000,2.39000000,4.224
1749262155,4.26900000,5.96000000,4.224
1749262155,4.27000000,3.78000000,4.224
1749262155,4.27100000,5.80000000,4.224
1749262155,4.27200000,51.88000000,4.224
1749262155,4.27300000,6.25000000,4.224
1749262155,4.27400000,6.92000000,4.224
1749262155,4.27500000,4.96000000,4.224
1749262155,4.27600000,23.80000000,4.224
1749262155,4.27700000,19.98000000,4.224
1749262155,4.27800000,2.39000000,4.224
1749262155,4.27900000,56.19000000,4.224
1749262155,4.28000000,9.25000000,4.224
1749262155,4.28100000,10.03000000,4.224
1749262155,4.28200000,6.49000000,4.224
1749262155,4.28300000,2.38000000,4.224
1749262155,4.28400000,2.38000000,4.224
1749262155,4.28500000,2.38000000,4.224
1749262155,4.28600000,1276.05000000,4.224
1749262155,4.28700000,4.06000000,4.224
1749262155,4.28800000,2.38000000,4.224
1749262155,4.28900000,2.38000000,4.224
1749262155,4.29000000,5.11000000,4.224
1749262155,4.29100000,8.76000000,4.224
1749262155,4.29200000,1364.36000000,4.224
1749262155,4.29300000,2.38000000,4.224
1749262155,4.29400000,29.23000000,4.224
1749262155,4.29500000,15.18000000,4.224
1749262155,4.29600000,49.40000000,4.224
1749262155,4.29700000,10.73000000,4.224
1749262155,4.29800000,3.77000000,4.224
1749262155,4.29900000,93.51000000,4.224
1749262155,4.30000000,3233.02000000,4.224
1749262155,4.30100000,97.37000000,4.224
1749262155,4.30200000,98.52000000,4.224
1749262155,4.30400000,7.55000000,4.224
1749262155,4.30500000,42.77000000,4.224
1749262155,4.30700000,11.24000000,4.224
1749262155,4.30800000,33.49000000,4.224
1749262155,4.30900000,24.17000000,4.224
1749262155,4.31000000,470.81000000,4.224
1749262155,4.31100000,8.08000000,4.224
1749262155,4.31200000,5.24000000,4.224
1749262155,4.31300000,1.39000000,4.224
1749262155,4.31600000,10.79000000,4.224
1749262155,4.31700000,1.92000000,4.224
1749262155,4.31800000,4.18000000,4.224
1749262155,4.31900000,113.08000000,4.224
1749262155,4.32000000,10.00000000,4.224
1749262155,4.32100000,1.17000000,4.224
1749262155,4.32200000,7.27000000,4.224
1749262155,4.32300000,113.88000000,4.224
1749262155,4.32400000,28.92000000,4.224
1749262155,4.32500000,9.27000000,4.224
1749262155,4.32600000,2.52000000,4.224
1749262155,4.32700000,93.25000000,4.224
1749262155,4.32800000,3.04000000,4.224
1749262456,4.23700000,242.63000000,4.237
1749262456,4.23800000,1826.42000000,4.237
1749262456,4.23900000,2747.55000000,4.237
1749262456,4.24000000,2999.29000000,4.237
1749262456,4.24100000,2640.22000000,4.237
1749262456,4.24200000,3291.19000000,4.237
1749262456,4.24300000,1735.08000000,4.237
1749262456,4.24400000,1124.00000000,4.237
1749262456,4.24500000,895.79000000,4.237
1749262456,4.24600000,869.31000000,4.237
1749262456,4.24700000,195.36000000,4.237
1749262456,4.24800000,2034.60000000,4.237
1749262456,4.24900000,370.62000000,4.237
1749262456,4.25000000,489.99000000,4.237
1749262456,4.25100000,6196.75000000,4.237
1749262456,4.25200000,48.14000000,4.237
1749262456,4.25300000,334.50000000,4.237
1749262456,4.25400000,291.02000000,4.237
1749262456,4.25500000,500.51000000,4.237
1749262456,4.25600000,4.82000000,4.237
1749262456,4.25700000,469.41000000,4.237
1749262456,4.25800000,86.34000000,4.237
1749262456,4.25900000,726.96000000,4.237
1749262456,4.26000000,1370.90000000,4.237
1749262456,4.26100000,1097.82000000,4.237
1749262456,4.26200000,117.46000000,4.237
1749262456,4.26300000,1260.86000000,4.237
1749262456,4.26400000,10.52000000,4.237
1749262456,4.26500000,381.67000000,4.237
1749262456,4.26600000,15.70000000,4.237
1749262456,4.26700000,1121.64000000,4.237
1749262456,4.26800000,2.39000000,4.237
1749262456,4.26900000,336.27000000,4.237
1749262456,4.27000000,680.17000000,4.237
1749262456,4.27100000,5.80000000,4.237
1749262456,4.27200000,51.88000000,4.237
1749262456,4.27300000,8.03000000,4.237
1749262456,4.27400000,6.92000000,4.237
1749262456,4.27500000,6.74000000,4.237
1749262456,4.27600000,23.80000000,4.237
1749262456,4.27700000,445.24000000,4.237
1749262456,4.27800000,2.39000000,4.237
1749262456,4.27900000,56.19000000,4.237
1749262456,4.28000000,9.25000000,4.237
1749262456,4.28100000,10.03000000,4.237
1749262456,4.28200000,6.49000000,4.237
1749262456,4.28300000,2.38000000,4.237
1749262456,4.28400000,2.38000000,4.237
1749262456,4.28500000,2.38000000,4.237
1749262456,4.28600000,49.57000000,4.237
1749262456,4.28700000,4.06000000,4.237
1749262456,4.28800000,2.38000000,4.237
1749262456,4.28900000,2.38000000,4.237
1749262456,4.29000000,52.30000000,4.237
1749262456,4.29100000,8.76000000,4.237
1749262456,4.29200000,2.38000000,4.237
1749262456,4.29300000,2.38000000,4.237
1749262456,4.29400000,29.23000000,4.237
1749262456,4.29500000,15.18000000,4.237
1749262456,4.29600000,4.99000000,4.237
1749262456,4.29700000,1233.82000000,4.237
1749262456,4.29800000,3.77000000,4.237
1749262456,4.29900000,93.51000000,4.237
1749262456,4.30000000,3233.02000000,4.237
1749262456,4.30100000,1461.72000000,4.237
1749262456,4.30200000,100.89000000,4.237
1749262456,4.30300000,2.37000000,4.237
1749262456,4.30400000,9.92000000,4.237
1749262456,4.30500000,45.14000000,4.237
1749262456,4.30600000,2.37000000,4.237
1749262456,4.30700000,58.02000000,4.237
1749262456,4.30800000,35.86000000,4.237
1749262456,4.30900000,26.54000000,4.237
1749262456,4.31000000,473.18000000,4.237
1749262456,4.31100000,10.45000000,4.237
1749262456,4.31200000,7.61000000,4.237
1749262456,4.31300000,1.39000000,4.237
1749262456,4.31600000,10.79000000,4.237
1749262456,4.31700000,1.92000000,4.237
1749262456,4.31800000,4.18000000,4.237
1749262456,4.31900000,113.08000000,4.237
1749262456,4.32000000,10.00000000,4.237
1749262456,4.32100000,1.17000000,4.237
1749262456,4.32200000,7.27000000,4.237
1749262456,4.32300000,113.88000000,4.237
1749262456,4.32400000,28.92000000,4.237
1749262456,4.32500000,9.27000000,4.237
1749262456,4.32600000,2.52000000,4.237
1749262456,4.32700000,93.25000000,4.237
1749262456,4.32800000,3.04000000,4.237
1749262456,4.32900000,14.40000000,4.237
1749262456,4.33000000,1.25000000,4.237
1749262456,4.33200000,3.20000000,4.237
1749262456,4.33300000,8.52000000,4.237
1749262456,4.33400000,8.30000000,4.237
1749262456,4.33700000,6.95000000,4.237
1749262456,4.33800000,17.29000000,4.237
1749262456,4.33900000,10.00000000,4.237
1749262456,4.34000000,34.57000000,4.237
1749262456,4.34100000,24.36000000,4.237
1749262758,4.23900000,241.55000000,4.239
1749262758,4.24000000,745.68000000,4.239
1749262758,4.24100000,2051.83000000,4.239
1749262758,4.24200000,1978.17000000,4.239
1749262758,4.24300000,1778.92000000,4.239
1749262758,4.24400000,1838.69000000,4.239
1749262758,4.24500000,5362.57000000,4.239
1749262758,4.24600000,3428.43000000,4.239
1749262758,4.24700000,1926.67000000,4.239
1749262758,4.24800000,398.81000000,4.239
1749262758,4.24900000,523.25000000,4.239
1749262758,4.25000000,93.80000000,4.239
1749262758,4.25100000,3058.00000000,4.239
1749262758,4.25200000,2041.13000000,4.239
1749262758,4.25300000,1390.60000000,4.239
1749262758,4.25400000,43.48000000,4.239
1749262758,4.25500000,30.78000000,4.239
1749262758,4.25600000,32.66000000,4.239
1749262758,4.25700000,466.90000000,4.239
1749262758,4.25800000,3557.17000000,4.239
1749262758,4.25900000,709.31000000,4.239
1749262758,4.26000000,42.52000000,4.239
1749262758,4.26100000,600.21000000,4.239
1749262758,4.26200000,117.46000000,4.239
1749262758,4.26300000,921.08000000,4.239
1749262758,4.26400000,38.36000000,4.239
1749262758,4.26500000,596.84000000,4.239
1749262758,4.26600000,170.11000000,4.239
1749262758,4.26700000,2242.21000000,4.239
1749262758,4.26800000,165.15000000,4.239
1749262758,4.26900000,336.27000000,4.239
1749262758,4.27000000,1244.85000000,4.239
1749262758,4.27100000,131.97000000,4.239
1749262758,4.27200000,51.88000000,4.239
1749262758,4.27300000,35.87000000,4.239
1749262758,4.27400000,160.75000000,4.239
1749262758,4.27500000,394.80000000,4.239
1749262758,4.27600000,51.64000000,4.239
1749262758,4.27700000,445.24000000,4.239
1749262758,4.27800000,696.67000000,4.239
1749262758,4.27900000,82.09000000,4.239
1749262758,4.28000000,9.25000000,4.239
1749262758,4.28100000,11.80000000,4.239
1749262758,4.28200000,6.49000000,4.239
1749262758,4.28300000,2.38000000,4.239
1749262758,4.28400000,2.38000000,4.239
1749262758,4.28500000,2.38000000,4.239
1749262758,4.28600000,49.57000000,4.239
1749262758,4.28700000,4.06000000,4.239
1749262758,4.28800000,2.38000000,4.239
1749262758,4.28900000,2.38000000,4.239
1749262758,4.29000000,52.30000000,4.239
1749262758,4.29100000,8.76000000,4.239
1749262758,4.29200000,2.38000000,4.239
1749262758,4.29300000,2.38000000,4.239
1749262758,4.29400000,29.23000000,4.239
1749262758,4.29500000,15.18000000,4.239
1749262758,4.29600000,4.99000000,4.239
1749262758,4.29700000,57.92000000,4.239
1749262758,4.29800000,3.77000000,4.239
1749262758,4.29900000,93.51000000,4.239
1749262758,4.30000000,4455.15000000,4.239
1749262758,4.30100000,1461.72000000,4.239
1749262758,4.30200000,100.89000000,4.239
1749262758,4.30300000,2.37000000,4.239
1749262758,4.30400000,9.92000000,4.239
1749262758,4.30500000,45.14000000,4.239
1749262758,4.30600000,2.37000000,4.239
1749262758,4.30700000,58.02000000,4.239
1749262758,4.30800000,35.86000000,4.239
1749262758,4.30900000,26.54000000,4.239
1749262758,4.31000000,473.18000000,4.239
1749262758,4.31100000,10.45000000,4.239
1749262758,4.31200000,7.61000000,4.239
1749262758,4.31300000,3.76000000,4.239
1749262758,4.31400000,2.36000000,4.239
1749262758,4.31600000,10.79000000,4.239
1749262758,4.31700000,1.92000000,4.239
1749262758,4.31800000,4.18000000,4.239
1749262758,4.31900000,113.08000000,4.239
1749262758,4.32000000,10.00000000,4.239
1749262758,4.32100000,1.17000000,4.239
1749262758,4.32200000,7.27000000,4.239
1749262758,4.32300000,113.88000000,4.239
1749262758,4.32400000,28.92000000,4.239
1749262758,4.32500000,9.27000000,4.239
1749262758,4.32600000,2.52000000,4.239
1749262758,4.32700000,93.25000000,4.239
1749262758,4.32800000,3.04000000,4.239
1749262758,4.32900000,14.40000000,4.239
1749262758,4.33000000,1.25000000,4.239
1749262758,4.33200000,3.20000000,4.239
1749262758,4.33300000,8.52000000,4.239
1749262758,4.33400000,8.30000000,4.239
1749262758,4.33700000,6.95000000,4.239
1749262758,4.33800000,17.29000000,4.239
1749262758,4.33900000,10.00000000,4.239
1749262758,4.34000000,34.57000000,4.239
1749262758,4.34100000,24.36000000,4.239
1749262758,4.34200000,75.23000000,4.239
1749263059,4.23800000,116.41000000,4.238
1749263059,4.23900000,707.19000000,4.238
1749263059,4.24000000,874.50000000,4.238
1749263059,4.24100000,2701.37000000,4.238
1749263059,4.24200000,2237.65000000,4.238
1749263059,4.24300000,2278.53000000,4.238
1749263059,4.24400000,2096.62000000,4.238
1749263059,4.24500000,3958.52000000,4.238
1749263059,4.24600000,2751.67000000,4.238
1749263059,4.24700000,733.75000000,4.238
1749263059,4.24800000,834.32000000,4.238
1749263059,4.24900000,2442.76000000,4.238
1749263059,4.25000000,33.10000000,4.238
1749263059,4.25100000,407.04000000,4.238
1749263059,4.25200000,2786.57000000,4.238
1749263059,4.25300000,792.82000000,4.238
1749263059,4.25400000,15.66000000,4.238
1749263059,4.25500000,373.05000000,4.238
1749263059,4.25600000,4.82000000,4.238
1749263059,4.25700000,466.90000000,4.238
1749263059,4.25800000,3537.77000000,4.238
1749263059,4.25900000,337.44000000,4.238
1749263059,4.26000000,14.68000000,4.238
1749263059,4.26100000,600.21000000,4.238
1749263059,4.26200000,117.46000000,4.238
1749263059,4.26300000,403.78000000,4.238
1749263059,4.26400000,1647.48000000,4.238
1749263059,4.26500000,596.84000000,4.238
1749263059,4.26600000,142.27000000,4.238
1749263059,4.26700000,1121.64000000,4.238
1749263059,4.26800000,137.31000000,4.238
1749263059,4.26900000,336.27000000,4.238
1749263059,4.27000000,1067.11000000,4.238
1749263059,4.27100000,131.97000000,4.238
1749263059,4.27200000,51.88000000,4.238
1749263059,4.27300000,8.03000000,4.238
1749263059,4.27400000,132.91000000,4.238
1749263059,4.27500000,394.80000000,4.238
1749263059,4.27600000,23.80000000,4.238
1749263059,4.27700000,445.24000000,4.238
1749263059,4.27800000,668.83000000,4.238
1749263059,4.27900000,82.09000000,4.238
1749263059,4.28000000,9.25000000,4.238
1749263059,4.28100000,11.80000000,4.238
1749263059,4.28200000,6.49000000,4.238
1749263059,4.28300000,2.38000000,4.238
1749263059,4.28400000,2.38000000,4.238
1749263059,4.28500000,2.38000000,4.238
1749263059,4.28600000,49.57000000,4.238
1749263059,4.28700000,4.06000000,4.238
1749263059,4.28800000,2.38000000,4.238
1749263059,4.28900000,2.38000000,4.238
1749263059,4.29000000,52.30000000,4.238
1749263059,4.29100000,8.76000000,4.238
1749263059,4.29200000,2.38000000,4.238
1749263059,4.29300000,2.38000000,4.238
1749263059,4.29400000,29.23000000,4.238
1749263059,4.29500000,15.18000000,4.238
1749263059,4.29600000,4.99000000,4.238
1749263059,4.29700000,57.92000000,4.238
1749263059,4.29800000,3.77000000,4.238
1749263059,4.29900000,93.51000000,4.238
1749263059,4.30000000,4455.67000000,4.238
1749263059,4.30100000,1461.72000000,4.238
1749263059,4.30200000,100.89000000,4.238
1749263059,4.30300000,2.37000000,4.238
1749263059,4.30400000,9.92000000,4.238
1749263059,4.30500000,45.14000000,4.238
1749263059,4.30600000,2.37000000,4.238
1749263059,4.30700000,58.02000000,4.238
1749263059,4.30800000,35.86000000,4.238
1749263059,4.30900000,26.54000000,4.238
1749263059,4.31000000,473.18000000,4.238
1749263059,4.31100000,10.45000000,4.238
1749263059,4.31200000,7.61000000,4.238
1749263059,4.31300000,3.76000000,4.238
1749263059,4.31600000,10.79000000,4.238
1749263059,4.31700000,1.92000000,4.238
1749263059,4.31800000,4.18000000,4.238
1749263059,4.31900000,113.08000000,4.238
1749263059,4.32000000,10.00000000,4.238
1749263059,4.32100000,1.17000000,4.238
1749263059,4.32200000,7.27000000,4.238
1749263059,4.32300000,113.88000000,4.238
1749263059,4.32400000,28.92000000,4.238
1749263059,4.32500000,9.27000000,4.238
1749263059,4.32600000,2.52000000,4.238
1749263059,4.32700000,93.25000000,4.238
1749263059,4.32800000,3.04000000,4.238
1749263059,4.32900000,14.40000000,4.238
1749263059,4.33000000,1.25000000,4.238
1749263059,4.33200000,3.20000000,4.238
1749263059,4.33300000,8.52000000,4.238
1749263059,4.33400000,8.30000000,4.238
1749263059,4.33700000,6.95000000,4.238
1749263059,4.33800000,17.29000000,4.238
1749263059,4.33900000,10.00000000,4.238
1749263059,4.34000000,34.57000000,4.238
1749263059,4.34100000,24.36000000,4.238
1749263059,4.34200000,75.23000000,4.238
1749263361,4.24300000,194.04000000,4.243
1749263361,4.24400000,1273.20000000,4.243
1749263361,4.24500000,1127.83000000,4.243
1749263361,4.24600000,1805.59000000,4.243
1749263361,4.24700000,2565.13000000,4.243
1749263361,4.24800000,1752.60000000,4.243
1749263361,4.24900000,2846.81000000,4.243
1749263361,4.25000000,4644.35000000,4.243
1749263361,4.25100000,2153.97000000,4.243
1749263361,4.25200000,1307.79000000,4.243
1749263361,4.25300000,3115.39000000,4.243
1749263361,4.25400000,17.43000000,4.243
1749263361,4.25500000,26.86000000,4.243
1749263361,4.25600000,56.18000000,4.243
1749263361,4.25700000,3709.07000000,4.243
1749263361,4.25800000,3537.77000000,4.243
1749263361,4.25900000,707.53000000,4.243
1749263361,4.26000000,62.14000000,4.243
1749263361,4.26100000,600.21000000,4.243
1749263361,4.26200000,145.28000000,4.243
1749263361,4.26300000,403.78000000,4.243
1749263361,4.26400000,38.34000000,4.243
1749263361,4.26500000,596.84000000,4.243
1749263361,4.26600000,170.09000000,4.243
1749263361,4.26700000,1121.64000000,4.243
1749263361,4.26800000,137.31000000,4.243
1749263361,4.26900000,1996.10000000,4.243
1749263361,4.27000000,1094.91000000,4.243
1749263361,4.27100000,131.97000000,4.243
1749263361,4.27200000,51.88000000,4.243
1749263361,4.27300000,35.85000000,4.243
1749263361,4.27400000,160.73000000,4.243
1749263361,4.27500000,394.80000000,4.243
1749263361,4.27600000,51.62000000,4.243
1749263361,4.27700000,445.24000000,4.243
1749263361,4.27800000,668.83000000,4.243
1749263361,4.27900000,82.09000000,4.243
1749263361,4.28000000,9.25000000,4.243
1749263361,4.28100000,11.80000000,4.243
1749263361,4.28200000,6.49000000,4.243
1749263361,4.28300000,4.15000000,4.243
1749263361,4.28400000,2.38000000,4.243
1749263361,4.28500000,30.20000000,4.243
1749263361,4.28600000,49.57000000,4.243
1749263361,4.28700000,4.06000000,4.243
1749263361,4.28800000,2.38000000,4.243
1749263361,4.28900000,2.38000000,4.243
1749263361,4.29000000,52.30000000,4.243
1749263361,4.29100000,8.76000000,4.243
1749263361,4.29200000,2.38000000,4.243
1749263361,4.29300000,2.38000000,4.243
1749263361,4.29400000,29.23000000,4.243
1749263361,4.29500000,15.18000000,4.243
1749263361,4.29600000,4.99000000,4.243
1749263361,4.29700000,57.92000000,4.243
1749263361,4.29800000,3.77000000,4.243
1749263361,4.29900000,93.51000000,4.243
1749263361,4.30000000,3233.02000000,4.243
1749263361,4.30100000,1461.72000000,4.243
1749263361,4.30200000,2.37000000,4.243
1749263361,4.30300000,2.37000000,4.243
1749263361,4.30400000,1231.40000000,4.243
1749263361,4.30500000,45.14000000,4.243
1749263361,4.30600000,2.37000000,4.243
1749263361,4.30700000,58.02000000,4.243
1749263361,4.30800000,35.86000000,4.243
1749263361,4.30900000,26.54000000,4.243
1749263361,4.31000000,473.18000000,4.243
1749263361,4.31100000,10.45000000,4.243
1749263361,4.31200000,7.61000000,4.243
1749263361,4.31300000,102.28000000,4.243
1749263361,4.31400000,2.36000000,4.243
1749263361,4.31500000,2.36000000,4.243
1749263361,4.31600000,13.15000000,4.243
1749263361,4.31700000,4.28000000,4.243
1749263361,4.31800000,6.54000000,4.243
1749263361,4.31900000,113.08000000,4.243
1749263361,4.32000000,10.00000000,4.243
1749263361,4.32100000,1.17000000,4.243
1749263361,4.32200000,7.27000000,4.243
1749263361,4.32300000,4.11000000,4.243
1749263361,4.32400000,28.92000000,4.243
1749263361,4.32500000,9.27000000,4.243
1749263361,4.32600000,2.52000000,4.243
1749263361,4.32700000,93.25000000,4.243
1749263361,4.32800000,3.04000000,4.243
1749263361,4.32900000,14.40000000,4.243
1749263361,4.33000000,1.25000000,4.243
1749263361,4.33200000,3.20000000,4.243
1749263361,4.33300000,8.52000000,4.243
1749263361,4.33400000,118.07000000,4.243
1749263361,4.33700000,6.95000000,4.243
1749263361,4.33800000,17.29000000,4.243
1749263361,4.33900000,10.00000000,4.243
1749263361,4.34000000,34.57000000,4.243
1749263361,4.34100000,24.36000000,4.243
1749263361,4.34200000,75.23000000,4.243
1749263361,4.34300000,5.24000000,4.243
1749263361,4.34400000,120.81000000,4.243
1749263361,4.34600000,4.01000000,4.243
1749263662,4.24000000,265.61000000,4.239
1749263662,4.24100000,1586.98000000,4.239
1749263662,4.24200000,857.97000000,4.239
1749263662,4.24300000,2533.98000000,4.239
1749263662,4.24400000,3215.12000000,4.239
1749263662,4.24500000,2633.34000000,4.239
1749263662,4.24600000,1810.29000000,4.239
1749263662,4.24700000,3217.61000000,4.239
1749263662,4.24800000,1341.57000000,4.239
1749263662,4.24900000,1285.29000000,4.239
1749263662,4.25000000,392.83000000,4.239
1749263662,4.25100000,438.92000000,4.239
1749263662,4.25200000,486.06000000,4.239
1749263662,4.25300000,3038.89000000,4.239
1749263662,4.25400000,45.25000000,4.239
1749263662,4.25500000,26.86000000,4.239
1749263662,4.25600000,32.62000000,4.239
1749263662,4.25700000,3251.07000000,4.239
1749263662,4.25800000,3537.77000000,4.239
1749263662,4.25900000,707.53000000,4.239
1749263662,4.26000000,42.50000000,4.239
1749263662,4.26100000,600.21000000,4.239
1749263662,4.26200000,661.62000000,4.239
1749263662,4.26300000,403.78000000,4.239
1749263662,4.26400000,38.34000000,4.239
1749263662,4.26500000,596.84000000,4.239
1749263662,4.26600000,1290.39000000,4.239
1749263662,4.26700000,1121.64000000,4.239
1749263662,4.26800000,137.31000000,4.239
1749263662,4.26900000,364.09000000,4.239
1749263662,4.27000000,1094.91000000,4.239
1749263662,4.27100000,131.97000000,4.239
1749263662,4.27200000,51.88000000,4.239
1749263662,4.27300000,35.85000000,4.239
1749263662,4.27400000,160.73000000,4.239
1749263662,4.27500000,394.80000000,4.239
1749263662,4.27600000,51.62000000,4.239
1749263662,4.27700000,445.24000000,4.239
1749263662,4.27800000,668.83000000,4.239
1749263662,4.27900000,82.09000000,4.239
1749263662,4.28000000,9.25000000,4.239
1749263662,4.28100000,11.80000000,4.239
1749263662,4.28200000,6.49000000,4.239
1749263662,4.28300000,4.15000000,4.239
1749263662,4.28400000,2.38000000,4.239
1749263662,4.28500000,30.20000000,4.239
1749263662,4.28600000,49.57000000,4.239
1749263662,4.28700000,4.06000000,4.239
1749263662,4.28800000,2.38000000,4.239
1749263662,4.28900000,2.38000000,4.239
1749263662,4.29000000,52.30000000,4.239
1749263662,4.29100000,8.76000000,4.239
1749263662,4.29200000,2.38000000,4.239
1749263662,4.29300000,2.38000000,4.239
1749263662,4.29400000,29.23000000,4.239
1749263662,4.29500000,15.18000000,4.239
1749263662,4.29600000,4.99000000,4.239
1749263662,4.29700000,57.92000000,4.239
1749263662,4.29800000,3.77000000,4.239
1749263662,4.29900000,93.51000000,4.239
1749263662,4.30000000,4455.18000000,4.239
1749263662,4.30100000,1461.72000000,4.239
1749263662,4.30200000,2.37000000,4.239
1749263662,4.30300000,2.37000000,4.239
1749263662,4.30400000,9.92000000,4.239
1749263662,4.30500000,45.14000000,4.239
1749263662,4.30600000,2.37000000,4.239
1749263662,4.30700000,58.02000000,4.239
1749263662,4.30800000,35.86000000,4.239
1749263662,4.30900000,26.54000000,4.239
1749263662,4.31000000,473.18000000,4.239
1749263662,4.31100000,10.45000000,4.239
1749263662,4.31200000,7.61000000,4.239
1749263662,4.31300000,102.28000000,4.239
1749263662,4.31400000,2.36000000,4.239
1749263662,4.31500000,2.36000000,4.239
1749263662,4.31600000,10.79000000,4.239
1749263662,4.31700000,1.92000000,4.239
1749263662,4.31800000,4.18000000,4.239
1749263662,4.31900000,113.08000000,4.239
1749263662,4.32000000,10.00000000,4.239
1749263662,4.32100000,1.17000000,4.239
1749263662,4.32200000,7.27000000,4.239
1749263662,4.32300000,4.11000000,4.239
1749263662,4.32400000,28.92000000,4.239
1749263662,4.32500000,9.27000000,4.239
1749263662,4.32600000,2.52000000,4.239
1749263662,4.32700000,93.25000000,4.239
1749263662,4.32800000,3.04000000,4.239
1749263662,4.32900000,14.40000000,4.239
1749263662,4.33000000,1.25000000,4.239
1749263662,4.33200000,3.20000000,4.239
1749263662,4.33300000,8.52000000,4.239
1749263662,4.33400000,118.07000000,4.239
1749263662,4.33700000,6.95000000,4.239
1749263662,4.33800000,17.29000000,4.239
1749263662,4.33900000,10.00000000,4.239
1749263662,4.34000000,34.57000000,4.239
1749263662,4.34100000,24.36000000,4.239
1749263662,4.34200000,75.23000000,4.239
1749263964,4.23600000,332.15000000,4.235
1749263964,4.23700000,1447.70000000,4.235
1749263964,4.23800000,484.39000000,4.235
1749263964,4.23900000,1975.71000000,4.235
1749263964,4.24000000,3272.94000000,4.235
1749263964,4.24100000,4914.05000000,4.235
1749263964,4.24200000,1883.95000000,4.235
1749263964,4.24300000,2480.52000000,4.235
1749263964,4.24400000,872.69000000,4.235
1749263964,4.24500000,810.49000000,4.235
1749263964,4.24600000,678.29000000,4.235
1749263964,4.24700000,715.33000000,4.235
1749263964,4.24800000,2569.65000000,4.235
1749263964,4.24900000,361.37000000,4.235
1749263964,4.25000000,71.21000000,4.235
1749263964,4.25100000,3167.63000000,4.235
1749263964,4.25200000,30.29000000,4.235
1749263964,4.25300000,932.15000000,4.235
1749263964,4.25400000,43.55000000,4.235
1749263964,4.25500000,377.82000000,4.235
1749263964,4.25600000,32.71000000,4.235
1749263964,4.25700000,334.49000000,4.235
1749263964,4.25800000,3565.63000000,4.235
1749263964,4.25900000,858.58000000,4.235
1749263964,4.26000000,42.57000000,4.235
1749263964,4.26100000,1731.39000000,4.235
1749263964,4.26200000,117.46000000,4.235
1749263964,4.26300000,403.78000000,4.235
1749263964,4.26400000,38.41000000,4.235
1749263964,4.26500000,596.84000000,4.235
1749263964,4.26600000,559.04000000,4.235
1749263964,4.26700000,1121.64000000,4.235
1749263964,4.26800000,297.61000000,4.235
1749263964,4.26900000,5.96000000,4.235
1749263964,4.27000000,1743.27000000,4.235
1749263964,4.27100000,131.97000000,4.235
1749263964,4.27200000,51.88000000,4.235
1749263964,4.27300000,35.92000000,4.235
1749263964,4.27400000,132.91000000,4.235
1749263964,4.27500000,34.63000000,4.235
1749263964,4.27600000,51.68000000,4.235
1749263964,4.27700000,445.24000000,4.235
1749263964,4.27800000,2.39000000,4.235
1749263964,4.27900000,82.09000000,4.235
1749263964,4.28000000,9.25000000,4.235
1749263964,4.28100000,11.80000000,4.235
1749263964,4.28200000,6.49000000,4.235
1749263964,4.28300000,4.15000000,4.235
1749263964,4.28400000,2.38000000,4.235
1749263964,4.28500000,2.38000000,4.235
1749263964,4.28600000,49.57000000,4.235
1749263964,4.28700000,4.06000000,4.235
1749263964,4.28800000,2.38000000,4.235
1749263964,4.28900000,2.38000000,4.235
1749263964,4.29000000,52.30000000,4.235
1749263964,4.29100000,8.76000000,4.235
1749263964,4.29200000,2.38000000,4.235
1749263964,4.29300000,2.38000000,4.235
1749263964,4.29400000,29.23000000,4.235
1749263964,4.29500000,15.18000000,4.235
1749263964,4.29600000,4.99000000,4.235
1749263964,4.29700000,1281.60000000,4.235
1749263964,4.29800000,2.37000000,4.235
1749263964,4.29900000,93.51000000,4.235
1749263964,4.30000000,3233.02000000,4.235
1749263964,4.30100000,1461.72000000,4.235
1749263964,4.30200000,2.37000000,4.235
1749263964,4.30300000,2.37000000,4.235
1749263964,4.30400000,9.92000000,4.235
1749263964,4.30500000,45.14000000,4.235
1749263964,4.30600000,2.37000000,4.235
1749263964,4.30700000,58.02000000,4.235
1749263964,4.30800000,35.86000000,4.235
1749263964,4.30900000,26.54000000,4.235
1749263964,4.31000000,471.56000000,4.235
1749263964,4.31100000,10.45000000,4.235
1749263964,4.31200000,5.24000000,4.235
1749263964,4.31300000,99.91000000,4.235
1749263964,4.31600000,10.79000000,4.235
1749263964,4.31700000,1.92000000,4.235
1749263964,4.31800000,4.18000000,4.235
1749263964,4.31900000,113.08000000,4.235
1749263964,4.32000000,10.00000000,4.235
1749263964,4.32100000,1.17000000,4.235
1749263964,4.32200000,7.27000000,4.235
1749263964,4.32300000,4.11000000,4.235
1749263964,4.32400000,28.92000000,4.235
1749263964,4.32500000,9.27000000,4.235
1749263964,4.32600000,2.52000000,4.235
1749263964,4.32700000,93.25000000,4.235
1749263964,4.32800000,3.04000000,4.235
1749263964,4.32900000,14.40000000,4.235
1749263964,4.33000000,1.25000000,4.235
1749263964,4.33200000,3.20000000,4.235
1749263964,4.33300000,8.52000000,4.235
1749263964,4.33400000,118.07000000,4.235
1749263964,4.33700000,6.95000000,4.235
1749263964,4.33800000,17.29000000,4.235
1749263964,4.33900000,10.00000000,4.235
1749263964,4.34000000,32.73000000,4.235
1749264265,4.22600000,484.49000000,4.226
1749264265,4.22700000,988.35000000,4.226
1749264265,4.22800000,1080.37000000,4.226
1749264265,4.22900000,3716.18000000,4.226
1749264265,4.23000000,2521.43000000,4.226
1749264265,4.23100000,1627.50000000,4.226
1749264265,4.23200000,2639.84000000,4.226
1749264265,4.23300000,3101.95000000,4.226
1749264265,4.23400000,2575.51000000,4.226
1749264265,4.23500000,889.06000000,4.226
1749264265,4.23600000,485.16000000,4.226
1749264265,4.23700000,1126.01000000,4.226
1749264265,4.23800000,123.72000000,4.226
1749264265,4.23900000,515.37000000,4.226
1749264265,4.24000000,3302.25000000,4.226
1749264265,4.24100000,359.83000000,4.226
1749264265,4.24200000,4.13000000,4.226
1749264265,4.24300000,383.40000000,4.226
1749264265,4.24400000,4.13000000,4.226
1749264265,4.24500000,3138.30000000,4.226
1749264265,4.24600000,601.79000000,4.226
1749264265,4.24700000,757.41000000,4.226
1749264265,4.24800000,4.03000000,4.226
1749264265,4.24900000,864.85000000,4.226
1749264265,4.25000000,3482.76000000,4.226
1749264265,4.25100000,468.77000000,4.226
1749264265,4.25200000,2.40000000,4.226
1749264265,4.25300000,334.50000000,4.226
1749264265,4.25400000,1139.38000000,4.226
1749264265,4.25500000,133.79000000,4.226
1749264265,4.25600000,1013.71000000,4.226
1749264265,4.25700000,601.82000000,4.226
1749264265,4.25800000,86.34000000,4.226
1749264265,4.25900000,337.44000000,4.226
1749264265,4.26000000,140.85000000,4.226
1749264265,4.26100000,269.90000000,4.226
1749264265,4.26200000,30.38000000,4.226
1749264265,4.26300000,199.46000000,4.226
1749264265,4.26400000,10.52000000,4.226
1749264265,4.26500000,266.53000000,4.226
1749264265,4.26600000,404.58000000,4.226
1749264265,4.26700000,64.15000000,4.226
1749264265,4.26800000,2.39000000,4.226
1749264265,4.26900000,5.96000000,4.226
1749264265,4.27000000,1743.27000000,4.226
1749264265,4.27100000,5.80000000,4.226
1749264265,4.27200000,51.88000000,4.226
1749264265,4.27300000,8.03000000,4.226
1749264265,4.27400000,6.92000000,4.226
1749264265,4.27500000,6.74000000,4.226
1749264265,4.27600000,23.80000000,4.226
1749264265,4.27700000,445.24000000,4.226
1749264265,4.27800000,2.39000000,4.226
1749264265,4.27900000,82.09000000,4.226
1749264265,4.28000000,9.25000000,4.226
1749264265,4.28100000,11.80000000,4.226
1749264265,4.28200000,6.49000000,4.226
1749264265,4.28300000,4.15000000,4.226
1749264265,4.28400000,2.38000000,4.226
1749264265,4.28500000,2.38000000,4.226
1749264265,4.28600000,49.57000000,4.226
1749264265,4.28700000,4.06000000,4.226
1749264265,4.28800000,1227.76000000,4.226
1749264265,4.28900000,2.38000000,4.226
1749264265,4.29000000,52.30000000,4.226
1749264265,4.29100000,8.76000000,4.226
1749264265,4.29200000,1364.36000000,4.226
1749264265,4.29300000,2.38000000,4.226
1749264265,4.29400000,29.23000000,4.226
1749264265,4.29500000,15.18000000,4.226
1749264265,4.29600000,4.99000000,4.226
1749264265,4.29700000,57.92000000,4.226
1749264265,4.29800000,2.37000000,4.226
1749264265,4.29900000,93.51000000,4.226
1749264265,4.30000000,3233.02000000,4.226
1749264265,4.30100000,99.74000000,4.226
1749264265,4.30200000,98.52000000,4.226
1749264265,4.30400000,7.55000000,4.226
1749264265,4.30500000,42.77000000,4.226
1749264265,4.30700000,55.65000000,4.226
1749264265,4.30800000,33.49000000,4.226
1749264265,4.30900000,24.17000000,4.226
1749264265,4.31000000,469.19000000,4.226
1749264265,4.31100000,8.08000000,4.226
1749264265,4.31200000,5.24000000,4.226
1749264265,4.31300000,1.39000000,4.226
1749264265,4.31600000,10.79000000,4.226
1749264265,4.31700000,1.92000000,4.226
1749264265,4.31800000,4.18000000,4.226
1749264265,4.31900000,113.08000000,4.226
1749264265,4.32000000,10.00000000,4.226
1749264265,4.32100000,1.17000000,4.226
1749264265,4.32200000,7.27000000,4.226
1749264265,4.32300000,113.88000000,4.226
1749264265,4.32400000,28.92000000,4.226
1749264265,4.32500000,9.27000000,4.226
1749264265,4.32600000,2.52000000,4.226
1749264265,4.32700000,93.25000000,4.226
1749264265,4.32800000,3.04000000,4.226
1749264265,4.32900000,14.40000000,4.226
1749264567,4.23300000,419.00000000,4.233
1749264567,4.23400000,1662.53000000,4.233
1749264567,4.23500000,1509.54000000,4.233
1749264567,4.23600000,1296.66000000,4.233
1749264567,4.23700000,2320.68000000,4.233
1749264567,4.23800000,2836.99000000,4.233
1749264567,4.23900000,3100.54000000,4.233
1749264567,4.24000000,3008.94000000,4.233
1749264567,4.24100000,1276.42000000,4.233
1749264567,4.24200000,317.64000000,4.233
1749264567,4.24300000,1116.52000000,4.233
1749264567,4.24400000,2185.60000000,4.233
1749264567,4.24500000,3313.59000000,4.233
1749264567,4.24600000,1135.71000000,4.233
1749264567,4.24700000,462.12000000,4.233
1749264567,4.24800000,31.93000000,4.233
1749264567,4.24900000,347.04000000,4.233
1749264567,4.25000000,3502.45000000,4.233
1749264567,4.25100000,865.99000000,4.233
1749264567,4.25200000,30.30000000,4.233
1749264567,4.25300000,334.50000000,4.233
1749264567,4.25400000,230.83000000,4.233
1749264567,4.25500000,133.79000000,4.233
1749264567,4.25600000,1041.61000000,4.233
1749264567,4.25700000,601.82000000,4.233
1749264567,4.25800000,697.49000000,4.233
1749264567,4.25900000,337.44000000,4.233
1749264567,4.26000000,157.73000000,4.233
1749264567,4.26100000,1391.90000000,4.233
1749264567,4.26200000,30.38000000,4.233
1749264567,4.26300000,139.27000000,4.233
1749264567,4.26400000,38.42000000,4.233
1749264567,4.26500000,51.36000000,4.233
1749264567,4.26600000,404.58000000,4.233
1749264567,4.26700000,64.15000000,4.233
1749264567,4.26800000,2.39000000,4.233
1749264567,4.26900000,33.86000000,4.233
1749264567,4.27000000,1746.94000000,4.233
1749264567,4.27100000,33.70000000,4.233
1749264567,4.27200000,51.88000000,4.233
1749264567,4.27300000,8.03000000,4.233
1749264567,4.27400000,6.92000000,4.233
1749264567,4.27500000,6.74000000,4.233
1749264567,4.27600000,23.80000000,4.233
1749264567,4.27700000,445.24000000,4.233
1749264567,4.27800000,2.39000000,4.233
1749264567,4.27900000,82.09000000,4.233
1749264567,4.28000000,9.25000000,4.233
1749264567,4.28100000,11.80000000,4.233
1749264567,4.28200000,6.49000000,4.233
1749264567,4.28300000,4.15000000,4.233
1749264567,4.28400000,2.38000000,4.233
1749264567,4.28500000,2.38000000,4.233
1749264567,4.28600000,49.57000000,4.233
1749264567,4.28700000,4.06000000,4.233
1749264567,4.28800000,2.38000000,4.233
1749264567,4.28900000,2.38000000,4.233
1749264567,4.29000000,52.30000000,4.233
1749264567,4.29100000,8.76000000,4.233
1749264567,4.29200000,1364.36000000,4.233
1749264567,4.29300000,2.38000000,4.233
1749264567,4.29400000,1253.36000000,4.233
1749264567,4.29500000,15.18000000,4.233
1749264567,4.29600000,4.99000000,4.233
1749264567,4.29700000,57.92000000,4.233
1749264567,4.29800000,2.37000000,4.233
1749264567,4.29900000,83.51000000,4.233
1749264567,4.30000000,3233.02000000,4.233
1749264567,4.30100000,99.74000000,4.233
1749264567,4.30200000,100.89000000,4.233
1749264567,4.30300000,2.37000000,4.233
1749264567,4.30400000,9.92000000,4.233
1749264567,4.30500000,45.14000000,4.233
1749264567,4.30600000,2.37000000,4.233
1749264567,4.30700000,58.02000000,4.233
1749264567,4.30800000,35.86000000,4.233
1749264567,4.30900000,14.17000000,4.233
1749264567,4.31000000,469.19000000,4.233
1749264567,4.31100000,8.08000000,4.233
1749264567,4.31200000,5.24000000,4.233
1749264567,4.31300000,1.39000000,4.233
1749264567,4.31600000,10.79000000,4.233
1749264567,4.31700000,1.92000000,4.233
1749264567,4.31800000,4.18000000,4.233
1749264567,4.31900000,103.08000000,4.233
1749264567,4.32000000,10.00000000,4.233
1749264567,4.32100000,1.17000000,4.233
1749264567,4.32200000,7.27000000,4.233
1749264567,4.32300000,113.88000000,4.233
1749264567,4.32400000,28.92000000,4.233
1749264567,4.32500000,9.27000000,4.233
1749264567,4.32600000,2.52000000,4.233
1749264567,4.32700000,93.25000000,4.233
1749264567,4.32800000,3.04000000,4.233
1749264567,4.32900000,4.40000000,4.233
1749264567,4.33000000,1.25000000,4.233
1749264567,4.33200000,3.20000000,4.233
1749264567,4.33300000,8.52000000,4.233
1749264567,4.33400000,8.30000000,4.233
1749264567,4.33700000,6.95000000,4.233
1749264869,4.24500000,161.38000000,4.245
1749264869,4.24600000,824.24000000,4.245
1749264869,4.24700000,2470.13000000,4.245
1749264869,4.24800000,2046.92000000,4.245
1749264869,4.24900000,3604.76000000,4.245
1749264869,4.25000000,3736.55000000,4.245
1749264869,4.25100000,3440.30000000,4.245
1749264869,4.25200000,1492.95000000,4.245
1749264869,4.25300000,1318.55000000,4.245
1749264869,4.25400000,843.43000000,4.245
1749264869,4.25500000,2889.33000000,4.245
1749264869,4.25600000,2209.83000000,4.245
1749264869,4.25700000,868.90000000,4.245
1749264869,4.25800000,162.84000000,4.245
1749264869,4.25900000,337.44000000,4.245
1749264869,4.26000000,34.32000000,4.245
1749264869,4.26100000,13.64000000,4.245
1749264869,4.26200000,30.38000000,4.245
1749264869,4.26300000,711.96000000,4.245
1749264869,4.26400000,3461.95000000,4.245
1749264869,4.26500000,266.53000000,4.245
1749264869,4.26600000,142.27000000,4.245
1749264869,4.26700000,1655.71000000,4.245
1749264869,4.26800000,269.72000000,4.245
1749264869,4.26900000,336.27000000,4.245
1749264869,4.27000000,1579.62000000,4.245
1749264869,4.27100000,522.47000000,4.245
1749264869,4.27200000,1390.98000000,4.245
1749264869,4.27300000,8.03000000,4.245
1749264869,4.27400000,265.73000000,4.245
1749264869,4.27500000,337.05000000,4.245
1749264869,4.27600000,23.80000000,4.245
1749264869,4.27700000,21.76000000,4.245
1749264869,4.27800000,679.57000000,4.245
1749264869,4.27900000,469.79000000,4.245
1749264869,4.28000000,9.25000000,4.245
1749264869,4.28100000,11.80000000,4.245
1749264869,4.28200000,6.49000000,4.245
1749264869,4.28300000,4.15000000,4.245
1749264869,4.28400000,2.38000000,4.245
1749264869,4.28500000,4.15000000,4.245
1749264869,4.28600000,49.57000000,4.245
1749264869,4.28700000,4.06000000,4.245
1749264869,4.28800000,2.38000000,4.245
1749264869,4.28900000,2.38000000,4.245
1749264869,4.29000000,475.78000000,4.245
1749264869,4.29100000,8.76000000,4.245
1749264869,4.29200000,2.38000000,4.245
1749264869,4.29300000,2.38000000,4.245
1749264869,4.29400000,29.23000000,4.245
1749264869,4.29500000,15.18000000,4.245
1749264869,4.29600000,4.99000000,4.245
1749264869,4.29700000,57.92000000,4.245
1749264869,4.29800000,2.37000000,4.245
1749264869,4.29900000,83.51000000,4.245
1749264869,4.30000000,3233.02000000,4.245
1749264869,4.30100000,1461.72000000,4.245
1749264869,4.30200000,2.37000000,4.245
1749264869,4.30300000,2.37000000,4.245
1749264869,4.30400000,1231.15000000,4.245
1749264869,4.30500000,45.14000000,4.245
1749264869,4.30600000,2.37000000,4.245
1749264869,4.30700000,58.02000000,4.245
1749264869,4.30800000,35.86000000,4.245
1749264869,4.30900000,16.54000000,4.245
1749264869,4.31000000,471.56000000,4.245
1749264869,4.31100000,10.45000000,4.245
1749264869,4.31200000,7.61000000,4.245
1749264869,4.31300000,3.76000000,4.245
1749264869,4.31400000,100.88000000,4.245
1749264869,4.31500000,2.36000000,4.245
1749264869,4.31600000,13.15000000,4.245
1749264869,4.31700000,4.28000000,4.245
1749264869,4.31800000,6.54000000,4.245
1749264869,4.31900000,105.44000000,4.245
1749264869,4.32000000,12.36000000,4.245
1749264869,4.32100000,1.17000000,4.245
1749264869,4.32200000,7.27000000,4.245
1749264869,4.32300000,4.11000000,4.245
1749264869,4.32400000,28.92000000,4.245
1749264869,4.32500000,9.27000000,4.245
1749264869,4.32600000,2.52000000,4.245
1749264869,4.32700000,93.25000000,4.245
1749264869,4.32800000,3.04000000,4.245
1749264869,4.32900000,4.40000000,4.245
1749264869,4.33000000,1.25000000,4.245
1749264869,4.33200000,3.20000000,4.245
1749264869,4.33300000,8.52000000,4.245
1749264869,4.33400000,8.30000000,4.245
1749264869,4.33500000,109.77000000,4.245
1749264869,4.33700000,6.95000000,4.245
1749264869,4.33800000,17.29000000,4.245
1749264869,4.34000000,32.73000000,4.245
1749264869,4.34100000,24.36000000,4.245
1749264869,4.34200000,75.23000000,4.245
1749264869,4.34300000,5.24000000,4.245
1749264869,4.34400000,3.10000000,4.245
1749264869,4.34600000,4.01000000,4.245
1749264869,4.34700000,8.92000000,4.245
1749264869,4.35000000,653.55000000,4.245
1749265171,4.24500000,279.71000000,4.245
1749265171,4.24600000,1267.15000000,4.245
1749265171,4.24700000,731.96000000,4.245
1749265171,4.24800000,1279.45000000,4.245
1749265171,4.24900000,2687.93000000,4.245
1749265171,4.25000000,1951.44000000,4.245
1749265171,4.25100000,2280.09000000,4.245
1749265171,4.25200000,1966.88000000,4.245
1749265171,4.25300000,4909.03000000,4.245
1749265171,4.25400000,2611.94000000,4.245
1749265171,4.25500000,1786.91000000,4.245
1749265171,4.25600000,83.09000000,4.245
1749265171,4.25700000,925.96000000,4.245
1749265171,4.25800000,56.58000000,4.245
1749265171,4.25900000,935.66000000,4.245
1749265171,4.26000000,4912.44000000,4.245
1749265171,4.26100000,41.42000000,4.245
1749265171,4.26200000,53.68000000,4.245
1749265171,4.26300000,705.28000000,4.245
1749265171,4.26400000,3461.95000000,4.245
1749265171,4.26500000,649.01000000,4.245
1749265171,4.26600000,43.47000000,4.245
1749265171,4.26700000,394.46000000,4.245
1749265171,4.26800000,162.57000000,4.245
1749265171,4.26900000,367.80000000,4.245
1749265171,4.27000000,3.78000000,4.245
1749265171,4.27100000,435.09000000,4.245
1749265171,4.27200000,1901.26000000,4.245
1749265171,4.27300000,35.80000000,4.245
1749265171,4.27400000,167.51000000,4.245
1749265171,4.27500000,337.05000000,4.245
1749265171,4.27600000,238.97000000,4.245
1749265171,4.27700000,176.10000000,4.245
1749265171,4.27800000,360.47000000,4.245
1749265171,4.27900000,1712.76000000,4.245
1749265171,4.28000000,1100.57000000,4.245
1749265171,4.28100000,11.80000000,4.245
1749265171,4.28200000,132.66000000,4.245
1749265171,4.28300000,4.15000000,4.245
1749265171,4.28400000,2.38000000,4.245
1749265171,4.28500000,157.91000000,4.245
1749265171,4.28600000,718.56000000,4.245
1749265171,4.28700000,5.83000000,4.245
1749265171,4.28800000,2.38000000,4.245
1749265171,4.28900000,31.92000000,4.245
1749265171,4.29000000,475.78000000,4.245
1749265171,4.29100000,8.76000000,4.245
1749265171,4.29200000,2.38000000,4.245
1749265171,4.29300000,30.15000000,4.245
1749265171,4.29400000,29.23000000,4.245
1749265171,4.29500000,15.18000000,4.245
1749265171,4.29600000,4.99000000,4.245
1749265171,4.29700000,57.92000000,4.245
1749265171,4.29800000,2.37000000,4.245
1749265171,4.29900000,83.51000000,4.245
1749265171,4.30000000,3233.02000000,4.245
1749265171,4.30100000,99.74000000,4.245
1749265171,4.30200000,2.37000000,4.245
1749265171,4.30300000,2.37000000,4.245
1749265171,4.30400000,57.11000000,4.245
1749265171,4.30500000,1265.84000000,4.245
1749265171,4.30600000,2.37000000,4.245
1749265171,4.30700000,13.61000000,4.245
1749265171,4.30800000,35.86000000,4.245
1749265171,4.30900000,16.54000000,4.245
1749265171,4.31000000,1833.54000000,4.245
1749265171,4.31100000,10.45000000,4.245
1749265171,4.31200000,7.61000000,4.245
1749265171,4.31300000,3.76000000,4.245
1749265171,4.31400000,100.88000000,4.245
1749265171,4.31500000,2.36000000,4.245
1749265171,4.31600000,13.15000000,4.245
1749265171,4.31700000,4.28000000,4.245
1749265171,4.31800000,50.95000000,4.245
1749265171,4.31900000,105.44000000,4.245
1749265171,4.32000000,12.36000000,4.245
1749265171,4.32100000,1.17000000,4.245
1749265171,4.32200000,7.27000000,4.245
1749265171,4.32300000,4.11000000,4.245
1749265171,4.32400000,28.92000000,4.245
1749265171,4.32500000,9.27000000,4.245
1749265171,4.32600000,2.52000000,4.245
1749265171,4.32700000,93.25000000,4.245
1749265171,4.32800000,3.04000000,4.245
1749265171,4.32900000,4.40000000,4.245
1749265171,4.33000000,1.25000000,4.245
1749265171,4.33200000,3.20000000,4.245
1749265171,4.33300000,8.52000000,4.245
1749265171,4.33400000,8.30000000,4.245
1749265171,4.33500000,109.77000000,4.245
1749265171,4.33700000,6.95000000,4.245
1749265171,4.33800000,17.29000000,4.245
1749265171,4.34000000,32.73000000,4.245
1749265171,4.34100000,24.36000000,4.245
1749265171,4.34200000,75.23000000,4.245
1749265171,4.34300000,5.24000000,4.245
1749265171,4.34400000,3.10000000,4.245
1749265171,4.34600000,4.01000000,4.245
1749265171,4.34700000,8.92000000,4.245
1749265171,4.35000000,653.55000000,4.245
1749265473,4.25200000,472.90000000,4.251
1749265473,4.25300000,1292.07000000,4.251
1749265473,4.25400000,1278.86000000,4.251
1749265473,4.25500000,1161.33000000,4.251
1749265473,4.25600000,1948.46000000,4.251
1749265473,4.25700000,4137.40000000,4.251
1749265473,4.25800000,3184.92000000,4.251
1749265473,4.25900000,2934.63000000,4.251
1749265473,4.26000000,719.01000000,4.251
1749265473,4.26100000,930.91000000,4.251
1749265473,4.26200000,142.09000000,4.251
1749265473,4.26300000,3039.79000000,4.251
1749265473,4.26400000,2872.96000000,4.251
1749265473,4.26500000,749.01000000,4.251
1749265473,4.26600000,15.70000000,4.251
1749265473,4.26700000,394.46000000,4.251
1749265473,4.26800000,2.39000000,4.251
1749265473,4.26900000,367.80000000,4.251
1749265473,4.27000000,90.86000000,4.251
1749265473,4.27100000,4729.93000000,4.251
1749265473,4.27200000,281.34000000,4.251
1749265473,4.27300000,8.03000000,4.251
1749265473,4.27400000,52.66000000,4.251
1749265473,4.27500000,337.05000000,4.251
1749265473,4.27600000,238.97000000,4.251
1749265473,4.27700000,1265.84000000,4.251
1749265473,4.27800000,12.39000000,4.251
1749265473,4.27900000,679.73000000,4.251
1749265473,4.28000000,1100.57000000,4.251
1749265473,4.28100000,11.80000000,4.251
1749265473,4.28200000,1457.94000000,4.251
1749265473,4.28300000,334.46000000,4.251
1749265473,4.28400000,2.38000000,4.251
1749265473,4.28500000,130.14000000,4.251
1749265473,4.28600000,727.67000000,4.251
1749265473,4.28700000,5.83000000,4.251
1749265473,4.28800000,12.38000000,4.251
1749265473,4.28900000,4.15000000,4.251
1749265473,4.29000000,862.48000000,4.251
1749265473,4.29100000,10.53000000,4.251
1749265473,4.29200000,2.38000000,4.251
1749265473,4.29300000,4.15000000,4.251
1749265473,4.29400000,29.23000000,4.251
1749265473,4.29500000,15.18000000,4.251
1749265473,4.29600000,4.99000000,4.251
1749265473,4.29700000,57.92000000,4.251
1749265473,4.29800000,2.37000000,4.251
1749265473,4.29900000,83.51000000,4.251
1749265473,4.30000000,3233.02000000,4.251
1749265473,4.30100000,99.74000000,4.251
1749265473,4.30200000,2.37000000,4.251
1749265473,4.30300000,2.37000000,4.251
1749265473,4.30400000,57.11000000,4.251
1749265473,4.30500000,45.14000000,4.251
1749265473,4.30600000,2.37000000,4.251
1749265473,4.30700000,13.61000000,4.251
1749265473,4.30800000,1256.19000000,4.251
1749265473,4.30900000,16.54000000,4.251
1749265473,4.31000000,1833.54000000,4.251
1749265473,4.31100000,10.45000000,4.251
1749265473,4.31200000,7.61000000,4.251
1749265473,4.31300000,3.75000000,4.251
1749265473,4.31400000,2.36000000,4.251
1749265473,4.31500000,2.36000000,4.251
1749265473,4.31600000,13.15000000,4.251
1749265473,4.31700000,4.28000000,4.251
1749265473,4.31800000,50.95000000,4.251
1749265473,4.31900000,105.44000000,4.251
1749265473,4.32000000,12.36000000,4.251
1749265473,4.32100000,3.53000000,4.251
1749265473,4.32200000,9.63000000,4.251
1749265473,4.32300000,6.47000000,4.251
1749265473,4.32400000,31.28000000,4.251
1749265473,4.32500000,110.15000000,4.251
1749265473,4.32600000,4.88000000,4.251
1749265473,4.32700000,95.61000000,4.251
1749265473,4.32800000,3.04000000,4.251
1749265473,4.32900000,4.40000000,4.251
1749265473,4.33000000,1.25000000,4.251
1749265473,4.33200000,3.20000000,4.251
1749265473,4.33300000,8.52000000,4.251
1749265473,4.33400000,8.30000000,4.251
1749265473,4.33700000,6.95000000,4.251
1749265473,4.33800000,17.29000000,4.251
1749265473,4.34000000,32.73000000,4.251
1749265473,4.34100000,24.36000000,4.251
1749265473,4.34200000,75.23000000,4.251
1749265473,4.34300000,5.24000000,4.251
1749265473,4.34400000,3.10000000,4.251
1749265473,4.34600000,4.01000000,4.251
1749265473,4.34700000,118.69000000,4.251
1749265473,4.34800000,68.70000000,4.251
1749265473,4.35000000,653.55000000,4.251
1749265473,4.35100000,13.01000000,4.251
1749265473,4.35200000,2.97000000,4.251
1749265473,4.35300000,3.04000000,4.251
1749265473,4.35400000,5.04000000,4.251
1749265473,4.35600000,6.74000000,4.251
1749265473,4.35800000,1.35000000,4.251
1749265473,4.36000000,18.04000000,4.251
1749265775,4.25200000,536.09000000,4.252
1749265775,4.25300000,435.52000000,4.252
1749265775,4.25400000,611.24000000,4.252
1749265775,4.25500000,1422.28000000,4.252
1749265775,4.25600000,2369.84000000,4.252
1749265775,4.25700000,3189.42000000,4.252
1749265775,4.25800000,2898.92000000,4.252
1749265775,4.25900000,3144.12000000,4.252
1749265775,4.26000000,2404.98000000,4.252
1749265775,4.26100000,1712.46000000,4.252
1749265775,4.26200000,359.07000000,4.252
1749265775,4.26300000,517.32000000,4.252
1749265775,4.26400000,88.79000000,4.252
1749265775,4.26500000,746.89000000,4.252
1749265775,4.26600000,121.71000000,4.252
1749265775,4.26700000,2956.22000000,4.252
1749265775,4.26800000,53.60000000,4.252
1749265775,4.26900000,3151.97000000,4.252
1749265775,4.27000000,51.14000000,4.252
1749265775,4.27100000,4229.60000000,4.252
1749265775,4.27200000,281.34000000,4.252
1749265775,4.27300000,35.79000000,4.252
1749265775,4.27400000,80.42000000,4.252
1749265775,4.27500000,337.05000000,4.252
1749265775,4.27600000,764.31000000,4.252
1749265775,4.27700000,148.33000000,4.252
1749265775,4.27800000,40.15000000,4.252
1749265775,4.27900000,679.73000000,4.252
1749265775,4.28000000,1100.57000000,4.252
1749265775,4.28100000,1486.85000000,4.252
1749265775,4.28200000,1457.94000000,4.252
1749265775,4.28300000,334.46000000,4.252
1749265775,4.28400000,30.14000000,4.252
1749265775,4.28500000,217.22000000,4.252
1749265775,4.28600000,49.57000000,4.252
1749265775,4.28700000,336.14000000,4.252
1749265775,4.28800000,12.38000000,4.252
1749265775,4.28900000,31.91000000,4.252
1749265775,4.29000000,862.48000000,4.252
1749265775,4.29100000,10.53000000,4.252
1749265775,4.29200000,2.38000000,4.252
1749265775,4.29300000,31.91000000,4.252
1749265775,4.29400000,696.02000000,4.252
1749265775,4.29500000,16.95000000,4.252
1749265775,4.29600000,4.99000000,4.252
1749265775,4.29700000,85.68000000,4.252
1749265775,4.29800000,18.67000000,4.252
1749265775,4.29900000,111.24000000,4.252
1749265775,4.30000000,3233.02000000,4.252
1749265775,4.30100000,127.48000000,4.252
1749265775,4.30200000,2.37000000,4.252
1749265775,4.30300000,2.37000000,4.252
1749265775,4.30400000,57.11000000,4.252
1749265775,4.30500000,45.14000000,4.252
1749265775,4.30600000,2.37000000,4.252
1749265775,4.30700000,13.61000000,4.252
1749265775,4.30800000,35.86000000,4.252
1749265775,4.30900000,63.73000000,4.252
1749265775,4.31000000,471.56000000,4.252
1749265775,4.31100000,10.45000000,4.252
1749265775,4.31200000,7.61000000,4.252
1749265775,4.31300000,3.75000000,4.252
1749265775,4.31400000,2.36000000,4.252
1749265775,4.31500000,1220.50000000,4.252
1749265775,4.31600000,13.15000000,4.252
1749265775,4.31700000,4.28000000,4.252
1749265775,4.31800000,50.95000000,4.252
1749265775,4.31900000,1467.42000000,4.252
1749265775,4.32000000,12.36000000,4.252
1749265775,4.32100000,3.53000000,4.252
1749265775,4.32200000,9.63000000,4.252
1749265775,4.32300000,6.47000000,4.252
1749265775,4.32400000,31.28000000,4.252
1749265775,4.32500000,110.15000000,4.252
1749265775,4.32600000,4.88000000,4.252
1749265775,4.32700000,95.61000000,4.252
1749265775,4.32800000,3.04000000,4.252
1749265775,4.32900000,4.40000000,4.252
1749265775,4.33000000,1.25000000,4.252
1749265775,4.33200000,3.20000000,4.252
1749265775,4.33300000,8.52000000,4.252
1749265775,4.33400000,8.30000000,4.252
1749265775,4.33700000,6.95000000,4.252
1749265775,4.33800000,17.29000000,4.252
1749265775,4.34000000,32.73000000,4.252
1749265775,4.34100000,24.36000000,4.252
1749265775,4.34200000,75.23000000,4.252
1749265775,4.34300000,5.24000000,4.252
1749265775,4.34400000,3.10000000,4.252
1749265775,4.34600000,4.01000000,4.252
1749265775,4.34700000,118.69000000,4.252
1749265775,4.34800000,68.70000000,4.252
1749265775,4.35000000,653.55000000,4.252
1749265775,4.35100000,13.01000000,4.252
1749265775,4.35200000,2.97000000,4.252
1749265775,4.35300000,3.04000000,4.252
1749265775,4.35400000,5.04000000,4.252
1749265775,4.35600000,6.74000000,4.252
1749265775,4.35800000,1.35000000,4.252
1749265775,4.36000000,18.04000000,4.252
1749266076,4.26400000,85.62000000,4.264
1749266076,4.26500000,604.18000000,4.264
1749266076,4.26600000,2037.17000000,4.264
1749266076,4.26700000,3160.35000000,4.264
1749266076,4.26800000,2391.22000000,4.264
1749266076,4.26900000,2406.93000000,4.264
1749266076,4.27000000,3840.24000000,4.264
1749266076,4.27100000,1827.38000000,4.264
1749266076,4.27200000,1951.02000000,4.264
1749266076,4.27300000,526.74000000,4.264
1749266076,4.27400000,85.18000000,4.264
1749266076,4.27500000,2995.77000000,4.264
1749266076,4.27600000,119.18000000,4.264
1749266076,4.27700000,352.07000000,4.264
1749266076,4.27800000,4061.47000000,4.264
1749266076,4.27900000,3336.38000000,4.264
1749266076,4.28000000,28.80000000,4.264
1749266076,4.28100000,402.30000000,4.264
1749266076,4.28200000,6.49000000,4.264
1749266076,4.28300000,930.45000000,4.264
1749266076,4.28400000,2.38000000,4.264
1749266076,4.28500000,49.89000000,4.264
1749266076,4.28600000,49.57000000,4.264
1749266076,4.28700000,551.31000000,4.264
1749266076,4.28800000,138.95000000,4.264
1749266076,4.28900000,1118.35000000,4.264
1749266076,4.29000000,1250.55000000,4.264
1749266076,4.29100000,504.93000000,4.264
1749266076,4.29200000,89.46000000,4.264
1749266076,4.29300000,130.32000000,4.264
1749266076,4.29400000,1121.43000000,4.264
1749266076,4.29500000,16.95000000,4.264
1749266076,4.29600000,130.98000000,4.264
1749266076,4.29700000,59.69000000,4.264
1749266076,4.29800000,46.66000000,4.264
1749266076,4.29900000,85.28000000,4.264
1749266076,4.30000000,3618.82000000,4.264
1749266076,4.30100000,101.51000000,4.264
1749266076,4.30200000,664.39000000,4.264
1749266076,4.30300000,4.13000000,4.264
1749266076,4.30400000,480.59000000,4.264
1749266076,4.30500000,46.90000000,4.264
1749266076,4.30600000,2.37000000,4.264
1749266076,4.30700000,13.61000000,4.264
1749266076,4.30800000,35.86000000,4.264
1749266076,4.30900000,63.73000000,4.264
1749266076,4.31000000,471.56000000,4.264
1749266076,4.31100000,10.45000000,4.264
1749266076,4.31200000,7.61000000,4.264
1749266076,4.31300000,3.75000000,4.264
1749266076,4.31400000,2.36000000,4.264
1749266076,4.31500000,2.36000000,4.264
1749266076,4.31600000,60.34000000,4.264
1749266076,4.31700000,4.28000000,4.264
1749266076,4.31800000,6.54000000,4.264
1749266076,4.31900000,105.44000000,4.264
1749266076,4.32000000,12.36000000,4.264
1749266076,4.32100000,3.53000000,4.264
1749266076,4.32200000,9.63000000,4.264
1749266076,4.32300000,1221.91000000,4.264
1749266076,4.32400000,31.28000000,4.264
1749266076,4.32500000,11.63000000,4.264
1749266076,4.32600000,4.88000000,4.264
1749266076,4.32700000,95.61000000,4.264
1749266076,4.32800000,1367.38000000,4.264
1749266076,4.32900000,51.17000000,4.264
1749266076,4.33000000,3.61000000,4.264
1749266076,4.33100000,2.36000000,4.264
1749266076,4.33200000,5.55000000,4.264
1749266076,4.33300000,10.87000000,4.264
1749266076,4.33400000,10.65000000,4.264
1749266076,4.33500000,2.35000000,4.264
1749266076,4.33600000,100.87000000,4.264
1749266076,4.33700000,9.30000000,4.264
1749266076,4.33800000,19.64000000,4.264
1749266076,4.33900000,2.35000000,4.264
1749266076,4.34000000,32.73000000,4.264
1749266076,4.34100000,24.36000000,4.264
1749266076,4.34200000,75.23000000,4.264
1749266076,4.34300000,5.24000000,4.264
1749266076,4.34400000,3.10000000,4.264
1749266076,4.34600000,4.01000000,4.264
1749266076,4.34700000,10.99000000,4.264
1749266076,4.34800000,68.70000000,4.264
1749266076,4.35000000,653.55000000,4.264
1749266076,4.35100000,13.01000000,4.264
1749266076,4.35200000,2.97000000,4.264
1749266076,4.35300000,3.04000000,4.264
1749266076,4.35400000,5.04000000,4.264
1749266076,4.35600000,6.74000000,4.264
1749266076,4.35800000,111.12000000,4.264
1749266076,4.36000000,18.04000000,4.264
1749266076,4.36300000,19.18000000,4.264
1749266076,4.36400000,20.40000000,4.264
1749266076,4.36600000,9.08000000,4.264
1749266076,4.36900000,2.66000000,4.264
1749266076,4.37100000,6.51000000,4.264
1749266076,4.37200000,58.38000000,4.264
1749266076,4.37300000,70.67000000,4.264
1749266076,4.37500000,11.02000000,4.264
1749266378,4.25500000,2.83000000,4.257
1749266378,4.25600000,645.65000000,4.257
1749266378,4.25700000,1228.51000000,4.257
1749266378,4.25800000,1008.19000000,4.257
1749266378,4.25900000,1312.32000000,4.257
1749266378,4.26000000,1582.72000000,4.257
1749266378,4.26100000,3345.05000000,4.257
1749266378,4.26200000,5752.82000000,4.257
1749266378,4.26300000,2734.57000000,4.257
1749266378,4.26400000,1346.37000000,4.257
1749266378,4.26500000,2073.10000000,4.257
1749266378,4.26600000,616.99000000,4.257
1749266378,4.26700000,908.85000000,4.257
1749266378,4.26800000,127.80000000,4.257
1749266378,4.26900000,469.97000000,4.257
1749266378,4.27000000,722.21000000,4.257
1749266378,4.27100000,365.59000000,4.257
1749266378,4.27200000,660.77000000,4.257
1749266378,4.27300000,367.79000000,4.257
1749266378,4.27400000,2113.65000000,4.257
1749266378,4.27500000,705.36000000,4.257
1749266378,4.27600000,46.91000000,4.257
1749266378,4.27700000,352.07000000,4.257
1749266378,4.27800000,637.71000000,4.257
1749266378,4.27900000,3336.38000000,4.257
1749266378,4.28000000,36.90000000,4.257
1749266378,4.28100000,429.19000000,4.257
1749266378,4.28200000,533.28000000,4.257
1749266378,4.28300000,1681.01000000,4.257
1749266378,4.28400000,75.77000000,4.257
1749266378,4.28500000,3455.58000000,4.257
1749266378,4.28600000,137.41000000,4.257
1749266378,4.28700000,551.31000000,4.257
1749266378,4.28800000,166.60000000,4.257
1749266378,4.28900000,334.46000000,4.257
1749266378,4.29000000,214.87000000,4.257
1749266378,4.29100000,10.53000000,4.257
1749266378,4.29200000,30.03000000,4.257
1749266378,4.29300000,130.32000000,4.257
1749266378,4.29400000,1798.57000000,4.257
1749266378,4.29500000,44.60000000,4.257
1749266378,4.29600000,130.98000000,4.257
1749266378,4.29700000,87.34000000,4.257
1749266378,4.29800000,74.31000000,4.257
1749266378,4.29900000,85.28000000,4.257
1749266378,4.30000000,3618.82000000,4.257
1749266378,4.30100000,1192.49000000,4.257
1749266378,4.30200000,2.37000000,4.257
1749266378,4.30300000,31.78000000,4.257
1749266378,4.30400000,480.59000000,4.257
1749266378,4.30500000,46.90000000,4.257
1749266378,4.30600000,30.02000000,4.257
1749266378,4.30700000,15.37000000,4.257
1749266378,4.30800000,63.51000000,4.257
1749266378,4.30900000,65.49000000,4.257
1749266378,4.31000000,471.56000000,4.257
1749266378,4.31100000,10.45000000,4.257
1749266378,4.31200000,7.61000000,4.257
1749266378,4.31300000,3.75000000,4.257
1749266378,4.31400000,2.36000000,4.257
1749266378,4.31500000,2.36000000,4.257
1749266378,4.31600000,60.34000000,4.257
1749266378,4.31700000,1221.27000000,4.257
1749266378,4.31800000,6.54000000,4.257
1749266378,4.31900000,105.44000000,4.257
1749266378,4.32000000,12.36000000,4.257
1749266378,4.32100000,3.53000000,4.257
1749266378,4.32200000,9.63000000,4.257
1749266378,4.32300000,53.66000000,4.257
1749266378,4.32400000,31.28000000,4.257
1749266378,4.32500000,11.63000000,4.257
1749266378,4.32600000,4.88000000,4.257
1749266378,4.32700000,95.61000000,4.257
1749266378,4.32800000,1367.38000000,4.257
1749266378,4.32900000,51.17000000,4.257
1749266378,4.33000000,3.61000000,4.257
1749266378,4.33200000,3.20000000,4.257
1749266378,4.33300000,8.52000000,4.257
1749266378,4.33400000,8.30000000,4.257
1749266378,4.33600000,98.52000000,4.257
1749266378,4.33700000,6.95000000,4.257
1749266378,4.33800000,17.29000000,4.257
1749266378,4.34000000,32.73000000,4.257
1749266378,4.34100000,24.36000000,4.257
1749266378,4.34200000,75.23000000,4.257
1749266378,4.34300000,5.24000000,4.257
1749266378,4.34400000,3.10000000,4.257
1749266378,4.34600000,4.01000000,4.257
1749266378,4.34700000,10.99000000,4.257
1749266378,4.34800000,68.70000000,4.257
1749266378,4.35000000,653.55000000,4.257
1749266378,4.35100000,13.01000000,4.257
1749266378,4.35200000,2.97000000,4.257
1749266378,4.35300000,3.04000000,4.257
1749266378,4.35400000,5.04000000,4.257
1749266378,4.35600000,6.74000000,4.257
1749266378,4.35800000,111.12000000,4.257
1749266378,4.36000000,18.04000000,4.257
1749266378,4.36300000,19.18000000,4.257
1749266378,4.36400000,20.40000000,4.257
1749266681,4.27200000,26.71000000,4.271
1749266681,4.27300000,520.85000000,4.271
1749266681,4.27400000,1008.07000000,4.271
1749266681,4.27500000,2757.05000000,4.271
1749266681,4.27600000,2120.35000000,4.271
1749266681,4.27700000,3231.03000000,4.271
1749266681,4.27800000,4162.24000000,4.271
1749266681,4.27900000,2507.37000000,4.271
1749266681,4.28000000,1035.24000000,4.271
1749266681,4.28100000,1478.91000000,4.271
1749266681,4.28200000,3218.54000000,4.271
1749266681,4.28300000,3196.89000000,4.271
1749266681,4.28400000,2.38000000,4.271
1749266681,4.28500000,1176.13000000,4.271
1749266681,4.28600000,126.07000000,4.271
1749266681,4.28700000,627.81000000,4.271
1749266681,4.28800000,215.45000000,4.271
1749266681,4.28900000,827.91000000,4.271
1749266681,4.29000000,238.25000000,4.271
1749266681,4.29100000,702.14000000,4.271
1749266681,4.29200000,3540.89000000,4.271
1749266681,4.29300000,334.46000000,4.271
1749266681,4.29400000,1548.82000000,4.271
1749266681,4.29500000,62.69000000,4.271
1749266681,4.29600000,130.98000000,4.271
1749266681,4.29700000,390.00000000,4.271
1749266681,4.29800000,46.66000000,4.271
1749266681,4.29900000,415.59000000,4.271
1749266681,4.30000000,3234.42000000,4.271
1749266681,4.30100000,1164.84000000,4.271
1749266681,4.30200000,2.37000000,4.271
1749266681,4.30300000,4.13000000,4.271
1749266681,4.30400000,480.59000000,4.271
1749266681,4.30500000,46.90000000,4.271
1749266681,4.30600000,2.37000000,4.271
1749266681,4.30700000,1029.72000000,4.271
1749266681,4.30800000,35.86000000,4.271
1749266681,4.30900000,65.49000000,4.271
1749266681,4.31000000,1523.33000000,4.271
1749266681,4.31100000,12.21000000,4.271
1749266681,4.31200000,31.74000000,4.271
1749266681,4.31300000,5.51000000,4.271
1749266681,4.31400000,2.36000000,4.271
1749266681,4.31500000,2.36000000,4.271
1749266681,4.31600000,60.34000000,4.271
1749266681,4.31700000,4.28000000,4.271
1749266681,4.31800000,6.54000000,4.271
1749266681,4.31900000,105.44000000,4.271
1749266681,4.32000000,12.36000000,4.271
1749266681,4.32100000,3.53000000,4.271
1749266681,4.32200000,9.63000000,4.271
1749266681,4.32300000,53.66000000,4.271
1749266681,4.32400000,31.28000000,4.271
1749266681,4.32500000,11.63000000,4.271
1749266681,4.32600000,4.88000000,4.271
1749266681,4.32700000,95.61000000,4.271
1749266681,4.32800000,5.40000000,4.271
1749266681,4.32900000,6.76000000,4.271
1749266681,4.33000000,3.61000000,4.271
1749266681,4.33100000,2.36000000,4.271
1749266681,4.33200000,5.55000000,4.271
1749266681,4.33300000,1225.14000000,4.271
1749266681,4.33400000,10.65000000,4.271
1749266681,4.33500000,2.35000000,4.271
1749266681,4.33600000,100.87000000,4.271
1749266681,4.33700000,1371.28000000,4.271
1749266681,4.33800000,19.64000000,4.271
1749266681,4.33900000,2.35000000,4.271
1749266681,4.34000000,35.08000000,4.271
1749266681,4.34100000,71.12000000,4.271
1749266681,4.34200000,77.58000000,4.271
1749266681,4.34300000,7.59000000,4.271
1749266681,4.34400000,5.45000000,4.271
1749266681,4.34500000,2.35000000,4.271
1749266681,4.34600000,6.36000000,4.271
1749266681,4.34700000,13.34000000,4.271
1749266681,4.34800000,68.70000000,4.271
1749266681,4.35000000,653.55000000,4.271
1749266681,4.35100000,13.01000000,4.271
1749266681,4.35200000,2.97000000,4.271
1749266681,4.35300000,3.04000000,4.271
1749266681,4.35400000,5.04000000,4.271
1749266681,4.35600000,6.74000000,4.271
1749266681,4.35800000,111.12000000,4.271
1749266681,4.36000000,18.04000000,4.271
1749266681,4.36300000,19.18000000,4.271
1749266681,4.36400000,20.40000000,4.271
1749266681,4.36600000,9.08000000,4.271
1749266681,4.36900000,2.66000000,4.271
1749266681,4.37100000,6.51000000,4.271
1749266681,4.37200000,58.38000000,4.271
1749266681,4.37300000,13.49000000,4.271
1749266681,4.37500000,11.02000000,4.271
1749266681,4.37700000,5.84000000,4.271
1749266681,4.37900000,121.71000000,4.271
1749266681,4.38000000,10.00000000,4.271
1749266681,4.38300000,2.30000000,4.271
1749266681,4.38400000,57.18000000,4.271
1749266681,4.38500000,19.66000000,4.271
1749266681,4.38600000,9.92000000,4.271
1749266982,4.26500000,154.11000000,4.265
1749266982,4.26600000,1428.70000000,4.265
1749266982,4.26700000,1225.57000000,4.265
1749266982,4.26800000,1654.53000000,4.265
1749266982,4.26900000,2016.72000000,4.265
1749266982,4.27000000,3497.60000000,4.265
1749266982,4.27100000,3667.56000000,4.265
1749266982,4.27200000,3348.56000000,4.265
1749266982,4.27300000,2823.03000000,4.265
1749266982,4.27400000,976.39000000,4.265
1749266982,4.27500000,618.24000000,4.265
1749266982,4.27600000,309.80000000,4.265
1749266982,4.27700000,3047.99000000,4.265
1749266982,4.27800000,715.96000000,4.265
1749266982,4.27900000,638.54000000,4.265
1749266982,4.28000000,163.93000000,4.265
1749266982,4.28100000,343.87000000,4.265
1749266982,4.28200000,35.90000000,4.265
1749266982,4.28300000,3491.91000000,4.265
1749266982,4.28400000,30.03000000,4.265
1749266982,4.28500000,601.80000000,4.265
1749266982,4.28600000,77.22000000,4.265
1749266982,4.28700000,551.31000000,4.265
1749266982,4.28800000,166.60000000,4.265
1749266982,4.28900000,334.46000000,4.265
1749266982,4.29000000,1359.96000000,4.265
1749266982,4.29100000,340.84000000,4.265
1749266982,4.29200000,4031.51000000,4.265
1749266982,4.29300000,362.11000000,4.265
1749266982,4.29400000,435.58000000,4.265
1749266982,4.29500000,62.69000000,4.265
1749266982,4.29600000,1369.97000000,4.265
1749266982,4.29700000,390.00000000,4.265
1749266982,4.29800000,74.31000000,4.265
1749266982,4.29900000,415.59000000,4.265
1749266982,4.30000000,3234.42000000,4.265
1749266982,4.30100000,1164.84000000,4.265
1749266982,4.30200000,677.04000000,4.265
1749266982,4.30300000,31.78000000,4.265
1749266982,4.30400000,480.59000000,4.265
1749266982,4.30500000,46.90000000,4.265
1749266982,4.30600000,30.02000000,4.265
1749266982,4.30700000,15.37000000,4.265
1749266982,4.30800000,63.51000000,4.265
1749266982,4.30900000,65.49000000,4.265
1749266982,4.31000000,856.47000000,4.265
1749266982,4.31100000,39.86000000,4.265
1749266982,4.31200000,31.74000000,4.265
1749266982,4.31300000,5.51000000,4.265
1749266982,4.31400000,2.36000000,4.265
1749266982,4.31500000,2.36000000,4.265
1749266982,4.31600000,60.34000000,4.265
1749266982,4.31700000,4.28000000,4.265
1749266982,4.31800000,6.54000000,4.265
1749266982,4.31900000,105.44000000,4.265
1749266982,4.32000000,12.36000000,4.265
1749266982,4.32100000,3.53000000,4.265
1749266982,4.32200000,9.63000000,4.265
1749266982,4.32300000,53.66000000,4.265
1749266982,4.32400000,31.28000000,4.265
1749266982,4.32500000,1226.57000000,4.265
1749266982,4.32600000,4.88000000,4.265
1749266982,4.32700000,95.61000000,4.265
1749266982,4.32800000,5.40000000,4.265
1749266982,4.32900000,6.76000000,4.265
1749266982,4.33000000,3.61000000,4.265
1749266982,4.33100000,2.36000000,4.265
1749266982,4.33200000,5.55000000,4.265
1749266982,4.33300000,10.87000000,4.265
1749266982,4.33400000,10.65000000,4.265
1749266982,4.33500000,2.35000000,4.265
1749266982,4.33600000,100.87000000,4.265
1749266982,4.33700000,1371.28000000,4.265
1749266982,4.33800000,19.64000000,4.265
1749266982,4.33900000,2.35000000,4.265
1749266982,4.34000000,35.08000000,4.265
1749266982,4.34100000,68.77000000,4.265
1749266982,4.34200000,75.23000000,4.265
1749266982,4.34300000,5.24000000,4.265
1749266982,4.34400000,3.10000000,4.265
1749266982,4.34600000,4.01000000,4.265
1749266982,4.34700000,10.99000000,4.265
1749266982,4.34800000,68.70000000,4.265
1749266982,4.35000000,647.74000000,4.265
1749266982,4.35100000,13.01000000,4.265
1749266982,4.35200000,2.97000000,4.265
1749266982,4.35300000,3.04000000,4.265
1749266982,4.35400000,5.04000000,4.265
1749266982,4.35600000,6.74000000,4.265
1749266982,4.35800000,111.12000000,4.265
1749266982,4.36000000,18.04000000,4.265
1749266982,4.36300000,19.18000000,4.265
1749266982,4.36400000,20.40000000,4.265
1749266982,4.36600000,9.08000000,4.265
1749266982,4.36900000,2.66000000,4.265
1749266982,4.37100000,6.51000000,4.265
1749266982,4.37200000,58.38000000,4.265
1749266982,4.37300000,13.49000000,4.265
1749266982,4.37500000,11.02000000,4.265
1749266982,4.37700000,5.84000000,4.265
1749267285,4.26100000,2.35000000,4.26
1749267285,4.26200000,615.31000000,4.26
1749267285,4.26300000,1448.27000000,4.26
1749267285,4.26400000,1945.57000000,4.26
1749267285,4.26500000,2615.55000000,4.26
1749267285,4.26600000,2871.65000000,4.26
1749267285,4.26700000,2813.98000000,4.26
1749267285,4.26800000,2800.73000000,4.26
1749267285,4.26900000,1877.13000000,4.26
1749267285,4.27000000,2126.61000000,4.26
1749267285,4.27100000,515.33000000,4.26
1749267285,4.27200000,928.31000000,4.26
1749267285,4.27300000,3289.10000000,4.26
1749267285,4.27400000,85.18000000,4.26
1749267285,4.27500000,482.01000000,4.26
1749267285,4.27600000,95.74000000,4.26
1749267285,4.27700000,3342.70000000,4.26
1749267285,4.27800000,14.15000000,4.26
1749267285,4.27900000,925.49000000,4.26
1749267285,4.28000000,34.62000000,4.26
1749267285,4.28100000,342.11000000,4.26
1749267285,4.28200000,503.74000000,4.26
1749267285,4.28300000,506.37000000,4.26
1749267285,4.28400000,3453.81000000,4.26
1749267285,4.28500000,130.14000000,4.26
1749267285,4.28600000,1164.60000000,4.26
1749267285,4.28700000,551.31000000,4.26
1749267285,4.28800000,12.38000000,4.26
1749267285,4.28900000,334.46000000,4.26
1749267285,4.29000000,218.75000000,4.26
1749267285,4.29100000,340.84000000,4.26
1749267285,4.29200000,89.46000000,4.26
1749267285,4.29300000,334.46000000,4.26
1749267285,4.29400000,309.41000000,4.26
1749267285,4.29500000,16.95000000,4.26
1749267285,4.29600000,1243.98000000,4.26
1749267285,4.29700000,390.00000000,4.26
1749267285,4.29800000,46.66000000,4.26
1749267285,4.29900000,85.28000000,4.26
1749267285,4.30000000,3234.42000000,4.26
1749267285,4.30100000,1550.55000000,4.26
1749267285,4.30200000,677.04000000,4.26
1749267285,4.30300000,4.13000000,4.26
1749267285,4.30400000,480.59000000,4.26
1749267285,4.30500000,46.90000000,4.26
1749267285,4.30600000,2.37000000,4.26
1749267285,4.30700000,15.37000000,4.26
1749267285,4.30800000,35.86000000,4.26
1749267285,4.30900000,65.49000000,4.26
1749267285,4.31000000,471.56000000,4.26
1749267285,4.31100000,12.21000000,4.26
1749267285,4.31200000,31.74000000,4.26
1749267285,4.31300000,5.51000000,4.26
1749267285,4.31400000,2.36000000,4.26
1749267285,4.31500000,2.36000000,4.26
1749267285,4.31600000,60.34000000,4.26
1749267285,4.31700000,4.28000000,4.26
1749267285,4.31800000,6.54000000,4.26
1749267285,4.31900000,105.44000000,4.26
1749267285,4.32000000,12.36000000,4.26
1749267285,4.32100000,3.53000000,4.26
1749267285,4.32200000,1225.80000000,4.26
1749267285,4.32300000,53.66000000,4.26
1749267285,4.32400000,31.28000000,4.26
1749267285,4.32500000,11.63000000,4.26
1749267285,4.32600000,4.88000000,4.26
1749267285,4.32700000,95.61000000,4.26
1749267285,4.32800000,1367.38000000,4.26
1749267285,4.32900000,6.76000000,4.26
1749267285,4.33000000,3.61000000,4.26
1749267285,4.33100000,2.36000000,4.26
1749267285,4.33200000,5.55000000,4.26
1749267285,4.33300000,10.87000000,4.26
1749267285,4.33400000,10.65000000,4.26
1749267285,4.33500000,2.35000000,4.26
1749267285,4.33600000,100.87000000,4.26
1749267285,4.33700000,9.29000000,4.26
1749267285,4.33800000,17.29000000,4.26
1749267285,4.34000000,32.73000000,4.26
1749267285,4.34100000,68.77000000,4.26
1749267285,4.34200000,75.23000000,4.26
1749267285,4.34300000,5.24000000,4.26
1749267285,4.34400000,3.10000000,4.26
1749267285,4.34600000,4.01000000,4.26
1749267285,4.34700000,10.99000000,4.26
1749267285,4.34800000,68.70000000,4.26
1749267285,4.35000000,647.74000000,4.26
1749267285,4.35100000,13.01000000,4.26
1749267285,4.35200000,2.97000000,4.26
1749267285,4.35300000,3.04000000,4.26
1749267285,4.35400000,5.04000000,4.26
1749267285,4.35600000,6.74000000,4.26
1749267285,4.35800000,111.12000000,4.26
1749267285,4.36000000,18.04000000,4.26
1749267285,4.36300000,19.18000000,4.26
1749267285,4.36400000,20.40000000,4.26
1749267285,4.36600000,9.08000000,4.26
1749267285,4.36900000,2.66000000,4.26
1749267285,4.37100000,6.51000000,4.26
1749267285,4.37200000,58.38000000,4.26
1749267586,4.26400000,152.34000000,4.264
1749267586,4.26500000,1010.59000000,4.264
1749267586,4.26600000,2241.63000000,4.264
1749267586,4.26700000,1439.79000000,4.264
1749267586,4.26800000,2189.97000000,4.264
1749267586,4.26900000,3693.62000000,4.264
1749267586,4.27000000,3385.50000000,4.264
1749267586,4.27100000,2316.67000000,4.264
1749267586,4.27200000,2043.93000000,4.264
1749267586,4.27300000,2911.98000000,4.264
1749267586,4.27400000,224.38000000,4.264
1749267586,4.27500000,482.01000000,4.264
1749267586,4.27600000,551.55000000,4.264
1749267586,4.27700000,3342.70000000,4.264
1749267586,4.27800000,141.75000000,4.264
1749267586,4.27900000,598.94000000,4.264
1749267586,4.28000000,138.79000000,4.264
1749267586,4.28100000,418.61000000,4.264
1749267586,4.28200000,34.16000000,4.264
1749267586,4.28300000,908.95000000,4.264
1749267586,4.28400000,3949.16000000,4.264
1749267586,4.28500000,157.81000000,4.264
1749267586,4.28600000,77.24000000,4.264
1749267586,4.28700000,551.31000000,4.264
1749267586,4.28800000,40.05000000,4.264
1749267586,4.28900000,1448.81000000,4.264
1749267586,4.29000000,246.43000000,4.264
1749267586,4.29100000,340.84000000,4.264
1749267586,4.29200000,117.13000000,4.264
1749267586,4.29300000,334.46000000,4.264
1749267586,4.29400000,355.15000000,4.264
1749267586,4.29500000,44.62000000,4.264
1749267586,4.29600000,1243.98000000,4.264
1749267586,4.29700000,390.00000000,4.264
1749267586,4.29800000,74.33000000,4.264
1749267586,4.29900000,85.28000000,4.264
1749267586,4.30000000,3234.42000000,4.264
1749267586,4.30100000,1550.55000000,4.264
1749267586,4.30200000,677.04000000,4.264
1749267586,4.30300000,31.80000000,4.264
1749267586,4.30400000,480.59000000,4.264
1749267586,4.30500000,46.90000000,4.264
1749267586,4.30600000,30.04000000,4.264
1749267586,4.30700000,15.37000000,4.264
1749267586,4.30800000,63.54000000,4.264
1749267586,4.30900000,65.49000000,4.264
1749267586,4.31000000,471.56000000,4.264
1749267586,4.31100000,12.21000000,4.264
1749267586,4.31200000,31.74000000,4.264
1749267586,4.31300000,5.51000000,4.264
1749267586,4.31400000,2.36000000,4.264
1749267586,4.31500000,2.36000000,4.264
1749267586,4.31600000,60.34000000,4.264
1749267586,4.31700000,4.28000000,4.264
1749267586,4.31800000,6.54000000,4.264
1749267586,4.31900000,105.44000000,4.264
1749267586,4.32000000,12.36000000,4.264
1749267586,4.32100000,3.53000000,4.264
1749267586,4.32200000,9.63000000,4.264
1749267586,4.32300000,1269.29000000,4.264
1749267586,4.32400000,31.28000000,4.264
1749267586,4.32500000,11.63000000,4.264
1749267586,4.32600000,4.88000000,4.264
1749267586,4.32700000,95.61000000,4.264
1749267586,4.32800000,1367.38000000,4.264
1749267586,4.32900000,6.76000000,4.264
1749267586,4.33000000,3.61000000,4.264
1749267586,4.33100000,2.36000000,4.264
1749267586,4.33200000,5.55000000,4.264
1749267586,4.33300000,10.87000000,4.264
1749267586,4.33400000,10.65000000,4.264
1749267586,4.33500000,2.35000000,4.264
1749267586,4.33600000,100.87000000,4.264
1749267586,4.33700000,11.64000000,4.264
1749267586,4.33800000,19.64000000,4.264
1749267586,4.33900000,2.35000000,4.264
1749267586,4.34000000,32.73000000,4.264
1749267586,4.34100000,68.77000000,4.264
1749267586,4.34200000,75.23000000,4.264
1749267586,4.34300000,5.24000000,4.264
1749267586,4.34400000,3.10000000,4.264
1749267586,4.34600000,4.01000000,4.264
1749267586,4.34700000,10.99000000,4.264
1749267586,4.34800000,68.70000000,4.264
1749267586,4.35000000,647.74000000,4.264
1749267586,4.35100000,13.01000000,4.264
1749267586,4.35200000,2.97000000,4.264
1749267586,4.35300000,3.04000000,4.264
1749267586,4.35400000,5.04000000,4.264
1749267586,4.35600000,6.74000000,4.264
1749267586,4.35800000,111.12000000,4.264
1749267586,4.36000000,18.04000000,4.264
1749267586,4.36300000,19.18000000,4.264
1749267586,4.36400000,20.40000000,4.264
1749267586,4.36600000,9.08000000,4.264
1749267586,4.36900000,2.66000000,4.264
1749267586,4.37100000,6.51000000,4.264
1749267586,4.37200000,58.38000000,4.264
1749267586,4.37300000,13.49000000,4.264
1749267586,4.37500000,11.02000000,4.264
1749267888,4.26800000,75.17000000,4.267
1749267888,4.26900000,1225.25000000,4.267
1749267888,4.27000000,2389.45000000,4.267
1749267888,4.27100000,2563.54000000,4.267
1749267888,4.27200000,1527.64000000,4.267
1749267888,4.27300000,3412.43000000,4.267
1749267888,4.27400000,3351.70000000,4.267
1749267888,4.27500000,983.03000000,4.267
1749267888,4.27600000,1255.11000000,4.267
1749267888,4.27700000,855.84000000,4.267
1749267888,4.27800000,688.30000000,4.267
1749267888,4.27900000,2631.43000000,4.267
1749267888,4.28000000,589.77000000,4.267
1749267888,4.28100000,418.61000000,4.267
1749267888,4.28200000,2882.12000000,4.267
1749267888,4.28300000,410.96000000,4.267
1749267888,4.28400000,2.38000000,4.267
1749267888,4.28500000,226.18000000,4.267
1749267888,4.28600000,49.57000000,4.267
1749267888,4.28700000,916.19000000,4.267
1749267888,4.28800000,3568.24000000,4.267
1749267888,4.28900000,334.46000000,4.267
1749267888,4.29000000,218.75000000,4.267
1749267888,4.29100000,830.51000000,4.267
1749267888,4.29200000,89.46000000,4.267
