timestamp,price,volume,current_price
1749258228,19.83000000,1269.56000000,19.82
1749258228,19.84000000,2776.29000000,19.82
1749258228,19.85000000,4133.47000000,19.82
1749258228,19.86000000,5292.53000000,19.82
1749258228,19.87000000,3885.61000000,19.82
1749258228,19.88000000,2734.27000000,19.82
1749258228,19.89000000,10486.36000000,19.82
1749258228,19.90000000,470.53000000,19.82
1749258228,19.91000000,685.48000000,19.82
1749258228,19.92000000,799.00000000,19.82
1749258228,19.93000000,3029.03000000,19.82
1749258228,19.94000000,457.12000000,19.82
1749258228,19.95000000,734.42000000,19.82
1749258228,19.96000000,725.91000000,19.82
1749258228,19.97000000,13929.37000000,19.82
1749258228,19.98000000,1131.48000000,19.82
1749258228,19.99000000,416.41000000,19.82
1749258228,20.00000000,1160.52000000,19.82
1749258228,20.01000000,567.38000000,19.82
1749258228,20.02000000,449.91000000,19.82
1749258228,20.03000000,1348.56000000,19.82
1749258228,20.04000000,340.98000000,19.82
1749258228,20.05000000,1251.55000000,19.82
1749258228,20.06000000,271.65000000,19.82
1749258228,20.07000000,252.30000000,19.82
1749258228,20.08000000,365.73000000,19.82
1749258228,20.09000000,771.00000000,19.82
1749258228,20.10000000,398.46000000,19.82
1749258228,20.11000000,202.18000000,19.82
1749258228,20.12000000,79.69000000,19.82
1749258228,20.13000000,92.51000000,19.82
1749258228,20.14000000,146.87000000,19.82
1749258228,20.15000000,313.05000000,19.82
1749258228,20.16000000,125.82000000,19.82
1749258228,20.17000000,80.15000000,19.82
1749258228,20.18000000,132.76000000,19.82
1749258228,20.19000000,98.61000000,19.82
1749258228,20.20000000,288.94000000,19.82
1749258228,20.21000000,156.32000000,19.82
1749258228,20.22000000,2708.77000000,19.82
1749258228,20.23000000,48.25000000,19.82
1749258228,20.24000000,27.54000000,19.82
1749258228,20.25000000,65.02000000,19.82
1749258228,20.26000000,34.03000000,19.82
1749258228,20.27000000,4.38000000,19.82
1749258228,20.28000000,4.16000000,19.82
1749258228,20.29000000,18.24000000,19.82
1749258228,20.30000000,41.09000000,19.82
1749258228,20.31000000,155.71000000,19.82
1749258228,20.32000000,59.16000000,19.82
1749258228,20.33000000,302.00000000,19.82
1749258228,20.34000000,18.25000000,19.82
1749258228,20.35000000,59.07000000,19.82
1749258228,20.36000000,31.37000000,19.82
1749258228,20.37000000,8.51000000,19.82
1749258228,20.38000000,12.04000000,19.82
1749258228,20.39000000,725.20000000,19.82
1749258228,20.40000000,108.35000000,19.82
1749258228,20.41000000,41.13000000,19.82
1749258228,20.42000000,634.57000000,19.82
1749258228,20.43000000,4.33000000,19.82
1749258228,20.44000000,27.28000000,19.82
1749258228,20.45000000,27.15000000,19.82
1749258228,20.46000000,38.57000000,19.82
1749258228,20.47000000,9.67000000,19.82
1749258228,20.48000000,3.26000000,19.82
1749258228,20.49000000,34.46000000,19.82
1749258228,20.50000000,2023.54000000,19.82
1749258228,20.51000000,19.02000000,19.82
1749258228,20.52000000,149.72000000,19.82
1749258228,20.53000000,10.97000000,19.82
1749258228,20.54000000,105.37000000,19.82
1749258228,20.55000000,81.61000000,19.82
1749258228,20.56000000,2.90000000,19.82
1749258228,20.57000000,5.32000000,19.82
1749258228,20.58000000,343.06000000,19.82
1749258228,20.59000000,12.82000000,19.82
1749258228,20.60000000,210.23000000,19.82
1749258228,20.61000000,43.21000000,19.82
1749258228,20.62000000,27.92000000,19.82
1749258228,20.63000000,110.64000000,19.82
1749258228,20.64000000,3.98000000,19.82
1749258228,20.65000000,91.76000000,19.82
1749258228,20.66000000,43.67000000,19.82
1749258228,20.67000000,11.70000000,19.82
1749258228,20.68000000,199.27000000,19.82
1749258228,20.69000000,9.79000000,19.82
1749258228,20.70000000,151.95000000,19.82
1749258228,20.71000000,21.53000000,19.82
1749258228,20.72000000,29.23000000,19.82
1749258228,20.73000000,7.81000000,19.82
1749258228,20.74000000,184.11000000,19.82
1749258228,20.75000000,70.89000000,19.82
1749258228,20.76000000,14.71000000,19.82
1749258228,20.77000000,13.42000000,19.82
1749258228,20.78000000,433.12000000,19.82
1749258228,20.79000000,102.96000000,19.82
1749258228,20.80000000,39.80000000,19.82
1749258228,20.81000000,4.39000000,19.82
1749258228,20.82000000,37.69000000,19.82
1749258530,19.83000000,560.37000000,19.82
1749258530,19.84000000,2107.62000000,19.82
1749258530,19.85000000,3955.63000000,19.82
1749258530,19.86000000,4742.15000000,19.82
1749258530,19.87000000,2068.97000000,19.82
1749258530,19.88000000,2703.88000000,19.82
1749258530,19.89000000,3316.25000000,19.82
1749258530,19.90000000,8277.36000000,19.82
1749258530,19.91000000,835.13000000,19.82
1749258530,19.92000000,2974.27000000,19.82
1749258530,19.93000000,3118.99000000,19.82
1749258530,19.94000000,455.86000000,19.82
1749258530,19.95000000,336.18000000,19.82
1749258530,19.96000000,793.99000000,19.82
1749258530,19.97000000,1721.48000000,19.82
1749258530,19.98000000,13983.31000000,19.82
1749258530,19.99000000,416.41000000,19.82
1749258530,20.00000000,1159.26000000,19.82
1749258530,20.01000000,320.52000000,19.82
1749258530,20.02000000,448.65000000,19.82
1749258530,20.03000000,1330.31000000,19.82
1749258530,20.04000000,339.72000000,19.82
1749258530,20.05000000,1251.55000000,19.82
1749258530,20.06000000,271.65000000,19.82
1749258530,20.07000000,250.58000000,19.82
1749258530,20.08000000,405.94000000,19.82
1749258530,20.09000000,771.00000000,19.82
1749258530,20.10000000,397.18000000,19.82
1749258530,20.11000000,202.18000000,19.82
1749258530,20.12000000,79.69000000,19.82
1749258530,20.13000000,92.51000000,19.82
1749258530,20.14000000,146.87000000,19.82
1749258530,20.15000000,313.05000000,19.82
1749258530,20.16000000,125.82000000,19.82
1749258530,20.17000000,78.05000000,19.82
1749258530,20.18000000,132.76000000,19.82
1749258530,20.19000000,98.61000000,19.82
1749258530,20.20000000,288.94000000,19.82
1749258530,20.21000000,232.82000000,19.82
1749258530,20.22000000,2708.77000000,19.82
1749258530,20.23000000,48.25000000,19.82
1749258530,20.24000000,27.54000000,19.82
1749258530,20.25000000,65.02000000,19.82
1749258530,20.26000000,31.93000000,19.82
1749258530,20.27000000,4.38000000,19.82
1749258530,20.28000000,4.16000000,19.82
1749258530,20.29000000,18.24000000,19.82
1749258530,20.30000000,41.09000000,19.82
1749258530,20.31000000,155.71000000,19.82
1749258530,20.32000000,59.16000000,19.82
1749258530,20.33000000,302.00000000,19.82
1749258530,20.34000000,18.25000000,19.82
1749258530,20.35000000,59.07000000,19.82
1749258530,20.36000000,29.27000000,19.82
1749258530,20.37000000,8.51000000,19.82
1749258530,20.38000000,12.04000000,19.82
1749258530,20.39000000,725.20000000,19.82
1749258530,20.40000000,108.35000000,19.82
1749258530,20.41000000,41.13000000,19.82
1749258530,20.42000000,634.57000000,19.82
1749258530,20.43000000,4.33000000,19.82
1749258530,20.44000000,27.28000000,19.82
1749258530,20.45000000,27.15000000,19.82
1749258530,20.46000000,36.73000000,19.82
1749258530,20.47000000,9.67000000,19.82
1749258530,20.48000000,3.26000000,19.82
1749258530,20.49000000,34.46000000,19.82
1749258530,20.50000000,2023.54000000,19.82
1749258530,20.51000000,19.02000000,19.82
1749258530,20.52000000,149.72000000,19.82
1749258530,20.53000000,10.97000000,19.82
1749258530,20.54000000,105.37000000,19.82
1749258530,20.55000000,81.61000000,19.82
1749258530,20.56000000,0.80000000,19.82
1749258530,20.57000000,5.32000000,19.82
1749258530,20.58000000,343.06000000,19.82
1749258530,20.59000000,12.82000000,19.82
1749258530,20.60000000,210.23000000,19.82
1749258530,20.61000000,43.21000000,19.82
1749258530,20.62000000,27.92000000,19.82
1749258530,20.63000000,110.64000000,19.82
1749258530,20.64000000,3.98000000,19.82
1749258530,20.65000000,91.76000000,19.82
1749258530,20.66000000,41.57000000,19.82
1749258530,20.67000000,11.70000000,19.82
1749258530,20.68000000,199.27000000,19.82
1749258530,20.69000000,9.79000000,19.82
1749258530,20.70000000,151.95000000,19.82
1749258530,20.71000000,21.53000000,19.82
1749258530,20.72000000,29.23000000,19.82
1749258530,20.73000000,7.81000000,19.82
1749258530,20.74000000,184.11000000,19.82
1749258530,20.75000000,68.79000000,19.82
1749258530,20.76000000,14.71000000,19.82
1749258530,20.77000000,13.42000000,19.82
1749258530,20.78000000,433.12000000,19.82
1749258530,20.79000000,102.96000000,19.82
1749258530,20.80000000,40.80000000,19.82
1749258530,20.81000000,4.39000000,19.82
1749258530,20.82000000,37.69000000,19.82
1749258845,19.83000000,1308.52000000,19.82
1749258845,19.84000000,2446.98000000,19.82
1749258845,19.85000000,3759.57000000,19.82
1749258845,19.86000000,5581.23000000,19.82
1749258845,19.87000000,2382.47000000,19.82
1749258845,19.88000000,2550.82000000,19.82
1749258845,19.89000000,1547.28000000,19.82
1749258845,19.90000000,10063.55000000,19.82
1749258845,19.91000000,2662.27000000,19.82
1749258845,19.92000000,3407.99000000,19.82
1749258845,19.93000000,469.51000000,19.82
1749258845,19.94000000,455.86000000,19.82
1749258845,19.95000000,735.68000000,19.82
1749258845,19.96000000,1023.31000000,19.82
1749258845,19.97000000,13927.65000000,19.82
1749258845,19.98000000,1139.29000000,19.82
1749258845,19.99000000,416.41000000,19.82
1749258845,20.00000000,1159.26000000,19.82
1749258845,20.01000000,340.04000000,19.82
1749258845,20.02000000,283.94000000,19.82
1749258845,20.03000000,1891.65000000,19.82
1749258845,20.04000000,340.98000000,19.82
1749258845,20.05000000,1251.55000000,19.82
1749258845,20.06000000,271.65000000,19.82
1749258845,20.07000000,251.84000000,19.82
1749258845,20.08000000,405.94000000,19.82
1749258845,20.09000000,208.84000000,19.82
1749258845,20.10000000,399.69000000,19.82
1749258845,20.11000000,206.09000000,19.82
1749258845,20.12000000,83.17000000,19.82
1749258845,20.13000000,93.77000000,19.82
1749258845,20.14000000,146.87000000,19.82
1749258845,20.15000000,313.05000000,19.82
1749258845,20.16000000,127.08000000,19.82
1749258845,20.17000000,78.05000000,19.82
1749258845,20.18000000,132.76000000,19.82
1749258845,20.19000000,98.61000000,19.82
1749258845,20.20000000,288.94000000,19.82
1749258845,20.21000000,232.82000000,19.82
1749258845,20.22000000,2708.77000000,19.82
1749258845,20.23000000,48.25000000,19.82
1749258845,20.24000000,27.54000000,19.82
1749258845,20.25000000,65.02000000,19.82
1749258845,20.26000000,31.93000000,19.82
1749258845,20.27000000,4.38000000,19.82
1749258845,20.28000000,4.16000000,19.82
1749258845,20.29000000,18.24000000,19.82
1749258845,20.30000000,41.09000000,19.82
1749258845,20.31000000,155.71000000,19.82
1749258845,20.32000000,59.16000000,19.82
1749258845,20.33000000,302.00000000,19.82
1749258845,20.34000000,18.25000000,19.82
1749258845,20.35000000,59.07000000,19.82
1749258845,20.36000000,29.27000000,19.82
1749258845,20.37000000,8.51000000,19.82
1749258845,20.38000000,12.04000000,19.82
1749258845,20.39000000,725.20000000,19.82
1749258845,20.40000000,108.35000000,19.82
1749258845,20.41000000,41.13000000,19.82
1749258845,20.42000000,634.57000000,19.82
1749258845,20.43000000,4.33000000,19.82
1749258845,20.44000000,27.28000000,19.82
1749258845,20.45000000,27.15000000,19.82
1749258845,20.46000000,36.73000000,19.82
1749258845,20.47000000,9.67000000,19.82
1749258845,20.48000000,3.26000000,19.82
1749258845,20.49000000,34.46000000,19.82
1749258845,20.50000000,2023.54000000,19.82
1749258845,20.51000000,19.02000000,19.82
1749258845,20.52000000,149.72000000,19.82
1749258845,20.53000000,10.97000000,19.82
1749258845,20.54000000,105.37000000,19.82
1749258845,20.55000000,81.61000000,19.82
1749258845,20.56000000,0.80000000,19.82
1749258845,20.57000000,5.32000000,19.82
1749258845,20.58000000,343.06000000,19.82
1749258845,20.59000000,12.82000000,19.82
1749258845,20.60000000,210.23000000,19.82
1749258845,20.61000000,43.21000000,19.82
1749258845,20.62000000,27.92000000,19.82
1749258845,20.63000000,110.64000000,19.82
1749258845,20.64000000,3.98000000,19.82
1749258845,20.65000000,91.76000000,19.82
1749258845,20.66000000,41.57000000,19.82
1749258845,20.67000000,11.70000000,19.82
1749258845,20.68000000,199.27000000,19.82
1749258845,20.69000000,9.79000000,19.82
1749258845,20.70000000,151.95000000,19.82
1749258845,20.71000000,21.53000000,19.82
1749258845,20.72000000,29.23000000,19.82
1749258845,20.73000000,7.81000000,19.82
1749258845,20.74000000,184.11000000,19.82
1749258845,20.75000000,68.79000000,19.82
1749258845,20.76000000,14.71000000,19.82
1749258845,20.77000000,13.42000000,19.82
1749258845,20.78000000,433.12000000,19.82
1749258845,20.79000000,102.96000000,19.82
1749258845,20.80000000,40.80000000,19.82
1749258845,20.81000000,4.39000000,19.82
1749258845,20.82000000,37.69000000,19.82
1749259151,19.80000000,1675.80000000,19.79
1749259151,19.81000000,2750.66000000,19.79
1749259151,19.82000000,3272.98000000,19.79
1749259151,19.83000000,5621.62000000,19.79
1749259151,19.84000000,5039.62000000,19.79
1749259151,19.85000000,1695.33000000,19.79
1749259151,19.86000000,11128.82000000,19.79
1749259151,19.87000000,622.23000000,19.79
1749259151,19.88000000,3374.07000000,19.79
1749259151,19.89000000,535.47000000,19.79
1749259151,19.90000000,721.55000000,19.79
1749259151,19.91000000,443.48000000,19.79
1749259151,19.92000000,1150.20000000,19.79
1749259151,19.93000000,1014.00000000,19.79
1749259151,19.94000000,13321.34000000,19.79
1749259151,19.95000000,501.18000000,19.79
1749259151,19.96000000,382.66000000,19.79
1749259151,19.97000000,1029.20000000,19.79
1749259151,19.98000000,1113.68000000,19.79
1749259151,19.99000000,365.12000000,19.79
1749259151,20.00000000,1159.36000000,19.79
1749259151,20.01000000,290.74000000,19.79
1749259151,20.02000000,239.53000000,19.79
1749259151,20.03000000,1327.91000000,19.79
1749259151,20.04000000,239.82000000,19.79
1749259151,20.05000000,1199.29000000,19.79
1749259151,20.06000000,270.14000000,19.79
1749259151,20.07000000,166.00000000,19.79
1749259151,20.08000000,96.38000000,19.79
1749259151,20.09000000,80.24000000,19.79
1749259151,20.10000000,241.21000000,19.79
1749259151,20.11000000,87.35000000,19.79
1749259151,20.12000000,78.69000000,19.79
1749259151,20.13000000,114.11000000,19.79
1749259151,20.14000000,277.24000000,19.79
1749259151,20.15000000,267.64000000,19.79
1749259151,20.16000000,125.82000000,19.79
1749259151,20.17000000,87.96000000,19.79
1749259151,20.18000000,77.19000000,19.79
1749259151,20.19000000,22.11000000,19.79
1749259151,20.20000000,191.54000000,19.79
1749259151,20.21000000,25.95000000,19.79
1749259151,20.22000000,2708.77000000,19.79
1749259151,20.23000000,48.25000000,19.79
1749259151,20.24000000,6.61000000,19.79
1749259151,20.25000000,55.15000000,19.79
1749259151,20.26000000,31.93000000,19.79
1749259151,20.27000000,154.07000000,19.79
1749259151,20.28000000,4.16000000,19.79
1749259151,20.29000000,18.24000000,19.79
1749259151,20.30000000,41.09000000,19.79
1749259151,20.31000000,155.71000000,19.79
1749259151,20.32000000,59.16000000,19.79
1749259151,20.33000000,201.05000000,19.79
1749259151,20.34000000,18.25000000,19.79
1749259151,20.35000000,59.07000000,19.79
1749259151,20.36000000,41.08000000,19.79
1749259151,20.37000000,8.51000000,19.79
1749259151,20.38000000,12.04000000,19.79
1749259151,20.39000000,676.46000000,19.79
1749259151,20.40000000,108.35000000,19.79
1749259151,20.41000000,41.13000000,19.79
1749259151,20.42000000,622.76000000,19.79
1749259151,20.43000000,4.33000000,19.79
1749259151,20.44000000,27.28000000,19.79
1749259151,20.45000000,27.15000000,19.79
1749259151,20.46000000,36.73000000,19.79
1749259151,20.47000000,9.67000000,19.79
1749259151,20.48000000,2.26000000,19.79
1749259151,20.49000000,34.46000000,19.79
1749259151,20.50000000,2023.54000000,19.79
1749259151,20.51000000,19.02000000,19.79
1749259151,20.52000000,149.72000000,19.79
1749259151,20.53000000,10.97000000,19.79
1749259151,20.54000000,105.37000000,19.79
1749259151,20.55000000,81.61000000,19.79
1749259151,20.56000000,0.29000000,19.79
1749259151,20.57000000,4.81000000,19.79
1749259151,20.58000000,342.55000000,19.79
1749259151,20.59000000,12.82000000,19.79
1749259151,20.60000000,210.23000000,19.79
1749259151,20.61000000,43.21000000,19.79
1749259151,20.62000000,27.92000000,19.79
1749259151,20.63000000,110.64000000,19.79
1749259151,20.64000000,3.98000000,19.79
1749259151,20.65000000,91.76000000,19.79
1749259151,20.66000000,41.57000000,19.79
1749259151,20.67000000,11.70000000,19.79
1749259151,20.68000000,247.68000000,19.79
1749259151,20.69000000,9.79000000,19.79
1749259151,20.70000000,151.95000000,19.79
1749259151,20.71000000,21.53000000,19.79
1749259151,20.72000000,29.23000000,19.79
1749259151,20.73000000,7.81000000,19.79
1749259151,20.74000000,135.70000000,19.79
1749259151,20.75000000,68.79000000,19.79
1749259151,20.76000000,14.71000000,19.79
1749259151,20.77000000,13.42000000,19.79
1749259151,20.78000000,433.12000000,19.79
1749259151,20.79000000,102.96000000,19.79
