timestamp,price,volume,current_price
1749260637,19.66000000,1660.82000000,19.65
1749260637,19.67000000,3280.13000000,19.65
1749260637,19.68000000,3969.47000000,19.65
1749260637,19.69000000,4944.99000000,19.65
1749260637,19.70000000,3183.23000000,19.65
1749260637,19.71000000,4741.29000000,19.65
1749260637,19.72000000,1548.60000000,19.65
1749260637,19.73000000,8538.98000000,19.65
1749260637,19.74000000,2414.55000000,19.65
1749260637,19.75000000,505.16000000,19.65
1749260637,19.76000000,1149.21000000,19.65
1749260637,19.77000000,2791.60000000,19.65
1749260637,19.78000000,467.31000000,19.65
1749260637,19.79000000,1448.26000000,19.65
1749260637,19.80000000,14312.01000000,19.65
1749260637,19.81000000,424.20000000,19.65
1749260637,19.82000000,352.85000000,19.65
1749260637,19.83000000,982.58000000,19.65
1749260637,19.84000000,285.51000000,19.65
1749260637,19.85000000,365.91000000,19.65
1749260637,19.86000000,290.48000000,19.65
1749260637,19.87000000,403.96000000,19.65
1749260637,19.88000000,398.16000000,19.65
1749260637,19.89000000,413.82000000,19.65
1749260637,19.90000000,327.58000000,19.65
1749260637,19.91000000,278.68000000,19.65
1749260637,19.92000000,265.11000000,19.65
1749260637,19.93000000,244.42000000,19.65
1749260637,19.94000000,284.12000000,19.65
1749260637,19.95000000,238.11000000,19.65
1749260637,19.96000000,238.49000000,19.65
1749260637,19.97000000,868.77000000,19.65
1749260637,19.98000000,597.81000000,19.65
1749260637,19.99000000,227.56000000,19.65
1749260637,20.00000000,668.41000000,19.65
1749260637,20.01000000,107.18000000,19.65
1749260637,20.02000000,85.49000000,19.65
1749260637,20.03000000,1092.57000000,19.65
1749260637,20.04000000,84.24000000,19.65
1749260637,20.05000000,1045.97000000,19.65
1749260637,20.06000000,138.03000000,19.65
1749260637,20.07000000,117.50000000,19.65
1749260637,20.08000000,235.35000000,19.65
1749260637,20.09000000,3.74000000,19.65
1749260637,20.10000000,152.26000000,19.65
1749260637,20.11000000,10.85000000,19.65
1749260637,20.12000000,2.19000000,19.65
1749260637,20.13000000,16.36000000,19.65
1749260637,20.14000000,70.37000000,19.65
1749260637,20.15000000,340.83000000,19.65
1749260637,20.16000000,49.32000000,19.65
1749260637,20.17000000,3.26000000,19.65
1749260637,20.18000000,56.26000000,19.65
1749260637,20.19000000,22.11000000,19.65
1749260637,20.20000000,191.54000000,19.65
1749260637,20.21000000,74.69000000,19.65
1749260637,20.22000000,2708.77000000,19.65
1749260637,20.23000000,113.17000000,19.65
1749260637,20.24000000,18.42000000,19.65
1749260637,20.25000000,55.15000000,19.65
1749260637,20.26000000,31.93000000,19.65
1749260637,20.27000000,4.38000000,19.65
1749260637,20.28000000,5.64000000,19.65
1749260637,20.29000000,18.24000000,19.65
1749260637,20.30000000,41.09000000,19.65
1749260637,20.31000000,155.71000000,19.65
1749260637,20.32000000,59.16000000,19.65
1749260637,20.33000000,152.31000000,19.65
1749260637,20.34000000,18.25000000,19.65
1749260637,20.35000000,59.07000000,19.65
1749260637,20.36000000,29.27000000,19.65
1749260637,20.37000000,8.25000000,19.65
1749260637,20.38000000,11.78000000,19.65
1749260637,20.39000000,676.20000000,19.65
1749260637,20.40000000,107.09000000,19.65
1749260637,20.41000000,40.86000000,19.65
1749260637,20.42000000,621.99000000,19.65
1749260637,20.43000000,52.42000000,19.65
1749260637,20.44000000,26.51000000,19.65
1749260637,20.45000000,26.38000000,19.65
1749260637,20.46000000,35.96000000,19.65
1749260637,20.47000000,9.16000000,19.65
1749260637,20.48000000,1.75000000,19.65
1749260637,20.49000000,33.95000000,19.65
1749260637,20.50000000,2023.03000000,19.65
1749260637,20.51000000,18.51000000,19.65
1749260637,20.52000000,149.21000000,19.65
1749260637,20.53000000,10.46000000,19.65
1749260637,20.54000000,104.86000000,19.65
1749260637,20.55000000,32.24000000,19.65
1749260637,20.56000000,0.29000000,19.65
1749260637,20.57000000,4.81000000,19.65
1749260637,20.58000000,342.55000000,19.65
1749260637,20.59000000,12.82000000,19.65
1749260637,20.60000000,222.66000000,19.65
1749260637,20.61000000,43.21000000,19.65
1749260637,20.62000000,76.33000000,19.65
1749260637,20.63000000,110.64000000,19.65
1749260637,20.64000000,3.98000000,19.65
1749260637,20.65000000,91.76000000,19.65
1749260940,19.69000000,899.30000000,19.68
1749260940,19.70000000,2569.62000000,19.68
1749260940,19.71000000,3861.73000000,19.68
1749260940,19.72000000,5302.41000000,19.68
1749260940,19.73000000,2978.22000000,19.68
1749260940,19.74000000,1573.94000000,19.68
1749260940,19.75000000,753.06000000,19.68
1749260940,19.76000000,10408.27000000,19.68
1749260940,19.77000000,820.39000000,19.68
1749260940,19.78000000,2585.02000000,19.68
1749260940,19.79000000,425.96000000,19.68
1749260940,19.80000000,3573.54000000,19.68
1749260940,19.81000000,424.20000000,19.68
1749260940,19.82000000,410.97000000,19.68
1749260940,19.83000000,1234.16000000,19.68
1749260940,19.84000000,14053.21000000,19.68
1749260940,19.85000000,623.65000000,19.68
1749260940,19.86000000,366.98000000,19.68
1749260940,19.87000000,619.35000000,19.68
1749260940,19.88000000,444.80000000,19.68
1749260940,19.89000000,495.59000000,19.68
1749260940,19.90000000,295.18000000,19.68
1749260940,19.91000000,278.68000000,19.68
1749260940,19.92000000,265.11000000,19.68
1749260940,19.93000000,294.89000000,19.68
1749260940,19.94000000,238.71000000,19.68
1749260940,19.95000000,238.11000000,19.68
1749260940,19.96000000,237.11000000,19.68
1749260940,19.97000000,993.50000000,19.68
1749260940,19.98000000,680.87000000,19.68
1749260940,19.99000000,272.97000000,19.68
1749260940,20.00000000,678.41000000,19.68
1749260940,20.01000000,107.18000000,19.68
1749260940,20.02000000,85.49000000,19.68
1749260940,20.03000000,1092.57000000,19.68
1749260940,20.04000000,84.24000000,19.68
1749260940,20.05000000,1045.97000000,19.68
1749260940,20.06000000,117.10000000,19.68
1749260940,20.07000000,96.25000000,19.68
1749260940,20.08000000,158.85000000,19.68
1749260940,20.09000000,3.74000000,19.68
1749260940,20.10000000,152.26000000,19.68
1749260940,20.11000000,10.85000000,19.68
1749260940,20.12000000,23.12000000,19.68
1749260940,20.13000000,37.61000000,19.68
1749260940,20.14000000,70.37000000,19.68
1749260940,20.15000000,191.14000000,19.68
1749260940,20.16000000,49.32000000,19.68
1749260940,20.17000000,3.26000000,19.68
1749260940,20.18000000,56.26000000,19.68
1749260940,20.19000000,22.11000000,19.68
1749260940,20.20000000,192.04000000,19.68
1749260940,20.21000000,175.64000000,19.68
1749260940,20.22000000,2708.77000000,19.68
1749260940,20.23000000,113.17000000,19.68
1749260940,20.24000000,6.61000000,19.68
1749260940,20.25000000,55.15000000,19.68
1749260940,20.26000000,31.93000000,19.68
1749260940,20.27000000,53.12000000,19.68
1749260940,20.28000000,4.16000000,19.68
1749260940,20.29000000,18.24000000,19.68
1749260940,20.30000000,52.90000000,19.68
1749260940,20.31000000,155.71000000,19.68
1749260940,20.32000000,59.16000000,19.68
1749260940,20.33000000,152.31000000,19.68
1749260940,20.34000000,18.25000000,19.68
1749260940,20.35000000,59.07000000,19.68
1749260940,20.36000000,29.27000000,19.68
1749260940,20.37000000,8.25000000,19.68
1749260940,20.38000000,11.78000000,19.68
1749260940,20.39000000,676.20000000,19.68
1749260940,20.40000000,107.09000000,19.68
1749260940,20.41000000,40.87000000,19.68
1749260940,20.42000000,622.50000000,19.68
1749260940,20.43000000,52.93000000,19.68
1749260940,20.44000000,27.02000000,19.68
1749260940,20.45000000,26.38000000,19.68
1749260940,20.46000000,35.96000000,19.68
1749260940,20.47000000,9.16000000,19.68
1749260940,20.48000000,1.75000000,19.68
1749260940,20.49000000,33.95000000,19.68
1749260940,20.50000000,2023.03000000,19.68
1749260940,20.51000000,18.51000000,19.68
1749260940,20.52000000,149.21000000,19.68
1749260940,20.53000000,10.46000000,19.68
1749260940,20.54000000,104.86000000,19.68
1749260940,20.55000000,32.24000000,19.68
1749260940,20.56000000,0.29000000,19.68
1749260940,20.57000000,4.81000000,19.68
1749260940,20.58000000,342.55000000,19.68
1749260940,20.59000000,12.82000000,19.68
1749260940,20.60000000,210.23000000,19.68
1749260940,20.61000000,43.21000000,19.68
1749260940,20.62000000,76.33000000,19.68
1749260940,20.63000000,110.64000000,19.68
1749260940,20.64000000,3.98000000,19.68
1749260940,20.65000000,91.76000000,19.68
1749260940,20.66000000,54.00000000,19.68
1749260940,20.67000000,11.70000000,19.68
1749260940,20.68000000,199.27000000,19.68
1749261241,19.67000000,990.76000000,19.66
1749261241,19.68000000,3439.75000000,19.66
1749261241,19.69000000,3790.91000000,19.66
1749261241,19.70000000,6466.63000000,19.66
1749261241,19.71000000,3997.46000000,19.66
1749261241,19.72000000,3468.05000000,19.66
1749261241,19.73000000,8793.86000000,19.66
1749261241,19.74000000,492.17000000,19.66
1749261241,19.75000000,2487.46000000,19.66
1749261241,19.76000000,3337.48000000,19.66
1749261241,19.77000000,333.18000000,19.66
1749261241,19.78000000,467.61000000,19.66
1749261241,19.79000000,420.86000000,19.66
1749261241,19.80000000,1493.58000000,19.66
1749261241,19.81000000,13642.10000000,19.66
1749261241,19.82000000,410.97000000,19.66
1749261241,19.83000000,839.69000000,19.66
1749261241,19.84000000,800.21000000,19.66
1749261241,19.85000000,417.52000000,19.66
1749261241,19.86000000,366.98000000,19.66
1749261241,19.87000000,568.09000000,19.66
1749261241,19.88000000,444.80000000,19.66
1749261241,19.89000000,495.59000000,19.66
1749261241,19.90000000,276.86000000,19.66
1749261241,19.91000000,367.82000000,19.66
1749261241,19.92000000,264.80000000,19.66
1749261241,19.93000000,244.11000000,19.66
1749261241,19.94000000,238.71000000,19.66
1749261241,19.95000000,238.11000000,19.66
1749261241,19.96000000,236.80000000,19.66
1749261241,19.97000000,920.79000000,19.66
1749261241,19.98000000,706.40000000,19.66
1749261241,19.99000000,273.27000000,19.66
1749261241,20.00000000,678.10000000,19.66
1749261241,20.01000000,107.18000000,19.66
1749261241,20.02000000,85.49000000,19.66
1749261241,20.03000000,1092.57000000,19.66
1749261241,20.04000000,84.24000000,19.66
1749261241,20.05000000,1045.66000000,19.66
1749261241,20.06000000,117.10000000,19.66
1749261241,20.07000000,19.75000000,19.66
1749261241,20.08000000,159.15000000,19.66
1749261241,20.09000000,3.74000000,19.66
1749261241,20.10000000,152.26000000,19.66
1749261241,20.11000000,10.85000000,19.66
1749261241,20.12000000,23.12000000,19.66
1749261241,20.13000000,37.61000000,19.66
1749261241,20.14000000,70.37000000,19.66
1749261241,20.15000000,51.94000000,19.66
1749261241,20.16000000,49.32000000,19.66
1749261241,20.17000000,4.16000000,19.66
1749261241,20.18000000,56.26000000,19.66
1749261241,20.19000000,22.11000000,19.66
1749261241,20.20000000,192.04000000,19.66
1749261241,20.21000000,175.64000000,19.66
1749261241,20.22000000,2708.77000000,19.66
1749261241,20.23000000,113.17000000,19.66
1749261241,20.24000000,6.61000000,19.66
1749261241,20.25000000,55.15000000,19.66
1749261241,20.26000000,31.93000000,19.66
1749261241,20.27000000,53.12000000,19.66
1749261241,20.28000000,4.16000000,19.66
1749261241,20.29000000,18.24000000,19.66
1749261241,20.30000000,52.90000000,19.66
1749261241,20.31000000,155.71000000,19.66
1749261241,20.32000000,59.16000000,19.66
1749261241,20.33000000,152.31000000,19.66
1749261241,20.34000000,18.25000000,19.66
1749261241,20.35000000,59.07000000,19.66
1749261241,20.36000000,29.27000000,19.66
1749261241,20.37000000,8.25000000,19.66
1749261241,20.38000000,11.78000000,19.66
1749261241,20.39000000,676.20000000,19.66
1749261241,20.40000000,107.09000000,19.66
1749261241,20.41000000,40.87000000,19.66
1749261241,20.42000000,622.50000000,19.66
1749261241,20.43000000,52.42000000,19.66
1749261241,20.44000000,26.51000000,19.66
1749261241,20.45000000,26.38000000,19.66
1749261241,20.46000000,35.96000000,19.66
1749261241,20.47000000,9.16000000,19.66
1749261241,20.48000000,1.75000000,19.66
1749261241,20.49000000,33.95000000,19.66
1749261241,20.50000000,2023.03000000,19.66
1749261241,20.51000000,18.51000000,19.66
1749261241,20.52000000,149.21000000,19.66
1749261241,20.53000000,10.46000000,19.66
1749261241,20.54000000,104.86000000,19.66
1749261241,20.55000000,32.24000000,19.66
1749261241,20.56000000,0.29000000,19.66
1749261241,20.57000000,4.81000000,19.66
1749261241,20.58000000,342.55000000,19.66
1749261241,20.59000000,12.82000000,19.66
1749261241,20.60000000,210.23000000,19.66
1749261241,20.61000000,43.21000000,19.66
1749261241,20.62000000,76.33000000,19.66
1749261241,20.63000000,110.64000000,19.66
1749261241,20.64000000,3.98000000,19.66
1749261241,20.65000000,91.76000000,19.66
1749261241,20.66000000,54.00000000,19.66
1749261542,19.70000000,1132.28000000,19.69
1749261542,19.71000000,3165.39000000,19.69
1749261542,19.72000000,4682.31000000,19.69
1749261542,19.73000000,5974.36000000,19.69
1749261542,19.74000000,2932.65000000,19.69
1749261542,19.75000000,1575.32000000,19.69
1749261542,19.76000000,2342.23000000,19.69
1749261542,19.77000000,8560.75000000,19.69
1749261542,19.78000000,2467.75000000,19.69
1749261542,19.79000000,3020.87000000,19.69
1749261542,19.80000000,1190.57000000,19.69
1749261542,19.81000000,683.03000000,19.69
1749261542,19.82000000,809.21000000,19.69
1749261542,19.83000000,821.32000000,19.69
1749261542,19.84000000,14077.69000000,19.69
1749261542,19.85000000,366.21000000,19.69
1749261542,19.86000000,366.98000000,19.69
1749261542,19.87000000,568.09000000,19.69
1749261542,19.88000000,444.80000000,19.69
1749261542,19.89000000,495.59000000,19.69
1749261542,19.90000000,276.46000000,19.69
1749261542,19.91000000,278.58000000,19.69
1749261542,19.92000000,264.80000000,19.69
1749261542,19.93000000,244.11000000,19.69
1749261542,19.94000000,276.15000000,19.69
1749261542,19.95000000,238.11000000,19.69
1749261542,19.96000000,236.80000000,19.69
1749261542,19.97000000,920.79000000,19.69
1749261542,19.98000000,707.46000000,19.69
1749261542,19.99000000,273.27000000,19.69
1749261542,20.00000000,678.10000000,19.69
1749261542,20.01000000,210.87000000,19.69
1749261542,20.02000000,107.15000000,19.69
1749261542,20.03000000,1092.57000000,19.69
1749261542,20.04000000,84.24000000,19.69
1749261542,20.05000000,1045.66000000,19.69
1749261542,20.06000000,138.03000000,19.69
1749261542,20.07000000,19.75000000,19.69
1749261542,20.08000000,235.65000000,19.69
1749261542,20.09000000,3.74000000,19.69
1749261542,20.10000000,152.26000000,19.69
1749261542,20.11000000,10.85000000,19.69
1749261542,20.12000000,2.19000000,19.69
1749261542,20.13000000,37.61000000,19.69
1749261542,20.14000000,70.37000000,19.69
1749261542,20.15000000,51.94000000,19.69
1749261542,20.16000000,49.32000000,19.69
1749261542,20.17000000,4.16000000,19.69
1749261542,20.18000000,56.26000000,19.69
1749261542,20.19000000,22.11000000,19.69
1749261542,20.20000000,192.04000000,19.69
1749261542,20.21000000,175.64000000,19.69
1749261542,20.22000000,2708.77000000,19.69
1749261542,20.23000000,113.17000000,19.69
1749261542,20.24000000,6.61000000,19.69
1749261542,20.25000000,55.15000000,19.69
1749261542,20.26000000,31.93000000,19.69
1749261542,20.27000000,53.12000000,19.69
1749261542,20.28000000,4.16000000,19.69
1749261542,20.29000000,18.24000000,19.69
1749261542,20.30000000,52.90000000,19.69
1749261542,20.31000000,155.45000000,19.69
1749261542,20.32000000,58.90000000,19.69
1749261542,20.33000000,152.05000000,19.69
1749261542,20.34000000,17.99000000,19.69
1749261542,20.35000000,58.81000000,19.69
1749261542,20.36000000,29.01000000,19.69
1749261542,20.37000000,8.25000000,19.69
1749261542,20.38000000,11.78000000,19.69
1749261542,20.39000000,676.20000000,19.69
1749261542,20.40000000,107.09000000,19.69
1749261542,20.41000000,40.87000000,19.69
1749261542,20.42000000,622.50000000,19.69
1749261542,20.43000000,52.93000000,19.69
1749261542,20.44000000,27.02000000,19.69
1749261542,20.45000000,26.89000000,19.69
1749261542,20.46000000,35.96000000,19.69
1749261542,20.47000000,9.16000000,19.69
1749261542,20.48000000,1.75000000,19.69
1749261542,20.49000000,33.95000000,19.69
1749261542,20.50000000,2023.03000000,19.69
1749261542,20.51000000,18.51000000,19.69
1749261542,20.52000000,149.21000000,19.69
1749261542,20.53000000,10.46000000,19.69
1749261542,20.54000000,104.86000000,19.69
1749261542,20.55000000,32.24000000,19.69
1749261542,20.56000000,0.29000000,19.69
1749261542,20.57000000,4.81000000,19.69
1749261542,20.58000000,342.55000000,19.69
1749261542,20.59000000,12.82000000,19.69
1749261542,20.60000000,210.23000000,19.69
1749261542,20.61000000,43.21000000,19.69
1749261542,20.62000000,76.33000000,19.69
1749261542,20.63000000,110.64000000,19.69
1749261542,20.64000000,3.98000000,19.69
1749261542,20.65000000,91.76000000,19.69
1749261542,20.66000000,54.00000000,19.69
1749261542,20.67000000,11.70000000,19.69
1749261542,20.68000000,199.27000000,19.69
1749261542,20.69000000,9.79000000,19.69
1749261844,19.70000000,1571.18000000,19.69
1749261844,19.71000000,2336.39000000,19.69
1749261844,19.72000000,5184.94000000,19.69
1749261844,19.73000000,5942.53000000,19.69
1749261844,19.74000000,2853.87000000,19.69
1749261844,19.75000000,1535.24000000,19.69
1749261844,19.76000000,1349.42000000,19.69
1749261844,19.77000000,11806.31000000,19.69
1749261844,19.78000000,594.62000000,19.69
1749261844,19.79000000,3559.31000000,19.69
1749261844,19.80000000,1095.34000000,19.69
1749261844,19.81000000,682.24000000,19.69
1749261844,19.82000000,410.97000000,19.69
1749261844,19.83000000,882.56000000,19.69
1749261844,19.84000000,947.73000000,19.69
1749261844,19.85000000,13303.01000000,19.69
1749261844,19.86000000,366.98000000,19.69
1749261844,19.87000000,568.09000000,19.69
1749261844,19.88000000,466.91000000,19.69
1749261844,19.89000000,495.59000000,19.69
1749261844,19.90000000,276.46000000,19.69
1749261844,19.91000000,278.58000000,19.69
1749261844,19.92000000,264.80000000,19.69
1749261844,19.93000000,244.11000000,19.69
1749261844,19.94000000,288.96000000,19.69
1749261844,19.95000000,238.11000000,19.69
1749261844,19.96000000,236.80000000,19.69
1749261844,19.97000000,920.79000000,19.69
1749261844,19.98000000,707.46000000,19.69
1749261844,19.99000000,274.14000000,19.69
1749261844,20.00000000,658.03000000,19.69
1749261844,20.01000000,226.35000000,19.69
1749261844,20.02000000,111.03000000,19.69
1749261844,20.03000000,1092.57000000,19.69
1749261844,20.04000000,84.24000000,19.69
1749261844,20.05000000,1045.66000000,19.69
1749261844,20.06000000,138.03000000,19.69
1749261844,20.07000000,117.50000000,19.69
1749261844,20.08000000,159.15000000,19.69
1749261844,20.09000000,3.74000000,19.69
1749261844,20.10000000,152.26000000,19.69
1749261844,20.11000000,10.85000000,19.69
1749261844,20.12000000,2.19000000,19.69
1749261844,20.13000000,16.36000000,19.69
1749261844,20.14000000,70.37000000,19.69
1749261844,20.15000000,51.94000000,19.69
1749261844,20.16000000,49.32000000,19.69
1749261844,20.17000000,4.16000000,19.69
1749261844,20.18000000,56.26000000,19.69
1749261844,20.19000000,22.11000000,19.69
1749261844,20.20000000,192.04000000,19.69
1749261844,20.21000000,175.64000000,19.69
1749261844,20.22000000,2708.77000000,19.69
1749261844,20.23000000,113.17000000,19.69
1749261844,20.24000000,6.61000000,19.69
1749261844,20.25000000,55.15000000,19.69
1749261844,20.26000000,31.93000000,19.69
1749261844,20.27000000,53.12000000,19.69
1749261844,20.28000000,4.16000000,19.69
1749261844,20.29000000,18.24000000,19.69
1749261844,20.30000000,52.90000000,19.69
1749261844,20.31000000,155.45000000,19.69
1749261844,20.32000000,58.90000000,19.69
1749261844,20.33000000,152.05000000,19.69
1749261844,20.34000000,17.99000000,19.69
1749261844,20.35000000,58.81000000,19.69
1749261844,20.36000000,29.01000000,19.69
1749261844,20.37000000,8.25000000,19.69
1749261844,20.38000000,11.78000000,19.69
1749261844,20.39000000,676.20000000,19.69
1749261844,20.40000000,107.09000000,19.69
1749261844,20.41000000,40.87000000,19.69
1749261844,20.42000000,622.50000000,19.69
1749261844,20.43000000,52.93000000,19.69
1749261844,20.44000000,27.02000000,19.69
1749261844,20.45000000,26.89000000,19.69
1749261844,20.46000000,35.96000000,19.69
1749261844,20.47000000,9.16000000,19.69
1749261844,20.48000000,1.75000000,19.69
1749261844,20.49000000,33.95000000,19.69
1749261844,20.50000000,2023.03000000,19.69
1749261844,20.51000000,18.51000000,19.69
1749261844,20.52000000,149.21000000,19.69
1749261844,20.53000000,10.46000000,19.69
1749261844,20.54000000,104.86000000,19.69
1749261844,20.55000000,32.24000000,19.69
1749261844,20.56000000,0.29000000,19.69
1749261844,20.57000000,4.81000000,19.69
1749261844,20.58000000,342.55000000,19.69
1749261844,20.59000000,12.82000000,19.69
1749261844,20.60000000,210.23000000,19.69
1749261844,20.61000000,43.21000000,19.69
1749261844,20.62000000,76.33000000,19.69
1749261844,20.63000000,110.64000000,19.69
1749261844,20.64000000,3.98000000,19.69
1749261844,20.65000000,91.76000000,19.69
1749261844,20.66000000,54.00000000,19.69
1749261844,20.67000000,11.70000000,19.69
1749261844,20.68000000,199.27000000,19.69
1749261844,20.69000000,9.79000000,19.69
1749262146,19.68000000,1090.64000000,19.68
1749262146,19.69000000,3243.44000000,19.68
1749262146,19.70000000,4709.53000000,19.68
1749262146,19.71000000,6351.66000000,19.68
1749262146,19.72000000,3992.67000000,19.68
1749262146,19.73000000,3262.24000000,19.68
1749262146,19.74000000,10598.86000000,19.68
1749262146,19.75000000,370.78000000,19.68
1749262146,19.76000000,861.96000000,19.68
1749262146,19.77000000,414.71000000,19.68
1749262146,19.78000000,865.85000000,19.68
1749262146,19.79000000,3745.71000000,19.68
1749262146,19.80000000,1095.34000000,19.68
1749262146,19.81000000,13381.22000000,19.68
1749262146,19.82000000,399.16000000,19.68
1749262146,19.83000000,882.56000000,19.68
1749262146,19.84000000,549.49000000,19.68
1749262146,19.85000000,366.21000000,19.68
1749262146,19.86000000,366.98000000,19.68
1749262146,19.87000000,568.09000000,19.68
1749262146,19.88000000,398.16000000,19.68
1749262146,19.89000000,495.59000000,19.68
1749262146,19.90000000,276.46000000,19.68
1749262146,19.91000000,316.02000000,19.68
1749262146,19.92000000,264.80000000,19.68
1749262146,19.93000000,243.72000000,19.68
1749262146,19.94000000,238.71000000,19.68
1749262146,19.95000000,238.11000000,19.68
1749262146,19.96000000,237.84000000,19.68
1749262146,19.97000000,920.79000000,19.68
1749262146,19.98000000,706.09000000,19.68
1749262146,19.99000000,272.63000000,19.68
1749262146,20.00000000,539.49000000,19.68
1749262146,20.01000000,93.80000000,19.68
1749262146,20.02000000,85.49000000,19.68
1749262146,20.03000000,1092.57000000,19.68
1749262146,20.04000000,84.24000000,19.68
1749262146,20.05000000,1045.66000000,19.68
1749262146,20.06000000,138.03000000,19.68
1749262146,20.07000000,117.50000000,19.68
1749262146,20.08000000,159.15000000,19.68
1749262146,20.09000000,3.74000000,19.68
1749262146,20.10000000,152.26000000,19.68
1749262146,20.11000000,10.85000000,19.68
1749262146,20.12000000,2.19000000,19.68
1749262146,20.13000000,16.36000000,19.68
1749262146,20.14000000,70.37000000,19.68
1749262146,20.15000000,51.94000000,19.68
1749262146,20.16000000,49.32000000,19.68
1749262146,20.17000000,4.16000000,19.68
1749262146,20.18000000,56.26000000,19.68
1749262146,20.19000000,22.11000000,19.68
1749262146,20.20000000,192.04000000,19.68
1749262146,20.21000000,175.64000000,19.68
1749262146,20.22000000,2708.77000000,19.68
1749262146,20.23000000,113.17000000,19.68
1749262146,20.24000000,6.61000000,19.68
1749262146,20.25000000,55.15000000,19.68
1749262146,20.26000000,31.93000000,19.68
1749262146,20.27000000,53.12000000,19.68
1749262146,20.28000000,4.16000000,19.68
1749262146,20.29000000,18.24000000,19.68
1749262146,20.30000000,52.90000000,19.68
1749262146,20.31000000,155.45000000,19.68
1749262146,20.32000000,58.90000000,19.68
1749262146,20.33000000,152.05000000,19.68
1749262146,20.34000000,17.99000000,19.68
1749262146,20.35000000,58.81000000,19.68
1749262146,20.36000000,29.01000000,19.68
1749262146,20.37000000,8.25000000,19.68
1749262146,20.38000000,11.78000000,19.68
1749262146,20.39000000,676.20000000,19.68
1749262146,20.40000000,107.09000000,19.68
1749262146,20.41000000,40.87000000,19.68
1749262146,20.42000000,622.50000000,19.68
1749262146,20.43000000,52.93000000,19.68
1749262146,20.44000000,26.51000000,19.68
1749262146,20.45000000,26.38000000,19.68
1749262146,20.46000000,35.96000000,19.68
1749262146,20.47000000,9.16000000,19.68
1749262146,20.48000000,1.75000000,19.68
1749262146,20.49000000,33.95000000,19.68
1749262146,20.50000000,2023.03000000,19.68
1749262146,20.51000000,18.51000000,19.68
1749262146,20.52000000,149.21000000,19.68
1749262146,20.53000000,10.46000000,19.68
1749262146,20.54000000,104.86000000,19.68
1749262146,20.55000000,32.24000000,19.68
1749262146,20.56000000,0.29000000,19.68
1749262146,20.57000000,4.81000000,19.68
1749262146,20.58000000,342.55000000,19.68
1749262146,20.59000000,12.82000000,19.68
1749262146,20.60000000,222.66000000,19.68
1749262146,20.61000000,43.21000000,19.68
1749262146,20.62000000,76.33000000,19.68
1749262146,20.63000000,110.64000000,19.68
1749262146,20.64000000,3.98000000,19.68
1749262146,20.65000000,91.76000000,19.68
1749262146,20.66000000,41.57000000,19.68
1749262146,20.67000000,11.70000000,19.68
1749262447,19.72000000,1424.25000000,19.71
1749262447,19.73000000,3610.78000000,19.71
1749262447,19.74000000,4977.29000000,19.71
1749262447,19.75000000,5941.65000000,19.71
1749262447,19.76000000,3462.42000000,19.71
1749262447,19.77000000,2547.89000000,19.71
1749262447,19.78000000,10672.97000000,19.71
1749262447,19.79000000,2899.06000000,19.71
1749262447,19.80000000,1214.88000000,19.71
1749262447,19.81000000,546.62000000,19.71
1749262447,19.82000000,797.40000000,19.71
1749262447,19.83000000,1659.88000000,19.71
1749262447,19.84000000,13493.06000000,19.71
1749262447,19.85000000,366.21000000,19.71
1749262447,19.86000000,366.98000000,19.71
1749262447,19.87000000,586.44000000,19.71
1749262447,19.88000000,760.45000000,19.71
1749262447,19.89000000,502.55000000,19.71
1749262447,19.90000000,276.46000000,19.71
1749262447,19.91000000,278.58000000,19.71
1749262447,19.92000000,264.45000000,19.71
1749262447,19.93000000,243.72000000,19.71
1749262447,19.94000000,238.71000000,19.71
1749262447,19.95000000,237.76000000,19.71
1749262447,19.96000000,275.28000000,19.71
1749262447,19.97000000,920.79000000,19.71
1749262447,19.98000000,706.09000000,19.71
1749262447,19.99000000,272.63000000,19.71
1749262447,20.00000000,655.18000000,19.71
1749262447,20.01000000,222.05000000,19.71
1749262447,20.02000000,221.19000000,19.71
1749262447,20.03000000,1116.24000000,19.71
1749262447,20.04000000,115.23000000,19.71
1749262447,20.05000000,1045.66000000,19.71
1749262447,20.06000000,116.75000000,19.71
1749262447,20.07000000,96.25000000,19.71
1749262447,20.08000000,159.15000000,19.71
1749262447,20.09000000,3.74000000,19.71
1749262447,20.10000000,152.26000000,19.71
1749262447,20.11000000,10.85000000,19.71
1749262447,20.12000000,23.12000000,19.71
1749262447,20.13000000,37.26000000,19.71
1749262447,20.14000000,70.37000000,19.71
1749262447,20.15000000,51.94000000,19.71
1749262447,20.16000000,49.32000000,19.71
1749262447,20.17000000,4.16000000,19.71
1749262447,20.18000000,56.26000000,19.71
1749262447,20.19000000,22.11000000,19.71
1749262447,20.20000000,191.69000000,19.71
1749262447,20.21000000,175.64000000,19.71
1749262447,20.22000000,2708.77000000,19.71
1749262447,20.23000000,113.17000000,19.71
1749262447,20.24000000,6.61000000,19.71
1749262447,20.25000000,55.15000000,19.71
1749262447,20.26000000,31.93000000,19.71
1749262447,20.27000000,53.12000000,19.71
1749262447,20.28000000,4.16000000,19.71
1749262447,20.29000000,18.24000000,19.71
1749262447,20.30000000,52.90000000,19.71
1749262447,20.31000000,155.71000000,19.71
1749262447,20.32000000,58.90000000,19.71
1749262447,20.33000000,152.05000000,19.71
1749262447,20.34000000,17.99000000,19.71
1749262447,20.35000000,58.81000000,19.71
1749262447,20.36000000,29.01000000,19.71
1749262447,20.37000000,8.25000000,19.71
1749262447,20.38000000,11.78000000,19.71
1749262447,20.39000000,676.20000000,19.71
1749262447,20.40000000,107.09000000,19.71
1749262447,20.41000000,40.87000000,19.71
1749262447,20.42000000,622.50000000,19.71
1749262447,20.43000000,52.93000000,19.71
1749262447,20.44000000,27.02000000,19.71
1749262447,20.45000000,26.89000000,19.71
1749262447,20.46000000,36.47000000,19.71
1749262447,20.47000000,9.67000000,19.71
1749262447,20.48000000,1.75000000,19.71
1749262447,20.49000000,33.95000000,19.71
1749262447,20.50000000,2023.03000000,19.71
1749262447,20.51000000,18.51000000,19.71
1749262447,20.52000000,149.21000000,19.71
1749262447,20.53000000,10.46000000,19.71
1749262447,20.54000000,104.86000000,19.71
1749262447,20.55000000,32.24000000,19.71
1749262447,20.56000000,0.29000000,19.71
1749262447,20.57000000,4.81000000,19.71
1749262447,20.58000000,342.55000000,19.71
1749262447,20.59000000,12.82000000,19.71
1749262447,20.60000000,210.23000000,19.71
1749262447,20.61000000,43.21000000,19.71
1749262447,20.62000000,76.33000000,19.71
1749262447,20.63000000,110.64000000,19.71
1749262447,20.64000000,3.98000000,19.71
1749262447,20.65000000,91.76000000,19.71
1749262447,20.66000000,54.00000000,19.71
1749262447,20.67000000,11.70000000,19.71
1749262447,20.68000000,199.27000000,19.71
1749262447,20.69000000,9.79000000,19.71
1749262447,20.70000000,51.05000000,19.71
1749262447,20.71000000,21.53000000,19.71
1749262749,19.78000000,757.37000000,19.78
1749262749,19.79000000,2225.08000000,19.78
1749262749,19.80000000,4902.49000000,19.78
1749262749,19.81000000,4738.64000000,19.78
1749262749,19.82000000,3005.53000000,19.78
1749262749,19.83000000,1855.22000000,19.78
1749262749,19.84000000,10296.72000000,19.78
1749262749,19.85000000,448.58000000,19.78
1749262749,19.86000000,4969.79000000,19.78
1749262749,19.87000000,1143.84000000,19.78
1749262749,19.88000000,762.19000000,19.78
1749262749,19.89000000,799.41000000,19.78
1749262749,19.90000000,841.69000000,19.78
1749262749,19.91000000,13227.35000000,19.78
1749262749,19.92000000,599.04000000,19.78
1749262749,19.93000000,295.01000000,19.78
1749262749,19.94000000,651.98000000,19.78
1749262749,19.95000000,406.67000000,19.78
1749262749,19.96000000,324.87000000,19.78
1749262749,19.97000000,920.79000000,19.78
1749262749,19.98000000,706.09000000,19.78
1749262749,19.99000000,221.57000000,19.78
1749262749,20.00000000,650.00000000,19.78
1749262749,20.01000000,157.79000000,19.78
1749262749,20.02000000,219.38000000,19.78
1749262749,20.03000000,1113.95000000,19.78
1749262749,20.04000000,85.24000000,19.78
1749262749,20.05000000,1045.66000000,19.78
1749262749,20.06000000,116.75000000,19.78
1749262749,20.07000000,96.25000000,19.78
1749262749,20.08000000,95.33000000,19.78
1749262749,20.09000000,125.65000000,19.78
1749262749,20.10000000,228.76000000,19.78
1749262749,20.11000000,10.85000000,19.78
1749262749,20.12000000,99.62000000,19.78
1749262749,20.13000000,113.76000000,19.78
1749262749,20.14000000,277.24000000,19.78
1749262749,20.15000000,128.44000000,19.78
1749262749,20.16000000,59.23000000,19.78
1749262749,20.17000000,4.16000000,19.78
1749262749,20.18000000,56.26000000,19.78
1749262749,20.19000000,22.11000000,19.78
1749262749,20.20000000,191.69000000,19.78
1749262749,20.21000000,25.95000000,19.78
1749262749,20.22000000,2708.77000000,19.78
1749262749,20.23000000,113.17000000,19.78
1749262749,20.24000000,6.61000000,19.78
1749262749,20.25000000,55.15000000,19.78
1749262749,20.26000000,31.93000000,19.78
1749262749,20.27000000,154.07000000,19.78
1749262749,20.28000000,4.16000000,19.78
1749262749,20.29000000,18.24000000,19.78
1749262749,20.30000000,41.09000000,19.78
1749262749,20.31000000,155.71000000,19.78
1749262749,20.32000000,59.16000000,19.78
1749262749,20.33000000,201.05000000,19.78
1749262749,20.34000000,18.25000000,19.78
1749262749,20.35000000,59.07000000,19.78
1749262749,20.36000000,41.08000000,19.78
1749262749,20.37000000,8.51000000,19.78
1749262749,20.38000000,12.04000000,19.78
1749262749,20.39000000,676.20000000,19.78
1749262749,20.40000000,108.09000000,19.78
1749262749,20.41000000,40.87000000,19.78
1749262749,20.42000000,622.50000000,19.78
1749262749,20.43000000,4.07000000,19.78
1749262749,20.44000000,27.02000000,19.78
1749262749,20.45000000,28.36000000,19.78
1749262749,20.46000000,36.47000000,19.78
1749262749,20.47000000,9.67000000,19.78
1749262749,20.48000000,2.26000000,19.78
1749262749,20.49000000,83.32000000,19.78
1749262749,20.50000000,2023.54000000,19.78
1749262749,20.51000000,19.02000000,19.78
1749262749,20.52000000,149.72000000,19.78
1749262749,20.53000000,10.97000000,19.78
1749262749,20.54000000,104.86000000,19.78
1749262749,20.55000000,32.24000000,19.78
1749262749,20.56000000,0.29000000,19.78
1749262749,20.57000000,4.81000000,19.78
1749262749,20.58000000,342.55000000,19.78
1749262749,20.59000000,12.82000000,19.78
1749262749,20.60000000,210.23000000,19.78
1749262749,20.61000000,43.21000000,19.78
1749262749,20.62000000,27.92000000,19.78
1749262749,20.63000000,110.64000000,19.78
1749262749,20.64000000,3.98000000,19.78
1749262749,20.65000000,91.76000000,19.78
1749262749,20.66000000,54.00000000,19.78
1749262749,20.67000000,11.70000000,19.78
1749262749,20.68000000,247.68000000,19.78
1749262749,20.69000000,9.79000000,19.78
1749262749,20.70000000,51.05000000,19.78
1749262749,20.71000000,21.53000000,19.78
1749262749,20.72000000,16.80000000,19.78
1749262749,20.73000000,7.81000000,19.78
1749262749,20.74000000,135.70000000,19.78
1749262749,20.75000000,68.79000000,19.78
1749262749,20.76000000,14.71000000,19.78
1749262749,20.77000000,13.42000000,19.78
1749263051,19.79000000,1388.52000000,19.78
1749263051,19.80000000,3374.62000000,19.78
1749263051,19.81000000,3252.16000000,19.78
1749263051,19.82000000,4779.94000000,19.78
1749263051,19.83000000,2515.41000000,19.78
1749263051,19.84000000,2181.22000000,19.78
1749263051,19.85000000,590.97000000,19.78
1749263051,19.86000000,10041.46000000,19.78
1749263051,19.87000000,5634.15000000,19.78
1749263051,19.88000000,888.54000000,19.78
1749263051,19.89000000,894.37000000,19.78
1749263051,19.90000000,443.83000000,19.78
1749263051,19.91000000,329.87000000,19.78
1749263051,19.92000000,1093.78000000,19.78
1749263051,19.93000000,13580.65000000,19.78
1749263051,19.94000000,238.97000000,19.78
1749263051,19.95000000,406.67000000,19.78
1749263051,19.96000000,324.87000000,19.78
1749263051,19.97000000,921.05000000,19.78
1749263051,19.98000000,706.09000000,19.78
1749263051,19.99000000,221.57000000,19.78
1749263051,20.00000000,654.33000000,19.78
1749263051,20.01000000,222.62000000,19.78
1749263051,20.02000000,149.60000000,19.78
1749263051,20.03000000,1145.09000000,19.78
1749263051,20.04000000,85.24000000,19.78
1749263051,20.05000000,1045.66000000,19.78
1749263051,20.06000000,116.75000000,19.78
1749263051,20.07000000,96.25000000,19.78
1749263051,20.08000000,95.33000000,19.78
1749263051,20.09000000,125.65000000,19.78
1749263051,20.10000000,228.76000000,19.78
1749263051,20.11000000,10.85000000,19.78
1749263051,20.12000000,78.69000000,19.78
1749263051,20.13000000,113.76000000,19.78
1749263051,20.14000000,277.24000000,19.78
1749263051,20.15000000,128.44000000,19.78
1749263051,20.16000000,135.73000000,19.78
1749263051,20.17000000,4.16000000,19.78
1749263051,20.18000000,77.19000000,19.78
1749263051,20.19000000,22.11000000,19.78
1749263051,20.20000000,191.69000000,19.78
1749263051,20.21000000,25.95000000,19.78
1749263051,20.22000000,2708.77000000,19.78
1749263051,20.23000000,113.17000000,19.78
1749263051,20.24000000,6.61000000,19.78
1749263051,20.25000000,55.15000000,19.78
1749263051,20.26000000,31.93000000,19.78
1749263051,20.27000000,154.07000000,19.78
1749263051,20.28000000,4.16000000,19.78
1749263051,20.29000000,18.24000000,19.78
1749263051,20.30000000,41.09000000,19.78
1749263051,20.31000000,155.71000000,19.78
1749263051,20.32000000,59.16000000,19.78
1749263051,20.33000000,201.05000000,19.78
1749263051,20.34000000,18.25000000,19.78
1749263051,20.35000000,59.07000000,19.78
1749263051,20.36000000,41.08000000,19.78
1749263051,20.37000000,8.51000000,19.78
1749263051,20.38000000,12.04000000,19.78
1749263051,20.39000000,676.46000000,19.78
1749263051,20.40000000,108.09000000,19.78
1749263051,20.41000000,40.87000000,19.78
1749263051,20.42000000,622.50000000,19.78
1749263051,20.43000000,4.07000000,19.78
1749263051,20.44000000,27.02000000,19.78
1749263051,20.45000000,28.36000000,19.78
1749263051,20.46000000,36.47000000,19.78
1749263051,20.47000000,9.67000000,19.78
1749263051,20.48000000,3.26000000,19.78
1749263051,20.49000000,34.46000000,19.78
1749263051,20.50000000,2023.54000000,19.78
1749263051,20.51000000,19.02000000,19.78
1749263051,20.52000000,149.72000000,19.78
1749263051,20.53000000,10.97000000,19.78
1749263051,20.54000000,105.37000000,19.78
1749263051,20.55000000,81.10000000,19.78
1749263051,20.56000000,0.29000000,19.78
1749263051,20.57000000,4.81000000,19.78
1749263051,20.58000000,342.55000000,19.78
1749263051,20.59000000,12.82000000,19.78
1749263051,20.60000000,210.23000000,19.78
1749263051,20.61000000,43.21000000,19.78
1749263051,20.62000000,27.92000000,19.78
1749263051,20.63000000,110.64000000,19.78
1749263051,20.64000000,3.98000000,19.78
1749263051,20.65000000,91.76000000,19.78
1749263051,20.66000000,54.00000000,19.78
1749263051,20.67000000,11.70000000,19.78
1749263051,20.68000000,247.68000000,19.78
1749263051,20.69000000,9.79000000,19.78
1749263051,20.70000000,51.05000000,19.78
1749263051,20.71000000,21.53000000,19.78
1749263051,20.72000000,16.80000000,19.78
1749263051,20.73000000,7.81000000,19.78
1749263051,20.74000000,135.70000000,19.78
1749263051,20.75000000,68.79000000,19.78
1749263051,20.76000000,14.71000000,19.78
1749263051,20.77000000,13.42000000,19.78
1749263051,20.78000000,433.12000000,19.78
1749263352,19.79000000,545.03000000,19.79
1749263352,19.80000000,2932.22000000,19.79
1749263352,19.81000000,4011.27000000,19.79
1749263352,19.82000000,4456.09000000,19.79
1749263352,19.83000000,2397.94000000,19.79
1749263352,19.84000000,2242.15000000,19.79
1749263352,19.85000000,1515.61000000,19.79
1749263352,19.86000000,10155.21000000,19.79
1749263352,19.87000000,2511.64000000,19.79
1749263352,19.88000000,943.56000000,19.79
1749263352,19.89000000,625.37000000,19.79
1749263352,19.90000000,3251.70000000,19.79
1749263352,19.91000000,920.59000000,19.79
1749263352,19.92000000,1177.94000000,19.79
1749263352,19.93000000,730.97000000,19.79
1749263352,19.94000000,13103.98000000,19.79
1749263352,19.95000000,352.85000000,19.79
1749263352,19.96000000,439.70000000,19.79
1749263352,19.97000000,981.51000000,19.79
1749263352,19.98000000,731.31000000,19.79
1749263352,19.99000000,508.93000000,19.79
1749263352,20.00000000,654.33000000,19.79
1749263352,20.01000000,221.29000000,19.79
1749263352,20.02000000,220.84000000,19.79
1749263352,20.03000000,1166.51000000,19.79
1749263352,20.04000000,85.24000000,19.79
1749263352,20.05000000,1045.66000000,19.79
1749263352,20.06000000,116.75000000,19.79
1749263352,20.07000000,95.68000000,19.79
1749263352,20.08000000,95.33000000,19.79
1749263352,20.09000000,125.65000000,19.79
1749263352,20.10000000,228.76000000,19.79
1749263352,20.11000000,10.85000000,19.79
1749263352,20.12000000,78.69000000,19.79
1749263352,20.13000000,92.51000000,19.79
1749263352,20.14000000,146.87000000,19.79
1749263352,20.15000000,128.44000000,19.79
1749263352,20.16000000,135.73000000,19.79
1749263352,20.17000000,2.45000000,19.79
1749263352,20.18000000,153.69000000,19.79
1749263352,20.19000000,119.86000000,19.79
1749263352,20.20000000,322.06000000,19.79
1749263352,20.21000000,25.95000000,19.79
1749263352,20.22000000,2708.77000000,19.79
1749263352,20.23000000,113.17000000,19.79
1749263352,20.24000000,6.61000000,19.79
1749263352,20.25000000,55.15000000,19.79
1749263352,20.26000000,31.93000000,19.79
1749263352,20.27000000,154.07000000,19.79
1749263352,20.28000000,4.16000000,19.79
1749263352,20.29000000,18.24000000,19.79
1749263352,20.30000000,41.09000000,19.79
1749263352,20.31000000,155.71000000,19.79
1749263352,20.32000000,59.16000000,19.79
1749263352,20.33000000,201.05000000,19.79
1749263352,20.34000000,18.25000000,19.79
1749263352,20.35000000,59.07000000,19.79
1749263352,20.36000000,41.08000000,19.79
1749263352,20.37000000,8.51000000,19.79
1749263352,20.38000000,12.04000000,19.79
1749263352,20.39000000,676.46000000,19.79
1749263352,20.40000000,108.35000000,19.79
1749263352,20.41000000,41.13000000,19.79
1749263352,20.42000000,622.50000000,19.79
1749263352,20.43000000,4.07000000,19.79
1749263352,20.44000000,28.49000000,19.79
1749263352,20.45000000,26.89000000,19.79
1749263352,20.46000000,36.47000000,19.79
1749263352,20.47000000,9.67000000,19.79
1749263352,20.48000000,3.26000000,19.79
1749263352,20.49000000,34.46000000,19.79
1749263352,20.50000000,2023.54000000,19.79
1749263352,20.51000000,19.02000000,19.79
1749263352,20.52000000,149.72000000,19.79
1749263352,20.53000000,10.97000000,19.79
1749263352,20.54000000,105.37000000,19.79
1749263352,20.55000000,81.10000000,19.79
1749263352,20.56000000,0.29000000,19.79
1749263352,20.57000000,4.81000000,19.79
1749263352,20.58000000,342.55000000,19.79
1749263352,20.59000000,12.82000000,19.79
1749263352,20.60000000,210.23000000,19.79
1749263352,20.61000000,43.21000000,19.79
1749263352,20.62000000,27.92000000,19.79
1749263352,20.63000000,110.64000000,19.79
1749263352,20.64000000,3.98000000,19.79
1749263352,20.65000000,91.76000000,19.79
1749263352,20.66000000,41.57000000,19.79
1749263352,20.67000000,11.70000000,19.79
1749263352,20.68000000,199.27000000,19.79
1749263352,20.69000000,9.79000000,19.79
1749263352,20.70000000,51.05000000,19.79
1749263352,20.71000000,21.53000000,19.79
1749263352,20.72000000,29.23000000,19.79
1749263352,20.73000000,7.81000000,19.79
1749263352,20.74000000,184.11000000,19.79
1749263352,20.75000000,68.79000000,19.79
1749263352,20.76000000,14.71000000,19.79
1749263352,20.77000000,13.42000000,19.79
1749263352,20.78000000,433.12000000,19.79
1749263654,19.81000000,459.75000000,19.8
1749263654,19.82000000,2427.06000000,19.8
1749263654,19.83000000,3648.90000000,19.8
1749263654,19.84000000,5112.53000000,19.8
1749263654,19.85000000,3187.55000000,19.8
1749263654,19.86000000,3557.56000000,19.8
1749263654,19.87000000,10433.67000000,19.8
1749263654,19.88000000,922.74000000,19.8
1749263654,19.89000000,608.70000000,19.8
1749263654,19.90000000,3025.72000000,19.8
1749263654,19.91000000,1170.53000000,19.8
1749263654,19.92000000,779.70000000,19.8
1749263654,19.93000000,730.97000000,19.8
1749263654,19.94000000,655.53000000,19.8
1749263654,19.95000000,13224.35000000,19.8
1749263654,19.96000000,755.70000000,19.8
1749263654,19.97000000,930.70000000,19.8
1749263654,19.98000000,731.57000000,19.8
1749263654,19.99000000,557.59000000,19.8
1749263654,20.00000000,654.33000000,19.8
1749263654,20.01000000,220.67000000,19.8
1749263654,20.02000000,220.33000000,19.8
1749263654,20.03000000,1226.57000000,19.8
1749263654,20.04000000,218.69000000,19.8
1749263654,20.05000000,1118.77000000,19.8
1749263654,20.06000000,120.84000000,19.8
1749263654,20.07000000,95.68000000,19.8
1749263654,20.08000000,95.33000000,19.8
1749263654,20.09000000,125.65000000,19.8
1749263654,20.10000000,228.76000000,19.8
1749263654,20.11000000,10.85000000,19.8
1749263654,20.12000000,78.69000000,19.8
1749263654,20.13000000,92.51000000,19.8
1749263654,20.14000000,146.87000000,19.8
1749263654,20.15000000,128.44000000,19.8
1749263654,20.16000000,135.73000000,19.8
1749263654,20.17000000,2.45000000,19.8
1749263654,20.18000000,153.69000000,19.8
1749263654,20.19000000,119.86000000,19.8
1749263654,20.20000000,322.06000000,19.8
1749263654,20.21000000,25.95000000,19.8
1749263654,20.22000000,2708.77000000,19.8
1749263654,20.23000000,113.17000000,19.8
1749263654,20.24000000,6.61000000,19.8
1749263654,20.25000000,55.15000000,19.8
1749263654,20.26000000,31.93000000,19.8
1749263654,20.27000000,154.07000000,19.8
1749263654,20.28000000,4.16000000,19.8
1749263654,20.29000000,18.24000000,19.8
1749263654,20.30000000,41.09000000,19.8
1749263654,20.31000000,155.71000000,19.8
1749263654,20.32000000,59.16000000,19.8
1749263654,20.33000000,201.05000000,19.8
1749263654,20.34000000,18.25000000,19.8
1749263654,20.35000000,59.07000000,19.8
1749263654,20.36000000,41.08000000,19.8
1749263654,20.37000000,8.51000000,19.8
1749263654,20.38000000,12.04000000,19.8
1749263654,20.39000000,676.46000000,19.8
1749263654,20.40000000,108.35000000,19.8
1749263654,20.41000000,41.13000000,19.8
1749263654,20.42000000,622.50000000,19.8
1749263654,20.43000000,4.07000000,19.8
1749263654,20.44000000,28.49000000,19.8
1749263654,20.45000000,26.89000000,19.8
1749263654,20.46000000,36.47000000,19.8
1749263654,20.47000000,9.67000000,19.8
1749263654,20.48000000,3.26000000,19.8
1749263654,20.49000000,34.46000000,19.8
1749263654,20.50000000,2023.54000000,19.8
1749263654,20.51000000,19.02000000,19.8
1749263654,20.52000000,149.72000000,19.8
1749263654,20.53000000,10.97000000,19.8
1749263654,20.54000000,105.37000000,19.8
1749263654,20.55000000,81.61000000,19.8
1749263654,20.56000000,0.80000000,19.8
1749263654,20.57000000,4.81000000,19.8
1749263654,20.58000000,342.55000000,19.8
1749263654,20.59000000,12.82000000,19.8
1749263654,20.60000000,210.23000000,19.8
1749263654,20.61000000,43.21000000,19.8
1749263654,20.62000000,27.92000000,19.8
1749263654,20.63000000,110.64000000,19.8
1749263654,20.64000000,3.98000000,19.8
1749263654,20.65000000,91.76000000,19.8
1749263654,20.66000000,41.57000000,19.8
1749263654,20.67000000,11.70000000,19.8
1749263654,20.68000000,199.27000000,19.8
1749263654,20.69000000,9.79000000,19.8
1749263654,20.70000000,51.05000000,19.8
1749263654,20.71000000,21.53000000,19.8
1749263654,20.72000000,29.23000000,19.8
1749263654,20.73000000,7.81000000,19.8
1749263654,20.74000000,184.11000000,19.8
1749263654,20.75000000,68.79000000,19.8
1749263654,20.76000000,14.71000000,19.8
1749263654,20.77000000,13.42000000,19.8
1749263654,20.78000000,433.12000000,19.8
1749263654,20.79000000,102.96000000,19.8
1749263654,20.80000000,40.80000000,19.8
1749263955,19.86000000,720.04000000,19.85
1749263955,19.87000000,2662.97000000,19.85
1749263955,19.88000000,4219.90000000,19.85
1749263955,19.89000000,5149.45000000,19.85
1749263955,19.90000000,4057.99000000,19.85
1749263955,19.91000000,1595.33000000,19.85
1749263955,19.92000000,9107.74000000,19.85
1749263955,19.93000000,2517.68000000,19.85
1749263955,19.94000000,3004.63000000,19.85
1749263955,19.95000000,489.88000000,19.85
1749263955,19.96000000,1297.99000000,19.85
1749263955,19.97000000,931.31000000,19.85
1749263955,19.98000000,1541.48000000,19.85
1749263955,19.99000000,13460.33000000,19.85
1749263955,20.00000000,970.03000000,19.85
1749263955,20.01000000,238.95000000,19.85
1749263955,20.02000000,416.93000000,19.85
1749263955,20.03000000,1395.40000000,19.85
1749263955,20.04000000,274.02000000,19.85
1749263955,20.05000000,1181.42000000,19.85
1749263955,20.06000000,252.37000000,19.85
1749263955,20.07000000,230.79000000,19.85
1749263955,20.08000000,229.95000000,19.85
1749263955,20.09000000,215.12000000,19.85
1749263955,20.10000000,316.01000000,19.85
1749263955,20.11000000,80.60000000,19.85
1749263955,20.12000000,79.69000000,19.85
1749263955,20.13000000,92.11000000,19.85
1749263955,20.14000000,192.28000000,19.85
1749263955,20.15000000,198.44000000,19.85
1749263955,20.16000000,125.82000000,19.85
1749263955,20.17000000,2.45000000,19.85
1749263955,20.18000000,132.76000000,19.85
1749263955,20.19000000,119.86000000,19.85
1749263955,20.20000000,398.16000000,19.85
1749263955,20.21000000,102.45000000,19.85
1749263955,20.22000000,2785.27000000,19.85
1749263955,20.23000000,189.67000000,19.85
1749263955,20.24000000,113.91000000,19.85
1749263955,20.25000000,55.15000000,19.85
1749263955,20.26000000,31.93000000,19.85
1749263955,20.27000000,4.38000000,19.85
1749263955,20.28000000,4.16000000,19.85
1749263955,20.29000000,18.24000000,19.85
1749263955,20.30000000,41.09000000,19.85
1749263955,20.31000000,155.71000000,19.85
1749263955,20.32000000,59.16000000,19.85
1749263955,20.33000000,302.00000000,19.85
1749263955,20.34000000,18.25000000,19.85
1749263955,20.35000000,59.07000000,19.85
1749263955,20.36000000,29.27000000,19.85
1749263955,20.37000000,8.51000000,19.85
1749263955,20.38000000,12.04000000,19.85
1749263955,20.39000000,724.71000000,19.85
1749263955,20.40000000,108.35000000,19.85
1749263955,20.41000000,41.13000000,19.85
1749263955,20.42000000,634.57000000,19.85
1749263955,20.43000000,4.33000000,19.85
1749263955,20.44000000,27.28000000,19.85
1749263955,20.45000000,27.15000000,19.85
1749263955,20.46000000,36.47000000,19.85
1749263955,20.47000000,9.67000000,19.85
1749263955,20.48000000,2.87000000,19.85
1749263955,20.49000000,34.46000000,19.85
1749263955,20.50000000,2023.54000000,19.85
1749263955,20.51000000,19.02000000,19.85
1749263955,20.52000000,149.23000000,19.85
1749263955,20.53000000,10.97000000,19.85
1749263955,20.54000000,105.37000000,19.85
1749263955,20.55000000,32.75000000,19.85
1749263955,20.56000000,0.80000000,19.85
1749263955,20.57000000,5.32000000,19.85
1749263955,20.58000000,343.06000000,19.85
1749263955,20.59000000,13.33000000,19.85
1749263955,20.60000000,210.74000000,19.85
1749263955,20.61000000,92.58000000,19.85
1749263955,20.62000000,27.92000000,19.85
1749263955,20.63000000,110.64000000,19.85
1749263955,20.64000000,3.98000000,19.85
1749263955,20.65000000,91.76000000,19.85
1749263955,20.66000000,41.57000000,19.85
1749263955,20.67000000,11.70000000,19.85
1749263955,20.68000000,199.27000000,19.85
1749263955,20.69000000,9.79000000,19.85
1749263955,20.70000000,51.05000000,19.85
1749263955,20.71000000,21.53000000,19.85
1749263955,20.72000000,29.23000000,19.85
1749263955,20.73000000,7.81000000,19.85
1749263955,20.74000000,184.11000000,19.85
1749263955,20.75000000,68.79000000,19.85
1749263955,20.76000000,14.71000000,19.85
1749263955,20.77000000,13.42000000,19.85
1749263955,20.78000000,433.12000000,19.85
1749263955,20.79000000,102.96000000,19.85
1749263955,20.80000000,40.80000000,19.85
1749263955,20.81000000,4.39000000,19.85
1749263955,20.82000000,37.69000000,19.85
1749263955,20.83000000,35.92000000,19.85
1749263955,20.84000000,7.55000000,19.85
1749263955,20.85000000,305.05000000,19.85
1749264257,19.80000000,1258.75000000,19.79
1749264257,19.81000000,3028.89000000,19.79
1749264257,19.82000000,3566.11000000,19.79
1749264257,19.83000000,5305.47000000,19.79
1749264257,19.84000000,3545.99000000,19.79
1749264257,19.85000000,1512.58000000,19.79
1749264257,19.86000000,1237.61000000,19.79
1749264257,19.87000000,8582.99000000,19.79
1749264257,19.88000000,2983.33000000,19.79
1749264257,19.89000000,704.74000000,19.79
1749264257,19.90000000,2500.61000000,19.79
1749264257,19.91000000,377.56000000,19.79
1749264257,19.92000000,1025.21000000,19.79
1749264257,19.93000000,880.71000000,19.79
1749264257,19.94000000,2878.76000000,19.79
1749264257,19.95000000,13234.68000000,19.79
1749264257,19.96000000,1298.25000000,19.79
1749264257,19.97000000,931.57000000,19.79
1749264257,19.98000000,897.43000000,19.79
1749264257,19.99000000,779.41000000,19.79
1749264257,20.00000000,654.03000000,19.79
1749264257,20.01000000,220.67000000,19.79
1749264257,20.02000000,416.93000000,19.79
1749264257,20.03000000,1227.92000000,19.79
1749264257,20.04000000,224.05000000,19.79
1749264257,20.05000000,1096.03000000,19.79
1749264257,20.06000000,121.22000000,19.79
1749264257,20.07000000,95.68000000,19.79
1749264257,20.08000000,94.98000000,19.79
1749264257,20.09000000,80.24000000,19.79
1749264257,20.10000000,274.17000000,19.79
1749264257,20.11000000,10.85000000,19.79
1749264257,20.12000000,78.69000000,19.79
1749264257,20.13000000,92.11000000,19.79
1749264257,20.14000000,146.87000000,19.79
1749264257,20.15000000,198.44000000,19.79
1749264257,20.16000000,125.82000000,19.79
1749264257,20.17000000,2.45000000,19.79
1749264257,20.18000000,153.69000000,19.79
1749264257,20.19000000,119.86000000,19.79
1749264257,20.20000000,398.16000000,19.79
1749264257,20.21000000,102.45000000,19.79
1749264257,20.22000000,2785.27000000,19.79
1749264257,20.23000000,189.67000000,19.79
1749264257,20.24000000,92.98000000,19.79
1749264257,20.25000000,55.15000000,19.79
1749264257,20.26000000,31.93000000,19.79
1749264257,20.27000000,4.38000000,19.79
1749264257,20.28000000,4.16000000,19.79
1749264257,20.29000000,18.24000000,19.79
1749264257,20.30000000,41.09000000,19.79
1749264257,20.31000000,155.71000000,19.79
1749264257,20.32000000,59.16000000,19.79
1749264257,20.33000000,302.00000000,19.79
1749264257,20.34000000,18.25000000,19.79
1749264257,20.35000000,59.07000000,19.79
1749264257,20.36000000,29.27000000,19.79
1749264257,20.37000000,8.51000000,19.79
1749264257,20.38000000,12.04000000,19.79
1749264257,20.39000000,724.71000000,19.79
1749264257,20.40000000,108.35000000,19.79
1749264257,20.41000000,41.13000000,19.79
1749264257,20.42000000,634.57000000,19.79
1749264257,20.43000000,4.33000000,19.79
1749264257,20.44000000,27.28000000,19.79
1749264257,20.45000000,27.15000000,19.79
1749264257,20.46000000,36.47000000,19.79
1749264257,20.47000000,9.67000000,19.79
1749264257,20.48000000,2.87000000,19.79
1749264257,20.49000000,34.46000000,19.79
1749264257,20.50000000,2023.54000000,19.79
1749264257,20.51000000,19.02000000,19.79
1749264257,20.52000000,149.23000000,19.79
1749264257,20.53000000,10.97000000,19.79
1749264257,20.54000000,105.37000000,19.79
1749264257,20.55000000,81.61000000,19.79
1749264257,20.56000000,0.29000000,19.79
1749264257,20.57000000,4.81000000,19.79
1749264257,20.58000000,342.55000000,19.79
1749264257,20.59000000,12.82000000,19.79
1749264257,20.60000000,210.23000000,19.79
1749264257,20.61000000,43.21000000,19.79
1749264257,20.62000000,27.92000000,19.79
1749264257,20.63000000,110.64000000,19.79
1749264257,20.64000000,3.98000000,19.79
1749264257,20.65000000,91.76000000,19.79
1749264257,20.66000000,41.57000000,19.79
1749264257,20.67000000,11.70000000,19.79
1749264257,20.68000000,199.27000000,19.79
1749264257,20.69000000,9.79000000,19.79
1749264257,20.70000000,51.05000000,19.79
1749264257,20.71000000,21.53000000,19.79
1749264257,20.72000000,29.23000000,19.79
1749264257,20.73000000,7.81000000,19.79
1749264257,20.74000000,184.11000000,19.79
1749264257,20.75000000,68.79000000,19.79
1749264257,20.76000000,14.71000000,19.79
1749264257,20.77000000,13.42000000,19.79
1749264257,20.78000000,433.12000000,19.79
1749264257,20.79000000,102.96000000,19.79
1749264561,19.83000000,1307.83000000,19.82
1749264561,19.84000000,2782.51000000,19.82
1749264561,19.85000000,4316.87000000,19.82
1749264561,19.86000000,5726.70000000,19.82
1749264561,19.87000000,3322.72000000,19.82
1749264561,19.88000000,3593.20000000,19.82
1749264561,19.89000000,1213.33000000,19.82
1749264561,19.90000000,8289.37000000,19.82
1749264561,19.91000000,2954.06000000,19.82
1749264561,19.92000000,1146.24000000,19.82
1749264561,19.93000000,604.27000000,19.82
1749264561,19.94000000,3267.77000000,19.82
1749264561,19.95000000,664.67000000,19.82
1749264561,19.96000000,13600.01000000,19.82
1749264561,19.97000000,931.57000000,19.82
1749264561,19.98000000,915.73000000,19.82
1749264561,19.99000000,779.37000000,19.82
1749264561,20.00000000,654.28000000,19.82
1749264561,20.01000000,220.92000000,19.82
1749264561,20.02000000,466.58000000,19.82
1749264561,20.03000000,1228.07000000,19.82
1749264561,20.04000000,224.43000000,19.82
1749264561,20.05000000,1179.33000000,19.82
1749264561,20.06000000,249.51000000,19.82
1749264561,20.07000000,227.46000000,19.82
1749264561,20.08000000,109.74000000,19.82
1749264561,20.09000000,139.98000000,19.82
1749264561,20.10000000,274.17000000,19.82
1749264561,20.11000000,10.85000000,19.82
1749264561,20.12000000,79.69000000,19.82
1749264561,20.13000000,92.11000000,19.82
1749264561,20.14000000,146.87000000,19.82
1749264561,20.15000000,198.44000000,19.82
1749264561,20.16000000,125.82000000,19.82
1749264561,20.17000000,1.55000000,19.82
1749264561,20.18000000,153.69000000,19.82
1749264561,20.19000000,119.86000000,19.82
1749264561,20.20000000,398.16000000,19.82
1749264561,20.21000000,102.45000000,19.82
1749264561,20.22000000,2785.27000000,19.82
1749264561,20.23000000,189.67000000,19.82
1749264561,20.24000000,16.48000000,19.82
1749264561,20.25000000,55.15000000,19.82
1749264561,20.26000000,31.93000000,19.82
1749264561,20.27000000,4.38000000,19.82
1749264561,20.28000000,4.16000000,19.82
1749264561,20.29000000,18.24000000,19.82
1749264561,20.30000000,42.12000000,19.82
1749264561,20.31000000,155.71000000,19.82
1749264561,20.32000000,59.16000000,19.82
1749264561,20.33000000,302.00000000,19.82
1749264561,20.34000000,18.25000000,19.82
1749264561,20.35000000,59.07000000,19.82
1749264561,20.36000000,29.27000000,19.82
1749264561,20.37000000,8.51000000,19.82
1749264561,20.38000000,12.04000000,19.82
1749264561,20.39000000,724.71000000,19.82
1749264561,20.40000000,105.89000000,19.82
1749264561,20.41000000,41.13000000,19.82
1749264561,20.42000000,634.57000000,19.82
1749264561,20.43000000,4.33000000,19.82
1749264561,20.44000000,27.28000000,19.82
1749264561,20.45000000,27.15000000,19.82
1749264561,20.46000000,36.47000000,19.82
1749264561,20.47000000,9.67000000,19.82
1749264561,20.48000000,2.87000000,19.82
1749264561,20.49000000,34.46000000,19.82
1749264561,20.50000000,2023.54000000,19.82
1749264561,20.51000000,19.02000000,19.82
1749264561,20.52000000,149.23000000,19.82
1749264561,20.53000000,10.97000000,19.82
1749264561,20.54000000,105.37000000,19.82
1749264561,20.55000000,81.61000000,19.82
1749264561,20.56000000,0.80000000,19.82
1749264561,20.57000000,5.32000000,19.82
1749264561,20.58000000,343.06000000,19.82
1749264561,20.59000000,12.82000000,19.82
1749264561,20.60000000,210.23000000,19.82
1749264561,20.61000000,43.21000000,19.82
1749264561,20.62000000,27.92000000,19.82
1749264561,20.63000000,110.64000000,19.82
1749264561,20.64000000,3.98000000,19.82
1749264561,20.65000000,91.76000000,19.82
1749264561,20.66000000,41.57000000,19.82
1749264561,20.67000000,11.70000000,19.82
1749264561,20.68000000,199.27000000,19.82
1749264561,20.69000000,9.79000000,19.82
1749264561,20.70000000,51.05000000,19.82
1749264561,20.71000000,21.53000000,19.82
1749264561,20.72000000,29.23000000,19.82
1749264561,20.73000000,7.81000000,19.82
1749264561,20.74000000,184.11000000,19.82
1749264561,20.75000000,68.79000000,19.82
1749264561,20.76000000,14.71000000,19.82
1749264561,20.77000000,13.42000000,19.82
1749264561,20.78000000,433.12000000,19.82
1749264561,20.79000000,102.96000000,19.82
1749264561,20.80000000,40.80000000,19.82
1749264561,20.81000000,4.39000000,19.82
1749264561,20.82000000,37.69000000,19.82
1749264863,19.87000000,1185.87000000,19.86
1749264863,19.88000000,2387.14000000,19.86
1749264863,19.89000000,2723.69000000,19.86
1749264863,19.90000000,5299.30000000,19.86
1749264863,19.91000000,2795.86000000,19.86
1749264863,19.92000000,3075.33000000,19.86
1749264863,19.93000000,2106.48000000,19.86
1749264863,19.94000000,8376.19000000,19.86
1749264863,19.95000000,2414.31000000,19.86
1749264863,19.96000000,886.38000000,19.86
1749264863,19.97000000,3619.77000000,19.86
1749264863,19.98000000,1467.70000000,19.86
1749264863,19.99000000,640.40000000,19.86
1749264863,20.00000000,1023.81000000,19.86
1749264863,20.01000000,1030.32000000,19.86
1749264863,20.02000000,13300.91000000,19.86
1749264863,20.03000000,1410.60000000,19.86
1749264863,20.04000000,540.68000000,19.86
1749264863,20.05000000,1294.41000000,19.86
1749264863,20.06000000,308.12000000,19.86
1749264863,20.07000000,227.07000000,19.86
1749264863,20.08000000,225.37000000,19.86
1749264863,20.09000000,210.39000000,19.86
1749264863,20.10000000,358.94000000,19.86
1749264863,20.11000000,217.13000000,19.86
1749264863,20.12000000,164.97000000,19.86
1749264863,20.13000000,210.90000000,19.86
1749264863,20.14000000,164.82000000,19.86
1749264863,20.15000000,243.85000000,19.86
1749264863,20.16000000,125.82000000,19.86
1749264863,20.17000000,1.55000000,19.86
1749264863,20.18000000,132.76000000,19.86
1749264863,20.19000000,98.61000000,19.86
1749264863,20.20000000,398.16000000,19.86
1749264863,20.21000000,102.45000000,19.86
1749264863,20.22000000,2785.27000000,19.86
1749264863,20.23000000,189.67000000,19.86
1749264863,20.24000000,113.91000000,19.86
1749264863,20.25000000,76.40000000,19.86
1749264863,20.26000000,31.93000000,19.86
1749264863,20.27000000,4.38000000,19.86
1749264863,20.28000000,4.16000000,19.86
1749264863,20.29000000,18.24000000,19.86
1749264863,20.30000000,42.12000000,19.86
1749264863,20.31000000,155.71000000,19.86
1749264863,20.32000000,59.16000000,19.86
1749264863,20.33000000,302.00000000,19.86
1749264863,20.34000000,18.25000000,19.86
1749264863,20.35000000,59.07000000,19.86
1749264863,20.36000000,29.27000000,19.86
1749264863,20.37000000,8.51000000,19.86
1749264863,20.38000000,12.04000000,19.86
1749264863,20.39000000,724.71000000,19.86
1749264863,20.40000000,105.89000000,19.86
1749264863,20.41000000,41.13000000,19.86
1749264863,20.42000000,634.57000000,19.86
1749264863,20.43000000,4.33000000,19.86
1749264863,20.44000000,27.28000000,19.86
1749264863,20.45000000,27.15000000,19.86
1749264863,20.46000000,36.73000000,19.86
1749264863,20.47000000,9.93000000,19.86
1749264863,20.48000000,2.87000000,19.86
1749264863,20.49000000,33.97000000,19.86
1749264863,20.50000000,2023.54000000,19.86
1749264863,20.51000000,19.02000000,19.86
1749264863,20.52000000,149.23000000,19.86
1749264863,20.53000000,10.97000000,19.86
1749264863,20.54000000,105.37000000,19.86
1749264863,20.55000000,32.75000000,19.86
1749264863,20.56000000,1.80000000,19.86
1749264863,20.57000000,5.32000000,19.86
1749264863,20.58000000,343.06000000,19.86
1749264863,20.59000000,13.33000000,19.86
1749264863,20.60000000,210.74000000,19.86
1749264863,20.61000000,92.58000000,19.86
1749264863,20.62000000,28.43000000,19.86
1749264863,20.63000000,110.64000000,19.86
1749264863,20.64000000,3.98000000,19.86
1749264863,20.65000000,91.76000000,19.86
1749264863,20.66000000,41.57000000,19.86
1749264863,20.67000000,11.70000000,19.86
1749264863,20.68000000,199.27000000,19.86
1749264863,20.69000000,9.79000000,19.86
1749264863,20.70000000,51.05000000,19.86
1749264863,20.71000000,21.53000000,19.86
1749264863,20.72000000,29.23000000,19.86
1749264863,20.73000000,7.81000000,19.86
1749264863,20.74000000,184.11000000,19.86
1749264863,20.75000000,68.79000000,19.86
1749264863,20.76000000,14.71000000,19.86
1749264863,20.77000000,13.42000000,19.86
1749264863,20.78000000,433.12000000,19.86
1749264863,20.79000000,102.96000000,19.86
1749264863,20.80000000,40.80000000,19.86
1749264863,20.81000000,4.39000000,19.86
1749264863,20.82000000,37.69000000,19.86
1749264863,20.83000000,35.92000000,19.86
1749264863,20.84000000,7.55000000,19.86
1749264863,20.85000000,305.05000000,19.86
1749264863,20.86000000,2.73000000,19.86
1749265165,19.89000000,1151.64000000,19.88
1749265165,19.90000000,2675.59000000,19.88
1749265165,19.91000000,4152.56000000,19.88
1749265165,19.92000000,5749.70000000,19.88
1749265165,19.93000000,3076.61000000,19.88
1749265165,19.94000000,975.40000000,19.88
1749265165,19.95000000,12486.01000000,19.88
1749265165,19.96000000,887.51000000,19.88
1749265165,19.97000000,3594.73000000,19.88
1749265165,19.98000000,1514.72000000,19.88
1749265165,19.99000000,406.03000000,19.88
1749265165,20.00000000,1021.19000000,19.88
1749265165,20.01000000,785.02000000,19.88
1749265165,20.02000000,13545.44000000,19.88
1749265165,20.03000000,1228.32000000,19.88
1749265165,20.04000000,812.17000000,19.88
1749265165,20.05000000,1294.41000000,19.88
1749265165,20.06000000,258.45000000,19.88
1749265165,20.07000000,394.52000000,19.88
1749265165,20.08000000,340.58000000,19.88
1749265165,20.09000000,210.77000000,19.88
1749265165,20.10000000,359.32000000,19.88
1749265165,20.11000000,217.13000000,19.88
1749265165,20.12000000,164.97000000,19.88
1749265165,20.13000000,160.65000000,19.88
1749265165,20.14000000,216.82000000,19.88
1749265165,20.15000000,372.51000000,19.88
1749265165,20.16000000,254.45000000,19.88
1749265165,20.17000000,96.12000000,19.88
1749265165,20.18000000,132.76000000,19.88
1749265165,20.19000000,98.61000000,19.88
1749265165,20.20000000,267.79000000,19.88
1749265165,20.21000000,102.45000000,19.88
1749265165,20.22000000,2785.27000000,19.88
1749265165,20.23000000,189.67000000,19.88
1749265165,20.24000000,113.91000000,19.88
1749265165,20.25000000,76.40000000,19.88
1749265165,20.26000000,162.30000000,19.88
1749265165,20.27000000,4.38000000,19.88
1749265165,20.28000000,4.16000000,19.88
1749265165,20.29000000,18.24000000,19.88
1749265165,20.30000000,42.12000000,19.88
1749265165,20.31000000,155.71000000,19.88
1749265165,20.32000000,59.16000000,19.88
1749265165,20.33000000,302.00000000,19.88
1749265165,20.34000000,18.25000000,19.88
1749265165,20.35000000,59.07000000,19.88
1749265165,20.36000000,29.27000000,19.88
1749265165,20.37000000,8.51000000,19.88
1749265165,20.38000000,12.04000000,19.88
1749265165,20.39000000,724.71000000,19.88
1749265165,20.40000000,105.89000000,19.88
1749265165,20.41000000,41.13000000,19.88
1749265165,20.42000000,634.57000000,19.88
1749265165,20.43000000,4.33000000,19.88
1749265165,20.44000000,27.28000000,19.88
1749265165,20.45000000,27.15000000,19.88
1749265165,20.46000000,36.73000000,19.88
1749265165,20.47000000,9.93000000,19.88
1749265165,20.48000000,3.13000000,19.88
1749265165,20.49000000,33.97000000,19.88
1749265165,20.50000000,2023.54000000,19.88
1749265165,20.51000000,19.02000000,19.88
1749265165,20.52000000,149.23000000,19.88
1749265165,20.53000000,10.97000000,19.88
1749265165,20.54000000,105.37000000,19.88
1749265165,20.55000000,32.75000000,19.88
1749265165,20.56000000,1.80000000,19.88
1749265165,20.57000000,5.32000000,19.88
1749265165,20.58000000,343.06000000,19.88
1749265165,20.59000000,13.33000000,19.88
1749265165,20.60000000,210.74000000,19.88
1749265165,20.61000000,92.58000000,19.88
1749265165,20.62000000,28.43000000,19.88
1749265165,20.63000000,111.15000000,19.88
1749265165,20.64000000,4.49000000,19.88
1749265165,20.65000000,91.76000000,19.88
1749265165,20.66000000,41.57000000,19.88
1749265165,20.67000000,11.70000000,19.88
1749265165,20.68000000,199.27000000,19.88
1749265165,20.69000000,9.79000000,19.88
1749265165,20.70000000,51.05000000,19.88
1749265165,20.71000000,21.53000000,19.88
1749265165,20.72000000,16.80000000,19.88
1749265165,20.73000000,7.81000000,19.88
1749265165,20.74000000,135.70000000,19.88
1749265165,20.75000000,68.79000000,19.88
1749265165,20.76000000,14.71000000,19.88
1749265165,20.77000000,13.42000000,19.88
1749265165,20.78000000,445.55000000,19.88
1749265165,20.79000000,102.96000000,19.88
1749265165,20.80000000,89.21000000,19.88
1749265165,20.81000000,4.39000000,19.88
1749265165,20.82000000,37.69000000,19.88
1749265165,20.83000000,35.92000000,19.88
1749265165,20.84000000,7.55000000,19.88
1749265165,20.85000000,305.05000000,19.88
1749265165,20.86000000,2.73000000,19.88
1749265165,20.87000000,9.53000000,19.88
1749265165,20.88000000,19.72000000,19.88
1749265467,19.94000000,1244.22000000,19.93
1749265467,19.95000000,3222.28000000,19.93
1749265467,19.96000000,5315.70000000,19.93
1749265467,19.97000000,6088.54000000,19.93
1749265467,19.98000000,2778.74000000,19.93
1749265467,19.99000000,1321.23000000,19.93
1749265467,20.00000000,12719.90000000,19.93
1749265467,20.01000000,540.90000000,19.93
1749265467,20.02000000,1088.85000000,19.93
1749265467,20.03000000,1673.25000000,19.93
1749265467,20.04000000,3097.25000000,19.93
1749265467,20.05000000,1387.43000000,19.93
1749265467,20.06000000,266.30000000,19.93
1749265467,20.07000000,842.82000000,19.93
1749265467,20.08000000,13472.17000000,19.93
1749265467,20.09000000,567.28000000,19.93
1749265467,20.10000000,399.81000000,19.93
1749265467,20.11000000,332.59000000,19.93
1749265467,20.12000000,170.88000000,19.93
1749265467,20.13000000,220.49000000,19.93
1749265467,20.14000000,389.75000000,19.93
1749265467,20.15000000,325.51000000,19.93
1749265467,20.16000000,251.97000000,19.93
1749265467,20.17000000,154.55000000,19.93
1749265467,20.18000000,258.51000000,19.93
1749265467,20.19000000,187.76000000,19.93
1749265467,20.20000000,384.38000000,19.93
1749265467,20.21000000,227.61000000,19.93
1749265467,20.22000000,2835.13000000,19.93
1749265467,20.23000000,199.55000000,19.93
1749265467,20.24000000,83.11000000,19.93
1749265467,20.25000000,177.06000000,19.93
1749265467,20.26000000,239.76000000,19.93
1749265467,20.27000000,4.38000000,19.93
1749265467,20.28000000,4.16000000,19.93
1749265467,20.29000000,94.74000000,19.93
1749265467,20.30000000,139.55000000,19.93
1749265467,20.31000000,232.21000000,19.93
1749265467,20.32000000,166.74000000,19.93
1749265467,20.33000000,152.31000000,19.93
1749265467,20.34000000,18.25000000,19.93
1749265467,20.35000000,59.07000000,19.93
1749265467,20.36000000,29.27000000,19.93
1749265467,20.37000000,8.51000000,19.93
1749265467,20.38000000,12.04000000,19.93
1749265467,20.39000000,825.66000000,19.93
1749265467,20.40000000,112.74000000,19.93
1749265467,20.41000000,41.13000000,19.93
1749265467,20.42000000,622.76000000,19.93
1749265467,20.43000000,4.33000000,19.93
1749265467,20.44000000,27.28000000,19.93
1749265467,20.45000000,75.89000000,19.93
1749265467,20.46000000,36.73000000,19.93
1749265467,20.47000000,9.93000000,19.93
1749265467,20.48000000,14.94000000,19.93
1749265467,20.49000000,34.23000000,19.93
1749265467,20.50000000,2023.80000000,19.93
1749265467,20.51000000,19.28000000,19.93
1749265467,20.52000000,149.49000000,19.93
1749265467,20.53000000,11.23000000,19.93
1749265467,20.54000000,105.63000000,19.93
1749265467,20.55000000,32.75000000,19.93
1749265467,20.56000000,1.80000000,19.93
1749265467,20.57000000,5.32000000,19.93
1749265467,20.58000000,343.06000000,19.93
1749265467,20.59000000,13.33000000,19.93
1749265467,20.60000000,210.74000000,19.93
1749265467,20.61000000,43.72000000,19.93
1749265467,20.62000000,28.43000000,19.93
1749265467,20.63000000,111.15000000,19.93
1749265467,20.64000000,5.49000000,19.93
1749265467,20.65000000,92.27000000,19.93
1749265467,20.66000000,42.08000000,19.93
1749265467,20.67000000,61.07000000,19.93
1749265467,20.68000000,199.78000000,19.93
1749265467,20.69000000,10.30000000,19.93
1749265467,20.70000000,51.05000000,19.93
1749265467,20.71000000,21.53000000,19.93
1749265467,20.72000000,16.80000000,19.93
1749265467,20.73000000,7.81000000,19.93
1749265467,20.74000000,135.70000000,19.93
1749265467,20.75000000,68.79000000,19.93
1749265467,20.76000000,14.71000000,19.93
1749265467,20.77000000,13.42000000,19.93
1749265467,20.78000000,445.55000000,19.93
1749265467,20.79000000,102.96000000,19.93
1749265467,20.80000000,89.21000000,19.93
1749265467,20.81000000,4.39000000,19.93
1749265467,20.82000000,37.69000000,19.93
1749265467,20.83000000,35.92000000,19.93
1749265467,20.84000000,7.55000000,19.93
1749265467,20.85000000,305.05000000,19.93
1749265467,20.86000000,2.73000000,19.93
1749265467,20.87000000,9.53000000,19.93
1749265467,20.88000000,19.72000000,19.93
1749265467,20.89000000,20.17000000,19.93
1749265467,20.90000000,71.53000000,19.93
1749265467,20.91000000,276.66000000,19.93
1749265467,20.92000000,13.33000000,19.93
1749265467,20.93000000,26.74000000,19.93
1749265769,19.95000000,361.16000000,19.94
1749265769,19.96000000,2610.19000000,19.94
1749265769,19.97000000,6418.52000000,19.94
1749265769,19.98000000,6275.64000000,19.94
1749265769,19.99000000,2991.05000000,19.94
1749265769,20.00000000,1691.26000000,19.94
1749265769,20.01000000,9929.93000000,19.94
1749265769,20.02000000,2441.36000000,19.94
1749265769,20.03000000,1550.03000000,19.94
1749265769,20.04000000,3212.69000000,19.94
1749265769,20.05000000,1387.81000000,19.94
1749265769,20.06000000,563.74000000,19.94
1749265769,20.07000000,1403.05000000,19.94
1749265769,20.08000000,13453.32000000,19.94
1749265769,20.09000000,682.11000000,19.94
1749265769,20.10000000,399.81000000,19.94
1749265769,20.11000000,332.59000000,19.94
1749265769,20.12000000,170.88000000,19.94
1749265769,20.13000000,436.30000000,19.94
1749265769,20.14000000,391.39000000,19.94
1749265769,20.15000000,325.89000000,19.94
1749265769,20.16000000,252.35000000,19.94
1749265769,20.17000000,154.55000000,19.94
1749265769,20.18000000,258.51000000,19.94
1749265769,20.19000000,187.76000000,19.94
1749265769,20.20000000,438.17000000,19.94
1749265769,20.21000000,228.52000000,19.94
1749265769,20.22000000,2911.89000000,19.94
1749265769,20.23000000,242.39000000,19.94
1749265769,20.24000000,84.20000000,19.94
1749265769,20.25000000,177.06000000,19.94
1749265769,20.26000000,109.39000000,19.94
1749265769,20.27000000,4.38000000,19.94
1749265769,20.28000000,4.16000000,19.94
1749265769,20.29000000,94.74000000,19.94
1749265769,20.30000000,139.55000000,19.94
1749265769,20.31000000,232.21000000,19.94
1749265769,20.32000000,297.11000000,19.94
1749265769,20.33000000,228.81000000,19.94
1749265769,20.34000000,18.25000000,19.94
1749265769,20.35000000,59.07000000,19.94
1749265769,20.36000000,29.27000000,19.94
1749265769,20.37000000,8.51000000,19.94
1749265769,20.38000000,12.04000000,19.94
1749265769,20.39000000,825.66000000,19.94
1749265769,20.40000000,112.74000000,19.94
1749265769,20.41000000,41.13000000,19.94
1749265769,20.42000000,622.76000000,19.94
1749265769,20.43000000,4.33000000,19.94
1749265769,20.44000000,27.28000000,19.94
1749265769,20.45000000,75.89000000,19.94
1749265769,20.46000000,36.73000000,19.94
1749265769,20.47000000,9.93000000,19.94
1749265769,20.48000000,14.94000000,19.94
1749265769,20.49000000,34.23000000,19.94
1749265769,20.50000000,2023.80000000,19.94
1749265769,20.51000000,19.28000000,19.94
1749265769,20.52000000,149.49000000,19.94
1749265769,20.53000000,11.23000000,19.94
1749265769,20.54000000,106.02000000,19.94
1749265769,20.55000000,32.75000000,19.94
1749265769,20.56000000,1.80000000,19.94
1749265769,20.57000000,5.32000000,19.94
1749265769,20.58000000,343.06000000,19.94
1749265769,20.59000000,13.33000000,19.94
1749265769,20.60000000,210.74000000,19.94
1749265769,20.61000000,43.72000000,19.94
1749265769,20.62000000,28.43000000,19.94
1749265769,20.63000000,111.15000000,19.94
1749265769,20.64000000,4.49000000,19.94
1749265769,20.65000000,92.27000000,19.94
1749265769,20.66000000,42.08000000,19.94
1749265769,20.67000000,61.07000000,19.94
1749265769,20.68000000,199.78000000,19.94
1749265769,20.69000000,10.30000000,19.94
1749265769,20.70000000,51.56000000,19.94
1749265769,20.71000000,21.53000000,19.94
1749265769,20.72000000,16.80000000,19.94
1749265769,20.73000000,7.81000000,19.94
1749265769,20.74000000,135.70000000,19.94
1749265769,20.75000000,68.79000000,19.94
1749265769,20.76000000,14.71000000,19.94
1749265769,20.77000000,13.42000000,19.94
1749265769,20.78000000,445.55000000,19.94
1749265769,20.79000000,102.96000000,19.94
1749265769,20.80000000,40.80000000,19.94
1749265769,20.81000000,4.39000000,19.94
1749265769,20.82000000,37.69000000,19.94
1749265769,20.83000000,35.92000000,19.94
1749265769,20.84000000,7.55000000,19.94
1749265769,20.85000000,305.05000000,19.94
1749265769,20.86000000,51.14000000,19.94
1749265769,20.87000000,9.53000000,19.94
1749265769,20.88000000,19.72000000,19.94
1749265769,20.89000000,20.17000000,19.94
1749265769,20.90000000,71.53000000,19.94
1749265769,20.91000000,276.66000000,19.94
1749265769,20.92000000,13.33000000,19.94
1749265769,20.93000000,26.74000000,19.94
1749265769,20.94000000,126.16000000,19.94
1749266070,20.01000000,860.77000000,20.0
1749266070,20.02000000,3036.11000000,20.0
1749266070,20.03000000,4506.32000000,20.0
1749266070,20.04000000,7575.70000000,20.0
1749266070,20.05000000,6502.85000000,20.0
1749266070,20.06000000,830.05000000,20.0
1749266070,20.07000000,653.99000000,20.0
1749266070,20.08000000,10259.19000000,20.0
1749266070,20.09000000,422.50000000,20.0
1749266070,20.10000000,1847.60000000,20.0
1749266070,20.11000000,2949.85000000,20.0
1749266070,20.12000000,221.91000000,20.0
1749266070,20.13000000,894.13000000,20.0
1749266070,20.14000000,840.91000000,20.0
1749266070,20.15000000,2201.14000000,20.0
1749266070,20.16000000,13102.70000000,20.0
1749266070,20.17000000,435.70000000,20.0
1749266070,20.18000000,259.14000000,20.0
1749266070,20.19000000,303.22000000,20.0
1749266070,20.20000000,1741.66000000,20.0
1749266070,20.21000000,229.15000000,20.0
1749266070,20.22000000,2911.20000000,20.0
1749266070,20.23000000,304.57000000,20.0
1749266070,20.24000000,208.37000000,20.0
1749266070,20.25000000,1409.19000000,20.0
1749266070,20.26000000,123.46000000,20.0
1749266070,20.27000000,17.73000000,20.0
1749266070,20.28000000,94.40000000,20.0
1749266070,20.29000000,94.74000000,20.0
1749266070,20.30000000,164.03000000,20.0
1749266070,20.31000000,232.21000000,20.0
1749266070,20.32000000,275.86000000,20.0
1749266070,20.33000000,228.81000000,20.0
1749266070,20.34000000,94.75000000,20.0
1749266070,20.35000000,135.57000000,20.0
1749266070,20.36000000,164.31000000,20.0
1749266070,20.37000000,9.07000000,20.0
1749266070,20.38000000,109.79000000,20.0
1749266070,20.39000000,675.97000000,20.0
1749266070,20.40000000,112.74000000,20.0
1749266070,20.41000000,41.13000000,20.0
1749266070,20.42000000,622.76000000,20.0
1749266070,20.43000000,4.33000000,20.0
1749266070,20.44000000,340.28000000,20.0
1749266070,20.45000000,176.84000000,20.0
1749266070,20.46000000,37.12000000,20.0
1749266070,20.47000000,9.93000000,20.0
1749266070,20.48000000,316.13000000,20.0
1749266070,20.49000000,34.23000000,20.0
1749266070,20.50000000,2023.80000000,20.0
1749266070,20.51000000,68.02000000,20.0
1749266070,20.52000000,149.49000000,20.0
1749266070,20.53000000,11.23000000,20.0
1749266070,20.54000000,117.83000000,20.0
1749266070,20.55000000,33.01000000,20.0
1749266070,20.56000000,2.06000000,20.0
1749266070,20.57000000,5.58000000,20.0
1749266070,20.58000000,343.32000000,20.0
1749266070,20.59000000,13.59000000,20.0
1749266070,20.60000000,211.00000000,20.0
1749266070,20.61000000,43.72000000,20.0
1749266070,20.62000000,28.43000000,20.0
1749266070,20.63000000,111.15000000,20.0
1749266070,20.64000000,5.49000000,20.0
1749266070,20.65000000,92.27000000,20.0
1749266070,20.66000000,42.08000000,20.0
1749266070,20.67000000,12.21000000,20.0
1749266070,20.68000000,199.78000000,20.0
1749266070,20.69000000,10.30000000,20.0
1749266070,20.70000000,51.56000000,20.0
1749266070,20.71000000,22.79000000,20.0
1749266070,20.72000000,17.31000000,20.0
1749266070,20.73000000,57.18000000,20.0
1749266070,20.74000000,136.21000000,20.0
1749266070,20.75000000,69.30000000,20.0
1749266070,20.76000000,14.60000000,20.0
1749266070,20.77000000,13.42000000,20.0
1749266070,20.78000000,433.12000000,20.0
1749266070,20.79000000,102.96000000,20.0
1749266070,20.80000000,40.80000000,20.0
1749266070,20.81000000,4.39000000,20.0
1749266070,20.82000000,37.69000000,20.0
1749266070,20.83000000,35.92000000,20.0
1749266070,20.84000000,7.55000000,20.0
1749266070,20.85000000,317.48000000,20.0
1749266070,20.86000000,51.14000000,20.0
1749266070,20.87000000,9.53000000,20.0
1749266070,20.88000000,19.72000000,20.0
1749266070,20.89000000,20.17000000,20.0
1749266070,20.90000000,71.53000000,20.0
1749266070,20.91000000,276.66000000,20.0
1749266070,20.92000000,13.33000000,20.0
1749266070,20.93000000,26.74000000,20.0
1749266070,20.94000000,126.16000000,20.0
1749266070,20.95000000,26.09000000,20.0
1749266070,20.96000000,3.36000000,20.0
1749266070,20.97000000,26.99000000,20.0
1749266070,20.98000000,0.30000000,20.0
1749266070,20.99000000,26.35000000,20.0
1749266070,21.00000000,2841.98000000,20.0
1749266372,20.00000000,1134.13000000,19.99
1749266372,20.01000000,2482.42000000,19.99
1749266372,20.02000000,3923.49000000,19.99
1749266372,20.03000000,4710.94000000,19.99
1749266372,20.04000000,3469.03000000,19.99
1749266372,20.05000000,4606.22000000,19.99
1749266372,20.06000000,3595.01000000,19.99
1749266372,20.07000000,8410.48000000,19.99
1749266372,20.08000000,746.15000000,19.99
1749266372,20.09000000,565.25000000,19.99
1749266372,20.10000000,6535.87000000,19.99
1749266372,20.11000000,426.49000000,19.99
1749266372,20.12000000,536.95000000,19.99
1749266372,20.13000000,995.14000000,19.99
1749266372,20.14000000,467.32000000,19.99
1749266372,20.15000000,14524.61000000,19.99
1749266372,20.16000000,279.21000000,19.99
1749266372,20.17000000,346.65000000,19.99
1749266372,20.18000000,816.31000000,19.99
1749266372,20.19000000,354.50000000,19.99
1749266372,20.20000000,1741.66000000,19.99
1749266372,20.21000000,725.45000000,19.99
1749266372,20.22000000,2911.58000000,19.99
1749266372,20.23000000,552.58000000,19.99
1749266372,20.24000000,209.14000000,19.99
1749266372,20.25000000,1362.57000000,19.99
1749266372,20.26000000,116.27000000,19.99
1749266372,20.27000000,80.88000000,19.99
1749266372,20.28000000,81.66000000,19.99
1749266372,20.29000000,94.74000000,19.99
1749266372,20.30000000,164.03000000,19.99
1749266372,20.31000000,232.71000000,19.99
1749266372,20.32000000,135.66000000,19.99
1749266372,20.33000000,228.81000000,19.99
1749266372,20.34000000,94.75000000,19.99
1749266372,20.35000000,135.57000000,19.99
1749266372,20.36000000,164.31000000,19.99
1749266372,20.37000000,9.07000000,19.99
1749266372,20.38000000,240.16000000,19.99
1749266372,20.39000000,752.97000000,19.99
1749266372,20.40000000,189.24000000,19.99
1749266372,20.41000000,50.92000000,19.99
1749266372,20.42000000,622.76000000,19.99
1749266372,20.43000000,4.33000000,19.99
1749266372,20.44000000,27.28000000,19.99
1749266372,20.45000000,27.15000000,19.99
1749266372,20.46000000,186.81000000,19.99
1749266372,20.47000000,11.43000000,19.99
1749266372,20.48000000,3.13000000,19.99
1749266372,20.49000000,34.23000000,19.99
1749266372,20.50000000,2023.80000000,19.99
1749266372,20.51000000,19.28000000,19.99
1749266372,20.52000000,149.49000000,19.99
1749266372,20.53000000,11.50000000,19.99
1749266372,20.54000000,106.02000000,19.99
1749266372,20.55000000,33.01000000,19.99
1749266372,20.56000000,13.87000000,19.99
1749266372,20.57000000,5.58000000,19.99
1749266372,20.58000000,392.06000000,19.99
1749266372,20.59000000,13.59000000,19.99
1749266372,20.60000000,211.00000000,19.99
1749266372,20.61000000,43.98000000,19.99
1749266372,20.62000000,28.69000000,19.99
1749266372,20.63000000,111.41000000,19.99
1749266372,20.64000000,5.75000000,19.99
1749266372,20.65000000,92.27000000,19.99
1749266372,20.66000000,42.08000000,19.99
1749266372,20.67000000,12.21000000,19.99
1749266372,20.68000000,199.78000000,19.99
1749266372,20.69000000,10.30000000,19.99
1749266372,20.70000000,51.56000000,19.99
1749266372,20.71000000,22.79000000,19.99
1749266372,20.72000000,18.76000000,19.99
1749266372,20.73000000,57.18000000,19.99
1749266372,20.74000000,136.21000000,19.99
1749266372,20.75000000,69.30000000,19.99
1749266372,20.76000000,14.09000000,19.99
1749266372,20.77000000,13.42000000,19.99
1749266372,20.78000000,433.12000000,19.99
1749266372,20.79000000,102.96000000,19.99
1749266372,20.80000000,40.80000000,19.99
1749266372,20.81000000,4.39000000,19.99
1749266372,20.82000000,37.69000000,19.99
1749266372,20.83000000,35.92000000,19.99
1749266372,20.84000000,7.55000000,19.99
1749266372,20.85000000,305.05000000,19.99
1749266372,20.86000000,2.73000000,19.99
1749266372,20.87000000,9.53000000,19.99
1749266372,20.88000000,54.67000000,19.99
1749266372,20.89000000,20.17000000,19.99
1749266372,20.90000000,71.53000000,19.99
1749266372,20.91000000,289.09000000,19.99
1749266372,20.92000000,61.74000000,19.99
1749266372,20.93000000,26.74000000,19.99
1749266372,20.94000000,126.16000000,19.99
1749266372,20.95000000,26.09000000,19.99
1749266372,20.96000000,3.36000000,19.99
1749266372,20.97000000,26.99000000,19.99
1749266372,20.98000000,0.30000000,19.99
1749266372,20.99000000,26.35000000,19.99
1749266674,20.11000000,575.45000000,20.1
1749266674,20.12000000,1965.93000000,20.1
1749266674,20.13000000,3014.89000000,20.1
1749266674,20.14000000,4210.90000000,20.1
1749266674,20.15000000,7764.80000000,20.1
1749266674,20.16000000,1191.43000000,20.1
1749266674,20.17000000,2735.94000000,20.1
1749266674,20.18000000,3131.23000000,20.1
1749266674,20.19000000,8220.95000000,20.1
1749266674,20.20000000,2313.51000000,20.1
1749266674,20.21000000,568.06000000,20.1
1749266674,20.22000000,3000.13000000,20.1
1749266674,20.23000000,591.24000000,20.1
1749266674,20.24000000,239.48000000,20.1
1749266674,20.25000000,1552.51000000,20.1
1749266674,20.26000000,767.72000000,20.1
1749266674,20.27000000,13173.15000000,20.1
1749266674,20.28000000,224.63000000,20.1
1749266674,20.29000000,352.54000000,20.1
1749266674,20.30000000,569.21000000,20.1
1749266674,20.31000000,359.93000000,20.1
1749266674,20.32000000,368.28000000,20.1
1749266674,20.33000000,346.44000000,20.1
1749266674,20.34000000,242.91000000,20.1
1749266674,20.35000000,457.65000000,20.1
1749266674,20.36000000,291.54000000,20.1
1749266674,20.37000000,200.43000000,20.1
1749266674,20.38000000,246.62000000,20.1
1749266674,20.39000000,770.08000000,20.1
1749266674,20.40000000,189.24000000,20.1
1749266674,20.41000000,117.63000000,20.1
1749266674,20.42000000,699.26000000,20.1
1749266674,20.43000000,101.76000000,20.1
1749266674,20.44000000,234.15000000,20.1
1749266674,20.45000000,124.90000000,20.1
1749266674,20.46000000,37.12000000,20.1
1749266674,20.47000000,11.43000000,20.1
1749266674,20.48000000,3.13000000,20.1
1749266674,20.49000000,34.23000000,20.1
1749266674,20.50000000,2033.55000000,20.1
1749266674,20.51000000,20.26000000,20.1
1749266674,20.52000000,149.49000000,20.1
1749266674,20.53000000,161.19000000,20.1
1749266674,20.54000000,106.02000000,20.1
1749266674,20.55000000,33.01000000,20.1
1749266674,20.56000000,2.06000000,20.1
1749266674,20.57000000,5.58000000,20.1
1749266674,20.58000000,343.32000000,20.1
1749266674,20.59000000,18.57000000,20.1
1749266674,20.60000000,211.00000000,20.1
1749266674,20.61000000,92.72000000,20.1
1749266674,20.62000000,28.69000000,20.1
1749266674,20.63000000,111.41000000,20.1
1749266674,20.64000000,17.56000000,20.1
1749266674,20.65000000,92.53000000,20.1
1749266674,20.66000000,42.34000000,20.1
1749266674,20.67000000,12.47000000,20.1
1749266674,20.68000000,200.04000000,20.1
1749266674,20.69000000,10.56000000,20.1
1749266674,20.70000000,51.82000000,20.1
1749266674,20.71000000,22.79000000,20.1
1749266674,20.72000000,17.31000000,20.1
1749266674,20.73000000,8.32000000,20.1
1749266674,20.74000000,136.21000000,20.1
1749266674,20.75000000,69.30000000,20.1
1749266674,20.76000000,14.60000000,20.1
1749266674,20.77000000,13.93000000,20.1
1749266674,20.78000000,433.63000000,20.1
1749266674,20.79000000,103.47000000,20.1
1749266674,20.80000000,90.17000000,20.1
1749266674,20.81000000,4.39000000,20.1
1749266674,20.82000000,37.69000000,20.1
1749266674,20.83000000,35.92000000,20.1
1749266674,20.84000000,7.55000000,20.1
1749266674,20.85000000,305.05000000,20.1
1749266674,20.86000000,2.73000000,20.1
1749266674,20.87000000,9.53000000,20.1
1749266674,20.88000000,54.67000000,20.1
1749266674,20.89000000,20.17000000,20.1
1749266674,20.90000000,71.53000000,20.1
1749266674,20.91000000,276.66000000,20.1
1749266674,20.92000000,25.76000000,20.1
1749266674,20.93000000,26.74000000,20.1
1749266674,20.94000000,126.16000000,20.1
1749266674,20.95000000,26.09000000,20.1
1749266674,20.96000000,3.36000000,20.1
1749266674,20.97000000,26.99000000,20.1
1749266674,20.98000000,48.71000000,20.1
1749266674,20.99000000,26.35000000,20.1
1749266674,21.00000000,2841.98000000,20.1
1749266674,21.01000000,15.27000000,20.1
1749266674,21.02000000,11.45000000,20.1
1749266674,21.03000000,38.41000000,20.1
1749266674,21.04000000,1.72000000,20.1
1749266674,21.05000000,42.34000000,20.1
1749266674,21.06000000,1.99000000,20.1
1749266674,21.07000000,44.01000000,20.1
1749266674,21.08000000,113.58000000,20.1
1749266674,21.09000000,65.59000000,20.1
1749266674,21.10000000,307.10000000,20.1
1749266976,20.11000000,1027.81000000,20.11
1749266976,20.12000000,3145.92000000,20.11
1749266976,20.13000000,3912.93000000,20.11
1749266976,20.14000000,5831.37000000,20.11
1749266976,20.15000000,3872.73000000,20.11
1749266976,20.16000000,4142.11000000,20.11
1749266976,20.17000000,2561.88000000,20.11
1749266976,20.18000000,8279.43000000,20.11
1749266976,20.19000000,542.84000000,20.11
1749266976,20.20000000,2269.51000000,20.11
1749266976,20.21000000,928.53000000,20.11
1749266976,20.22000000,5557.45000000,20.11
1749266976,20.23000000,476.28000000,20.11
1749266976,20.24000000,699.42000000,20.11
1749266976,20.25000000,1558.54000000,20.11
1749266976,20.26000000,13890.22000000,20.11
1749266976,20.27000000,500.58000000,20.11
1749266976,20.28000000,533.63000000,20.11
1749266976,20.29000000,352.54000000,20.11
1749266976,20.30000000,517.67000000,20.11
1749266976,20.31000000,359.93000000,20.11
1749266976,20.32000000,368.66000000,20.11
1749266976,20.33000000,346.82000000,20.11
1749266976,20.34000000,243.29000000,20.11
1749266976,20.35000000,516.43000000,20.11
1749266976,20.36000000,274.78000000,20.11
1749266976,20.37000000,241.41000000,20.11
1749266976,20.38000000,89.74000000,20.11
1749266976,20.39000000,752.97000000,20.11
1749266976,20.40000000,189.24000000,20.11
1749266976,20.41000000,117.63000000,20.11
1749266976,20.42000000,744.67000000,20.11
1749266976,20.43000000,101.76000000,20.11
1749266976,20.44000000,234.15000000,20.11
1749266976,20.45000000,124.90000000,20.11
1749266976,20.46000000,113.62000000,20.11
1749266976,20.47000000,11.43000000,20.11
1749266976,20.48000000,3.13000000,20.11
1749266976,20.49000000,34.23000000,20.11
1749266976,20.50000000,2033.91000000,20.11
1749266976,20.51000000,20.26000000,20.11
1749266976,20.52000000,149.49000000,20.11
1749266976,20.53000000,161.19000000,20.11
1749266976,20.54000000,106.02000000,20.11
1749266976,20.55000000,33.01000000,20.11
1749266976,20.56000000,2.06000000,20.11
1749266976,20.57000000,5.58000000,20.11
1749266976,20.58000000,343.32000000,20.11
1749266976,20.59000000,18.57000000,20.11
1749266976,20.60000000,211.00000000,20.11
1749266976,20.61000000,92.72000000,20.11
1749266976,20.62000000,28.69000000,20.11
1749266976,20.63000000,111.41000000,20.11
1749266976,20.64000000,17.56000000,20.11
1749266976,20.65000000,92.53000000,20.11
1749266976,20.66000000,42.34000000,20.11
1749266976,20.67000000,12.47000000,20.11
1749266976,20.68000000,200.04000000,20.11
1749266976,20.69000000,10.56000000,20.11
1749266976,20.70000000,51.82000000,20.11
1749266976,20.71000000,23.05000000,20.11
1749266976,20.72000000,17.57000000,20.11
1749266976,20.73000000,8.58000000,20.11
1749266976,20.74000000,136.21000000,20.11
1749266976,20.75000000,69.30000000,20.11
1749266976,20.76000000,14.60000000,20.11
1749266976,20.77000000,13.93000000,20.11
1749266976,20.78000000,433.63000000,20.11
1749266976,20.79000000,104.92000000,20.11
1749266976,20.80000000,90.17000000,20.11
1749266976,20.81000000,3.79000000,20.11
1749266976,20.82000000,38.19000000,20.11
1749266976,20.83000000,36.07000000,20.11
1749266976,20.84000000,8.05000000,20.11
1749266976,20.85000000,305.55000000,20.11
1749266976,20.86000000,3.23000000,20.11
1749266976,20.87000000,9.53000000,20.11
1749266976,20.88000000,54.67000000,20.11
1749266976,20.89000000,20.17000000,20.11
1749266976,20.90000000,71.53000000,20.11
1749266976,20.91000000,276.66000000,20.11
1749266976,20.92000000,25.34000000,20.11
1749266976,20.93000000,26.74000000,20.11
1749266976,20.94000000,126.16000000,20.11
1749266976,20.95000000,26.09000000,20.11
1749266976,20.96000000,3.36000000,20.11
1749266976,20.97000000,26.99000000,20.11
1749266976,20.98000000,48.71000000,20.11
1749266976,20.99000000,26.35000000,20.11
1749266976,21.00000000,2841.98000000,20.11
1749266976,21.01000000,15.27000000,20.11
1749266976,21.02000000,9.84000000,20.11
1749266976,21.03000000,38.41000000,20.11
1749266976,21.04000000,1.72000000,20.11
1749266976,21.05000000,42.34000000,20.11
1749266976,21.06000000,1.99000000,20.11
1749266976,21.07000000,44.01000000,20.11
1749266976,21.08000000,113.58000000,20.11
1749266976,21.09000000,65.59000000,20.11
1749266976,21.10000000,307.10000000,20.11
1749267278,20.07000000,1165.97000000,20.06
1749267278,20.08000000,3027.93000000,20.06
1749267278,20.09000000,3812.52000000,20.06
1749267278,20.10000000,5522.12000000,20.06
1749267278,20.11000000,2752.77000000,20.06
1749267278,20.12000000,2481.76000000,20.06
1749267278,20.13000000,8933.37000000,20.06
1749267278,20.14000000,2230.93000000,20.06
1749267278,20.15000000,4010.06000000,20.06
1749267278,20.16000000,1106.33000000,20.06
1749267278,20.17000000,446.07000000,20.06
1749267278,20.18000000,2899.26000000,20.06
1749267278,20.19000000,384.89000000,20.06
1749267278,20.20000000,2775.55000000,20.06
1749267278,20.21000000,13688.85000000,20.06
1749267278,20.22000000,2971.05000000,20.06
1749267278,20.23000000,459.90000000,20.06
1749267278,20.24000000,354.69000000,20.06
1749267278,20.25000000,1558.87000000,20.06
1749267278,20.26000000,588.85000000,20.06
1749267278,20.27000000,546.62000000,20.06
1749267278,20.28000000,224.38000000,20.06
1749267278,20.29000000,352.29000000,20.06
1749267278,20.30000000,350.50000000,20.06
1749267278,20.31000000,346.73000000,20.06
1749267278,20.32000000,405.65000000,20.06
1749267278,20.33000000,229.19000000,20.06
1749267278,20.34000000,95.13000000,20.06
1749267278,20.35000000,424.32000000,20.06
1749267278,20.36000000,144.66000000,20.06
1749267278,20.37000000,131.31000000,20.06
1749267278,20.38000000,88.54000000,20.06
1749267278,20.39000000,672.81000000,20.06
1749267278,20.40000000,189.24000000,20.06
1749267278,20.41000000,117.63000000,20.06
1749267278,20.42000000,699.26000000,20.06
1749267278,20.43000000,101.76000000,20.06
1749267278,20.44000000,234.15000000,20.06
1749267278,20.45000000,103.98000000,20.06
1749267278,20.46000000,113.62000000,20.06
1749267278,20.47000000,11.43000000,20.06
1749267278,20.48000000,3.13000000,20.06
1749267278,20.49000000,34.23000000,20.06
1749267278,20.50000000,2041.75000000,20.06
1749267278,20.51000000,20.26000000,20.06
1749267278,20.52000000,149.49000000,20.06
1749267278,20.53000000,161.19000000,20.06
1749267278,20.54000000,106.35000000,20.06
1749267278,20.55000000,33.01000000,20.06
1749267278,20.56000000,2.06000000,20.06
1749267278,20.57000000,5.58000000,20.06
1749267278,20.58000000,343.32000000,20.06
1749267278,20.59000000,18.57000000,20.06
1749267278,20.60000000,211.00000000,20.06
1749267278,20.61000000,92.72000000,20.06
1749267278,20.62000000,28.69000000,20.06
1749267278,20.63000000,111.41000000,20.06
1749267278,20.64000000,17.56000000,20.06
1749267278,20.65000000,92.53000000,20.06
1749267278,20.66000000,42.34000000,20.06
1749267278,20.67000000,12.47000000,20.06
1749267278,20.68000000,200.04000000,20.06
1749267278,20.69000000,10.56000000,20.06
1749267278,20.70000000,51.82000000,20.06
1749267278,20.71000000,23.05000000,20.06
1749267278,20.72000000,17.57000000,20.06
1749267278,20.73000000,8.58000000,20.06
1749267278,20.74000000,136.21000000,20.06
1749267278,20.75000000,69.30000000,20.06
1749267278,20.76000000,14.60000000,20.06
1749267278,20.77000000,13.93000000,20.06
1749267278,20.78000000,9.04000000,20.06
1749267278,20.79000000,104.92000000,20.06
1749267278,20.80000000,90.17000000,20.06
1749267278,20.81000000,3.79000000,20.06
1749267278,20.82000000,38.19000000,20.06
1749267278,20.83000000,35.57000000,20.06
1749267278,20.84000000,7.55000000,20.06
1749267278,20.85000000,305.05000000,20.06
1749267278,20.86000000,2.73000000,20.06
1749267278,20.87000000,9.53000000,20.06
1749267278,20.88000000,54.67000000,20.06
1749267278,20.89000000,20.17000000,20.06
1749267278,20.90000000,71.53000000,20.06
1749267278,20.91000000,276.66000000,20.06
1749267278,20.92000000,25.34000000,20.06
1749267278,20.93000000,26.74000000,20.06
1749267278,20.94000000,126.16000000,20.06
1749267278,20.95000000,26.09000000,20.06
1749267278,20.96000000,8.34000000,20.06
1749267278,20.97000000,26.99000000,20.06
1749267278,20.98000000,48.71000000,20.06
1749267278,20.99000000,26.35000000,20.06
1749267278,21.00000000,2841.98000000,20.06
1749267278,21.01000000,15.27000000,20.06
1749267278,21.02000000,9.84000000,20.06
1749267278,21.03000000,38.41000000,20.06
1749267278,21.04000000,1.72000000,20.06
1749267278,21.05000000,42.34000000,20.06
1749267278,21.06000000,1.99000000,20.06
1749267579,20.09000000,162.55000000,20.09
1749267579,20.10000000,2053.22000000,20.09
1749267579,20.11000000,3558.26000000,20.09
1749267579,20.12000000,7577.25000000,20.09
1749267579,20.13000000,2381.49000000,20.09
1749267579,20.14000000,1898.06000000,20.09
1749267579,20.15000000,13758.47000000,20.09
1749267579,20.16000000,1019.98000000,20.09
1749267579,20.17000000,446.07000000,20.09
1749267579,20.18000000,2941.83000000,20.09
1749267579,20.19000000,480.80000000,20.09
1749267579,20.20000000,2211.23000000,20.09
1749267579,20.21000000,1382.32000000,20.09
1749267579,20.22000000,3200.32000000,20.09
1749267579,20.23000000,13145.58000000,20.09
1749267579,20.24000000,667.69000000,20.09
1749267579,20.25000000,1558.87000000,20.09
1749267579,20.26000000,589.10000000,20.09
1749267579,20.27000000,500.58000000,20.09
1749267579,20.28000000,224.38000000,20.09
1749267579,20.29000000,352.29000000,20.09
1749267579,20.30000000,350.50000000,20.09
1749267579,20.31000000,346.73000000,20.09
1749267579,20.32000000,405.14000000,20.09
1749267579,20.33000000,383.14000000,20.09
1749267579,20.34000000,247.78000000,20.09
1749267579,20.35000000,426.79000000,20.09
1749267579,20.36000000,149.55000000,20.09
1749267579,20.37000000,131.31000000,20.09
1749267579,20.38000000,88.54000000,20.09
1749267579,20.39000000,672.81000000,20.09
1749267579,20.40000000,189.24000000,20.09
1749267579,20.41000000,117.63000000,20.09
1749267579,20.42000000,699.26000000,20.09
1749267579,20.43000000,101.76000000,20.09
1749267579,20.44000000,234.15000000,20.09
1749267579,20.45000000,103.98000000,20.09
1749267579,20.46000000,113.62000000,20.09
1749267579,20.47000000,11.43000000,20.09
1749267579,20.48000000,3.13000000,20.09
1749267579,20.49000000,34.23000000,20.09
1749267579,20.50000000,2041.75000000,20.09
1749267579,20.51000000,47.41000000,20.09
1749267579,20.52000000,149.49000000,20.09
1749267579,20.53000000,161.19000000,20.09
1749267579,20.54000000,106.35000000,20.09
1749267579,20.55000000,33.01000000,20.09
1749267579,20.56000000,2.06000000,20.09
1749267579,20.57000000,5.58000000,20.09
1749267579,20.58000000,343.32000000,20.09
1749267579,20.59000000,18.57000000,20.09
1749267579,20.60000000,211.00000000,20.09
1749267579,20.61000000,92.72000000,20.09
1749267579,20.62000000,28.69000000,20.09
