timestamp,price,volume,current_price
1749254452,19.65000000,990.94000000,19.65
1749254452,19.66000000,3189.59000000,19.65
1749254452,19.67000000,3722.43000000,19.65
1749254452,19.68000000,5953.04000000,19.65
1749254452,19.69000000,3123.10000000,19.65
1749254452,19.70000000,2381.94000000,19.65
1749254452,19.71000000,2460.16000000,19.65
1749254452,19.72000000,9050.69000000,19.65
1749254452,19.73000000,3009.08000000,19.65
1749254452,19.74000000,864.02000000,19.65
1749254452,19.75000000,3050.48000000,19.65
1749254452,19.76000000,848.47000000,19.65
1749254452,19.77000000,740.04000000,19.65
1749254452,19.78000000,894.73000000,19.65
1749254452,19.79000000,13414.04000000,19.65
1749254452,19.80000000,1098.26000000,19.65
1749254452,19.81000000,449.60000000,19.65
1749254452,19.82000000,479.57000000,19.65
1749254452,19.83000000,1042.22000000,19.65
1749254452,19.84000000,328.95000000,19.65
1749254452,19.85000000,1676.90000000,19.65
1749254452,19.86000000,292.11000000,19.65
1749254452,19.87000000,287.25000000,19.65
1749254452,19.88000000,359.73000000,19.65
1749254452,19.89000000,289.02000000,19.65
1749254452,19.90000000,275.89000000,19.65
1749254452,19.91000000,297.83000000,19.65
1749254452,19.92000000,282.32000000,19.65
1749254452,19.93000000,308.35000000,19.65
1749254452,19.94000000,286.19000000,19.65
1749254452,19.95000000,332.29000000,19.65
1749254452,19.96000000,289.22000000,19.65
1749254452,19.97000000,1048.70000000,19.65
1749254452,19.98000000,283.36000000,19.65
1749254452,19.99000000,285.70000000,19.65
1749254452,20.00000000,1092.20000000,19.65
1749254452,20.01000000,283.47000000,19.65
1749254452,20.02000000,283.44000000,19.65
1749254452,20.03000000,1357.40000000,19.65
1749254452,20.04000000,7.74000000,19.65
1749254452,20.05000000,969.16000000,19.65
1749254452,20.06000000,40.25000000,19.65
1749254452,20.07000000,21.28000000,19.65
1749254452,20.08000000,18.53000000,19.65
1749254452,20.09000000,13.69000000,19.65
1749254452,20.10000000,163.45000000,19.65
1749254452,20.11000000,10.85000000,19.65
1749254452,20.12000000,2.19000000,19.65
1749254452,20.13000000,16.01000000,19.65
1749254452,20.14000000,70.37000000,19.65
1749254452,20.15000000,201.63000000,19.65
1749254452,20.16000000,49.32000000,19.65
1749254452,20.17000000,3.65000000,19.65
1749254452,20.18000000,56.26000000,19.65
1749254452,20.19000000,22.11000000,19.65
1749254452,20.20000000,239.93000000,19.65
1749254452,20.21000000,25.95000000,19.65
1749254452,20.22000000,2708.77000000,19.65
1749254452,20.23000000,48.25000000,19.65
1749254452,20.24000000,18.42000000,19.65
1749254452,20.25000000,55.15000000,19.65
1749254452,20.26000000,34.03000000,19.65
1749254452,20.27000000,4.38000000,19.65
1749254452,20.28000000,4.16000000,19.65
1749254452,20.29000000,18.24000000,19.65
1749254452,20.30000000,41.09000000,19.65
1749254452,20.31000000,155.71000000,19.65
1749254452,20.32000000,59.16000000,19.65
1749254452,20.33000000,152.30000000,19.65
1749254452,20.34000000,18.62000000,19.65
1749254452,20.35000000,59.06000000,19.65
1749254452,20.36000000,31.10000000,19.65
1749254452,20.37000000,57.10000000,19.65
1749254452,20.38000000,11.78000000,19.65
1749254452,20.39000000,676.20000000,19.65
1749254452,20.40000000,107.09000000,19.65
1749254452,20.41000000,40.35000000,19.65
1749254452,20.42000000,621.99000000,19.65
1749254452,20.43000000,3.56000000,19.65
1749254452,20.44000000,26.51000000,19.65
1749254452,20.45000000,26.38000000,19.65
1749254452,20.46000000,38.06000000,19.65
1749254452,20.47000000,9.16000000,19.65
1749254452,20.48000000,1.75000000,19.65
1749254452,20.49000000,33.95000000,19.65
1749254452,20.50000000,2023.03000000,19.65
1749254452,20.51000000,18.51000000,19.65
1749254452,20.52000000,149.21000000,19.65
1749254452,20.53000000,10.46000000,19.65
1749254452,20.54000000,165.70000000,19.65
1749254452,20.55000000,41.03000000,19.65
1749254452,20.56000000,2.39000000,19.65
1749254452,20.57000000,4.81000000,19.65
1749254452,20.58000000,342.55000000,19.65
1749254452,20.59000000,12.82000000,19.65
1749254452,20.60000000,210.23000000,19.65
1749254452,20.61000000,43.21000000,19.65
1749254452,20.62000000,27.92000000,19.65
1749254452,20.63000000,110.64000000,19.65
1749254452,20.64000000,3.98000000,19.65
1749254753,19.65000000,1026.05000000,19.65
1749254753,19.66000000,2111.87000000,19.65
1749254753,19.67000000,3640.08000000,19.65
1749254753,19.68000000,5371.91000000,19.65
1749254753,19.69000000,2995.88000000,19.65
1749254753,19.70000000,2106.27000000,19.65
1749254753,19.71000000,2460.42000000,19.65
1749254753,19.72000000,9249.28000000,19.65
1749254753,19.73000000,701.57000000,19.65
1749254753,19.74000000,3022.41000000,19.65
1749254753,19.75000000,3050.48000000,19.65
1749254753,19.76000000,528.62000000,19.65
1749254753,19.77000000,477.56000000,19.65
1749254753,19.78000000,1156.90000000,19.65
1749254753,19.79000000,442.75000000,19.65
1749254753,19.80000000,13729.70000000,19.65
1749254753,19.81000000,449.60000000,19.65
1749254753,19.82000000,455.23000000,19.65
1749254753,19.83000000,1226.02000000,19.65
1749254753,19.84000000,279.19000000,19.65
1749254753,19.85000000,1676.95000000,19.65
1749254753,19.86000000,293.38000000,19.65
1749254753,19.87000000,287.25000000,19.65
1749254753,19.88000000,359.73000000,19.65
1749254753,19.89000000,289.02000000,19.65
1749254753,19.90000000,275.89000000,19.65
1749254753,19.91000000,297.83000000,19.65
1749254753,19.92000000,282.32000000,19.65
1749254753,19.93000000,308.35000000,19.65
1749254753,19.94000000,286.19000000,19.65
1749254753,19.95000000,332.29000000,19.65
1749254753,19.96000000,289.22000000,19.65
1749254753,19.97000000,1048.70000000,19.65
1749254753,19.98000000,283.36000000,19.65
1749254753,19.99000000,285.70000000,19.65
1749254753,20.00000000,1092.20000000,19.65
1749254753,20.01000000,283.47000000,19.65
1749254753,20.02000000,278.71000000,19.65
1749254753,20.03000000,1416.05000000,19.65
1749254753,20.04000000,105.78000000,19.65
1749254753,20.05000000,977.97000000,19.65
1749254753,20.06000000,40.25000000,19.65
1749254753,20.07000000,21.28000000,19.65
1749254753,20.08000000,18.53000000,19.65
1749254753,20.09000000,163.38000000,19.65
1749254753,20.10000000,163.45000000,19.65
1749254753,20.11000000,10.85000000,19.65
1749254753,20.12000000,2.19000000,19.65
1749254753,20.13000000,16.01000000,19.65
1749254753,20.14000000,70.37000000,19.65
1749254753,20.15000000,51.94000000,19.65
1749254753,20.16000000,49.32000000,19.65
1749254753,20.17000000,3.65000000,19.65
1749254753,20.18000000,56.26000000,19.65
1749254753,20.19000000,22.11000000,19.65
1749254753,20.20000000,239.93000000,19.65
1749254753,20.21000000,25.95000000,19.65
1749254753,20.22000000,2708.77000000,19.65
1749254753,20.23000000,48.25000000,19.65
1749254753,20.24000000,18.42000000,19.65
1749254753,20.25000000,55.15000000,19.65
1749254753,20.26000000,34.03000000,19.65
1749254753,20.27000000,4.38000000,19.65
1749254753,20.28000000,4.16000000,19.65
1749254753,20.29000000,18.24000000,19.65
1749254753,20.30000000,41.09000000,19.65
1749254753,20.31000000,155.71000000,19.65
1749254753,20.32000000,59.16000000,19.65
1749254753,20.33000000,152.30000000,19.65
1749254753,20.34000000,18.62000000,19.65
1749254753,20.35000000,59.06000000,19.65
1749254753,20.36000000,31.10000000,19.65
1749254753,20.37000000,57.10000000,19.65
1749254753,20.38000000,11.78000000,19.65
1749254753,20.39000000,676.20000000,19.65
1749254753,20.40000000,107.09000000,19.65
1749254753,20.41000000,40.35000000,19.65
1749254753,20.42000000,621.99000000,19.65
1749254753,20.43000000,3.56000000,19.65
1749254753,20.44000000,26.51000000,19.65
1749254753,20.45000000,26.38000000,19.65
1749254753,20.46000000,38.06000000,19.65
1749254753,20.47000000,9.16000000,19.65
1749254753,20.48000000,1.75000000,19.65
1749254753,20.49000000,33.95000000,19.65
1749254753,20.50000000,2023.03000000,19.65
1749254753,20.51000000,18.51000000,19.65
1749254753,20.52000000,149.21000000,19.65
1749254753,20.53000000,10.46000000,19.65
1749254753,20.54000000,165.70000000,19.65
1749254753,20.55000000,41.03000000,19.65
1749254753,20.56000000,2.39000000,19.65
1749254753,20.57000000,4.81000000,19.65
1749254753,20.58000000,342.55000000,19.65
1749254753,20.59000000,12.82000000,19.65
1749254753,20.60000000,210.23000000,19.65
1749254753,20.61000000,43.21000000,19.65
1749254753,20.62000000,27.92000000,19.65
1749254753,20.63000000,110.64000000,19.65
1749254753,20.64000000,3.98000000,19.65
1749255084,19.63000000,454.07000000,19.63
1749255084,19.64000000,2349.33000000,19.63
1749255084,19.65000000,4271.39000000,19.63
1749255084,19.66000000,5070.77000000,19.63
1749255084,19.67000000,3793.18000000,19.63
1749255084,19.68000000,4327.78000000,19.63
1749255084,19.69000000,2623.50000000,19.63
1749255084,19.70000000,8767.22000000,19.63
1749255084,19.71000000,2927.16000000,19.63
1749255084,19.72000000,1373.36000000,19.63
1749255084,19.73000000,706.69000000,19.63
1749255084,19.74000000,1136.30000000,19.63
1749255084,19.75000000,3050.94000000,19.63
1749255084,19.76000000,1107.87000000,19.63
1749255084,19.77000000,477.56000000,19.63
1749255084,19.78000000,13475.58000000,19.63
1749255084,19.79000000,443.21000000,19.63
1749255084,19.80000000,765.14000000,19.63
1749255084,19.81000000,449.60000000,19.63
1749255084,19.82000000,473.34000000,19.63
1749255084,19.83000000,1207.39000000,19.63
1749255084,19.84000000,327.51000000,19.63
1749255084,19.85000000,1628.63000000,19.63
1749255084,19.86000000,292.11000000,19.63
1749255084,19.87000000,287.25000000,19.63
1749255084,19.88000000,359.73000000,19.63
1749255084,19.89000000,289.02000000,19.63
1749255084,19.90000000,275.89000000,19.63
1749255084,19.91000000,297.83000000,19.63
1749255084,19.92000000,282.32000000,19.63
1749255084,19.93000000,308.35000000,19.63
1749255084,19.94000000,286.19000000,19.63
1749255084,19.95000000,332.29000000,19.63
1749255084,19.96000000,289.22000000,19.63
1749255084,19.97000000,1034.93000000,19.63
1749255084,19.98000000,98.10000000,19.63
1749255084,19.99000000,88.41000000,19.63
1749255084,20.00000000,894.25000000,19.63
1749255084,20.01000000,85.52000000,19.63
1749255084,20.02000000,85.49000000,19.63
1749255084,20.03000000,1222.56000000,19.63
1749255084,20.04000000,7.74000000,19.63
1749255084,20.05000000,969.16000000,19.63
1749255084,20.06000000,40.25000000,19.63
1749255084,20.07000000,21.28000000,19.63
1749255084,20.08000000,18.53000000,19.63
1749255084,20.09000000,163.38000000,19.63
1749255084,20.10000000,163.45000000,19.63
1749255084,20.11000000,10.85000000,19.63
1749255084,20.12000000,2.19000000,19.63
1749255084,20.13000000,16.01000000,19.63
1749255084,20.14000000,70.37000000,19.63
1749255084,20.15000000,51.94000000,19.63
1749255084,20.16000000,49.32000000,19.63
1749255084,20.17000000,3.65000000,19.63
1749255084,20.18000000,56.26000000,19.63
1749255084,20.19000000,22.11000000,19.63
1749255084,20.20000000,239.93000000,19.63
1749255084,20.21000000,25.95000000,19.63
1749255084,20.22000000,2708.77000000,19.63
1749255084,20.23000000,48.25000000,19.63
1749255084,20.24000000,18.42000000,19.63
1749255084,20.25000000,55.15000000,19.63
1749255084,20.26000000,34.03000000,19.63
1749255084,20.27000000,4.38000000,19.63
1749255084,20.28000000,4.16000000,19.63
1749255084,20.29000000,18.24000000,19.63
1749255084,20.30000000,41.09000000,19.63
1749255084,20.31000000,155.71000000,19.63
1749255084,20.32000000,59.16000000,19.63
1749255084,20.33000000,152.30000000,19.63
1749255084,20.34000000,18.62000000,19.63
1749255084,20.35000000,59.06000000,19.63
1749255084,20.36000000,31.10000000,19.63
1749255084,20.37000000,57.10000000,19.63
1749255084,20.38000000,11.78000000,19.63
1749255084,20.39000000,675.68000000,19.63
1749255084,20.40000000,106.57000000,19.63
1749255084,20.41000000,40.35000000,19.63
1749255084,20.42000000,621.99000000,19.63
1749255084,20.43000000,3.56000000,19.63
1749255084,20.44000000,26.51000000,19.63
1749255084,20.45000000,26.38000000,19.63
1749255084,20.46000000,38.06000000,19.63
1749255084,20.47000000,9.16000000,19.63
1749255084,20.48000000,1.75000000,19.63
1749255084,20.49000000,33.95000000,19.63
1749255084,20.50000000,2023.03000000,19.63
1749255084,20.51000000,18.51000000,19.63
1749255084,20.52000000,149.21000000,19.63
1749255084,20.53000000,10.46000000,19.63
1749255084,20.54000000,165.70000000,19.63
1749255084,20.55000000,41.03000000,19.63
1749255084,20.56000000,2.39000000,19.63
1749255084,20.57000000,4.81000000,19.63
1749255084,20.58000000,342.55000000,19.63
1749255084,20.59000000,12.82000000,19.63
1749255084,20.60000000,210.23000000,19.63
1749255084,20.61000000,43.21000000,19.63
1749255084,20.62000000,27.92000000,19.63
