timestamp,price,volume,current_price
1749260818,0.30710000,765.00000000,0.3069
1749260818,0.30720000,2522.95000000,0.3069
1749260818,0.30730000,9031.68000000,0.3069
1749260818,0.30740000,21909.67000000,0.3069
1749260818,0.30750000,6151.22000000,0.3069
1749260818,0.30760000,4075.59000000,0.3069
1749260818,0.30770000,5173.94000000,0.3069
1749260818,0.30780000,11388.07000000,0.3069
1749260818,0.30790000,3602.98000000,0.3069
1749260818,0.30800000,329.01000000,0.3069
1749260818,0.30810000,2744.71000000,0.3069
1749260818,0.30820000,2050.64000000,0.3069
1749260818,0.30830000,2633.24000000,0.3069
1749260818,0.30840000,84488.12000000,0.3069
1749260818,0.30850000,9225.68000000,0.3069
1749260818,0.30860000,1391.10000000,0.3069
1749260818,0.30870000,3124.14000000,0.3069
1749260818,0.30880000,956.63000000,0.3069
1749260818,0.30890000,765.00000000,0.3069
1749260818,0.30900000,3012.72000000,0.3069
1749260818,0.30910000,3310.75000000,0.3069
1749260818,0.30920000,2963.82000000,0.3069
1749260818,0.30930000,3486.26000000,0.3069
1749260818,0.30940000,956.63000000,0.3069
1749260818,0.30950000,3770.01000000,0.3069
1749260818,0.30960000,1039.92000000,0.3069
1749260818,0.30970000,2252.63000000,0.3069
1749260818,0.30980000,5120.11000000,0.3069
1749260818,0.30990000,3600.55000000,0.3069
1749260818,0.31000000,45556.93000000,0.3069
1749260818,0.31010000,86478.14000000,0.3069
1749260818,0.31020000,765.00000000,0.3069
1749260818,0.31030000,22843.13000000,0.3069
1749260818,0.31040000,1970.08000000,0.3069
1749260818,0.31050000,956.63000000,0.3069
1749260818,0.31060000,8085.31000000,0.3069
1749260818,0.31070000,21781.87000000,0.3069
1749260818,0.31080000,2204.04000000,0.3069
1749260818,0.31090000,1090.02000000,0.3069
1749260818,0.31100000,49166.16000000,0.3069
1749260818,0.31120000,8315.57000000,0.3069
1749260818,0.31130000,1818.10000000,0.3069
1749260818,0.31140000,10826.93000000,0.3069
1749260818,0.31150000,2144.60000000,0.3069
1749260818,0.31160000,1055.37000000,0.3069
1749260818,0.31170000,19.25000000,0.3069
1749260818,0.31180000,813.11000000,0.3069
1749260818,0.31220000,19.22000000,0.3069
1749260818,0.31230000,8966.20000000,0.3069
1749260818,0.31270000,38364.92000000,0.3069
1749260818,0.31350000,1712.53000000,0.3069
1749260818,0.31360000,611.46000000,0.3069
1749260818,0.31390000,17.84000000,0.3069
1749260818,0.31420000,22.32000000,0.3069
1749260818,0.31540000,1403.98000000,0.3069
1749260818,0.31570000,2955.62000000,0.3069
1749260818,0.31630000,535.45000000,0.3069
1749260818,0.31650000,2981.75000000,0.3069
1749260818,0.31660000,751.56000000,0.3069
1749260818,0.31690000,814.28000000,0.3069
1749260818,0.31700000,85.83000000,0.3069
1749260818,0.31770000,18.89000000,0.3069
1749260818,0.31790000,28.31000000,0.3069
1749260818,0.31840000,25.13000000,0.3069
1749260818,0.31860000,1904.13000000,0.3069
1749260818,0.31920000,3244.53000000,0.3069
1749260818,0.31930000,21.92000000,0.3069
1749260818,0.31980000,839.30000000,0.3069
1749260818,0.32000000,30.43000000,0.3069
1749260818,0.32020000,826.08000000,0.3069
1749260818,0.32030000,21.85000000,0.3069
1749260818,0.32090000,24.93000000,0.3069
1749260818,0.32120000,17.43000000,0.3069
1749260818,0.32240000,18.62000000,0.3069
1749260818,0.32250000,3255.25000000,0.3069
1749260818,0.32320000,804.65000000,0.3069
1749260818,0.32390000,46.31000000,0.3069
1749260818,0.32400000,67.90000000,0.3069
1749260818,0.32460000,30.81000000,0.3069
1749260818,0.32480000,634.92000000,0.3069
1749260818,0.32510000,38.40000000,0.3069
1749260818,0.32550000,24.58000000,0.3069
1749260818,0.32600000,30.67000000,0.3069
1749260818,0.32630000,22.32000000,0.3069
1749260818,0.32660000,24.49000000,0.3069
1749260818,0.32920000,17.01000000,0.3069
1749260818,0.33250000,22.32000000,0.3069
1749260818,0.33330000,13438.00000000,0.3069
1749260818,0.33500000,89.55000000,0.3069
1749260818,0.33720000,15.63000000,0.3069
1749260818,0.33780000,44.40000000,0.3069
1749260818,0.33800000,16.57000000,0.3069
1749260818,0.33850000,3417.52000000,0.3069
1749260818,0.33890000,22.32000000,0.3069
1749260818,0.33940000,775.29000000,0.3069
1749260818,0.33980000,13101.88000000,0.3069
1749260818,0.34170000,90.42000000,0.3069
1749260818,0.34190000,38.40000000,0.3069
1749260818,0.34240000,128.52000000,0.3069
1749260818,0.34350000,21.00000000,0.3069
1749261138,0.30720000,765.00000000,0.3072
1749261138,0.30730000,500.00000000,0.3072
1749261138,0.30740000,2108.16000000,0.3072
1749261138,0.30750000,5353.79000000,0.3072
1749261138,0.30760000,6135.72000000,0.3072
1749261138,0.30770000,14955.27000000,0.3072
1749261138,0.30780000,9262.38000000,0.3072
1749261138,0.30790000,1721.63000000,0.3072
1749261138,0.30800000,4968.41000000,0.3072
1749261138,0.30810000,9712.86000000,0.3072
1749261138,0.30820000,1721.63000000,0.3072
1749261138,0.30830000,1552.24000000,0.3072
1749261138,0.30840000,765.00000000,0.3072
1749261138,0.30850000,956.63000000,0.3072
1749261138,0.30860000,869.18000000,0.3072
1749261138,0.30870000,33124.14000000,0.3072
1749261138,0.30880000,14550.80000000,0.3072
1749261138,0.30890000,56064.12000000,0.3072
1749261138,0.30900000,1060.94000000,0.3072
1749261138,0.30910000,3281.17000000,0.3072
1749261138,0.30930000,1492.45000000,0.3072
1749261138,0.30940000,956.63000000,0.3072
1749261138,0.30950000,1185.39000000,0.3072
1749261138,0.30960000,1039.92000000,0.3072
1749261138,0.30970000,2252.63000000,0.3072
1749261138,0.30980000,8132.83000000,0.3072
1749261138,0.30990000,2267.54000000,0.3072
1749261138,0.31000000,48520.75000000,0.3072
1749261138,0.31010000,25402.65000000,0.3072
1749261138,0.31020000,765.00000000,0.3072
1749261138,0.31030000,25424.83000000,0.3072
1749261138,0.31040000,61000.00000000,0.3072
1749261138,0.31050000,956.63000000,0.3072
1749261138,0.31060000,10161.00000000,0.3072
1749261138,0.31070000,24617.42000000,0.3072
1749261138,0.31080000,2204.04000000,0.3072
1749261138,0.31090000,2796.75000000,0.3072
1749261138,0.31100000,49166.16000000,0.3072
1749261138,0.31110000,3506.04000000,0.3072
1749261138,0.31120000,8315.57000000,0.3072
1749261138,0.31130000,765.00000000,0.3072
1749261138,0.31140000,13560.72000000,0.3072
1749261138,0.31150000,2144.60000000,0.3072
1749261138,0.31170000,19.25000000,0.3072
1749261138,0.31180000,813.11000000,0.3072
1749261138,0.31220000,19.22000000,0.3072
1749261138,0.31240000,1814.39000000,0.3072
1749261138,0.31270000,1045.80000000,0.3072
1749261138,0.31320000,38289.73000000,0.3072
1749261138,0.31340000,8940.30000000,0.3072
1749261138,0.31360000,611.46000000,0.3072
1749261138,0.31390000,17.84000000,0.3072
1749261138,0.31420000,22.32000000,0.3072
1749261138,0.31430000,1712.53000000,0.3072
1749261138,0.31540000,1403.98000000,0.3072
1749261138,0.31570000,2955.62000000,0.3072
1749261138,0.31700000,85.83000000,0.3072
1749261138,0.31710000,535.45000000,0.3072
1749261138,0.31730000,2981.75000000,0.3072
1749261138,0.31740000,751.56000000,0.3072
1749261138,0.31770000,18.89000000,0.3072
1749261138,0.31790000,28.31000000,0.3072
1749261138,0.31840000,25.13000000,0.3072
1749261138,0.31850000,814.28000000,0.3072
1749261138,0.31860000,1904.13000000,0.3072
1749261138,0.31930000,21.92000000,0.3072
1749261138,0.31980000,25.02000000,0.3072
1749261138,0.32000000,3274.96000000,0.3072
1749261138,0.32020000,826.08000000,0.3072
1749261138,0.32030000,21.85000000,0.3072
1749261138,0.32090000,24.93000000,0.3072
1749261138,0.32120000,17.43000000,0.3072
1749261138,0.32140000,814.28000000,0.3072
1749261138,0.32240000,18.62000000,0.3072
1749261138,0.32250000,21.80000000,0.3072
1749261138,0.32340000,3233.45000000,0.3072
1749261138,0.32390000,46.31000000,0.3072
1749261138,0.32400000,67.90000000,0.3072
1749261138,0.32410000,804.65000000,0.3072
1749261138,0.32460000,30.81000000,0.3072
1749261138,0.32480000,634.92000000,0.3072
1749261138,0.32510000,38.40000000,0.3072
1749261138,0.32550000,24.58000000,0.3072
1749261138,0.32600000,30.67000000,0.3072
1749261138,0.32630000,22.32000000,0.3072
1749261138,0.32660000,24.49000000,0.3072
1749261138,0.32920000,17.01000000,0.3072
1749261138,0.33250000,22.32000000,0.3072
1749261138,0.33330000,13438.00000000,0.3072
1749261138,0.33500000,89.55000000,0.3072
1749261138,0.33720000,15.63000000,0.3072
1749261138,0.33780000,44.40000000,0.3072
1749261138,0.33800000,16.57000000,0.3072
1749261138,0.33850000,3417.52000000,0.3072
1749261138,0.33890000,22.32000000,0.3072
1749261138,0.33940000,775.29000000,0.3072
1749261138,0.33980000,13101.88000000,0.3072
1749261138,0.34170000,90.42000000,0.3072
1749261138,0.34190000,38.40000000,0.3072
1749261138,0.34240000,128.52000000,0.3072
1749261450,0.30740000,765.00000000,0.3073
1749261450,0.30750000,2071.35000000,0.3073
1749261450,0.30760000,5237.82000000,0.3073
1749261450,0.30770000,2745.65000000,0.3073
1749261450,0.30780000,8525.90000000,0.3073
1749261450,0.30790000,9765.00000000,0.3073
1749261450,0.30800000,6209.14000000,0.3073
1749261450,0.30810000,12404.30000000,0.3073
1749261450,0.30820000,2320.79000000,0.3073
1749261450,0.30830000,1552.24000000,0.3073
1749261450,0.30840000,1093.15000000,0.3073
1749261450,0.30850000,1284.78000000,0.3073
1749261450,0.30860000,1198.06000000,0.3073
1749261450,0.30870000,3452.24000000,0.3073
1749261450,0.30880000,36605.76000000,0.3073
1749261450,0.30890000,56064.12000000,0.3073
1749261450,0.30900000,328.10000000,0.3073
1749261450,0.30910000,3522.63000000,0.3073
1749261450,0.30920000,8273.20000000,0.3073
1749261450,0.30930000,1492.45000000,0.3073
1749261450,0.30940000,956.63000000,0.3073
1749261450,0.30950000,765.00000000,0.3073
1749261450,0.30960000,1039.92000000,0.3073
1749261450,0.30970000,1721.63000000,0.3073
1749261450,0.30980000,9722.03000000,0.3073
1749261450,0.30990000,2267.54000000,0.3073
1749261450,0.31000000,48945.32000000,0.3073
1749261450,0.31010000,25402.65000000,0.3073
1749261450,0.31020000,765.00000000,0.3073
1749261450,0.31030000,25424.83000000,0.3073
1749261450,0.31050000,61956.63000000,0.3073
1749261450,0.31060000,59781.31000000,0.3073
1749261450,0.31070000,28539.06000000,0.3073
1749261450,0.31080000,2204.04000000,0.3073
1749261450,0.31090000,2796.75000000,0.3073
1749261450,0.31100000,49166.16000000,0.3073
1749261450,0.31120000,12574.33000000,0.3073
1749261450,0.31130000,765.00000000,0.3073
1749261450,0.31140000,10826.93000000,0.3073
1749261450,0.31150000,2373.70000000,0.3073
1749261450,0.31170000,1071.00000000,0.3073
1749261450,0.31180000,813.11000000,0.3073
1749261450,0.31220000,19.22000000,0.3073
1749261450,0.31230000,126.03000000,0.3073
1749261450,0.31240000,765.00000000,0.3073
1749261450,0.31270000,1045.80000000,0.3073
1749261450,0.31330000,37239.61000000,0.3073
1749261450,0.31340000,8940.30000000,0.3073
1749261450,0.31360000,611.46000000,0.3073
1749261450,0.31390000,17.84000000,0.3073
1749261450,0.31420000,22.32000000,0.3073
1749261450,0.31430000,1712.53000000,0.3073
1749261450,0.31540000,1403.98000000,0.3073
1749261450,0.31570000,2955.62000000,0.3073
1749261450,0.31700000,85.83000000,0.3073
1749261450,0.31710000,535.45000000,0.3073
1749261450,0.31730000,2981.75000000,0.3073
1749261450,0.31740000,751.56000000,0.3073
1749261450,0.31770000,18.89000000,0.3073
1749261450,0.31790000,28.31000000,0.3073
1749261450,0.31840000,25.13000000,0.3073
1749261450,0.31850000,814.28000000,0.3073
1749261450,0.31860000,1904.13000000,0.3073
1749261450,0.31930000,21.92000000,0.3073
1749261450,0.31980000,25.02000000,0.3073
1749261450,0.32000000,3274.96000000,0.3073
1749261450,0.32020000,826.08000000,0.3073
1749261450,0.32030000,21.85000000,0.3073
1749261450,0.32090000,24.93000000,0.3073
1749261450,0.32120000,17.43000000,0.3073
1749261450,0.32140000,814.28000000,0.3073
1749261450,0.32240000,18.62000000,0.3073
1749261450,0.32250000,21.80000000,0.3073
1749261450,0.32340000,3233.45000000,0.3073
1749261450,0.32390000,46.31000000,0.3073
1749261450,0.32400000,67.90000000,0.3073
1749261450,0.32410000,804.65000000,0.3073
1749261450,0.32460000,30.81000000,0.3073
1749261450,0.32480000,634.92000000,0.3073
1749261450,0.32510000,38.40000000,0.3073
1749261450,0.32550000,24.58000000,0.3073
1749261450,0.32600000,30.67000000,0.3073
1749261450,0.32630000,22.32000000,0.3073
1749261450,0.32660000,24.49000000,0.3073
1749261450,0.32920000,17.01000000,0.3073
1749261450,0.33250000,22.32000000,0.3073
1749261450,0.33330000,13438.00000000,0.3073
1749261450,0.33500000,89.55000000,0.3073
1749261450,0.33720000,15.63000000,0.3073
1749261450,0.33780000,44.40000000,0.3073
1749261450,0.33800000,16.57000000,0.3073
1749261450,0.33850000,3417.52000000,0.3073
1749261450,0.33890000,22.32000000,0.3073
1749261450,0.33940000,775.29000000,0.3073
1749261450,0.33980000,13101.88000000,0.3073
1749261450,0.34170000,90.42000000,0.3073
1749261450,0.34190000,38.40000000,0.3073
1749261450,0.34240000,128.52000000,0.3073
1749261450,0.34350000,21.00000000,0.3073
1749261450,0.34520000,15.94000000,0.3073
1749261766,0.30780000,2354.09000000,0.3077
1749261766,0.30790000,5253.71000000,0.3077
1749261766,0.30800000,3826.89000000,0.3077
1749261766,0.30810000,4451.00000000,0.3077
1749261766,0.30820000,3342.41000000,0.3077
1749261766,0.30830000,7490.18000000,0.3077
1749261766,0.30840000,10810.71000000,0.3077
1749261766,0.30850000,2508.87000000,0.3077
1749261766,0.30860000,1022.09000000,0.3077
1749261766,0.30870000,11409.40000000,0.3077
1749261766,0.30880000,6277.66000000,0.3077
1749261766,0.30890000,56167.97000000,0.3077
1749261766,0.30910000,4255.18000000,0.3077
1749261766,0.30920000,30000.00000000,0.3077
1749261766,0.30930000,1492.45000000,0.3077
1749261766,0.30940000,956.63000000,0.3077
1749261766,0.30950000,765.00000000,0.3077
1749261766,0.30960000,1039.92000000,0.3077
1749261766,0.30970000,1721.63000000,0.3077
1749261766,0.30980000,8663.83000000,0.3077
1749261766,0.30990000,5103.09000000,0.3077
1749261766,0.31000000,4149.93000000,0.3077
1749261766,0.31010000,28199.40000000,0.3077
1749261766,0.31020000,765.00000000,0.3077
1749261766,0.31030000,25424.83000000,0.3077
1749261766,0.31050000,956.63000000,0.3077
1749261766,0.31060000,8085.31000000,0.3077
1749261766,0.31070000,26524.69000000,0.3077
1749261766,0.31080000,47933.64000000,0.3077
1749261766,0.31090000,61000.00000000,0.3077
1749261766,0.31100000,49166.16000000,0.3077
1749261766,0.31120000,11971.55000000,0.3077
1749261766,0.31130000,765.00000000,0.3077
1749261766,0.31140000,10826.93000000,0.3077
1749261766,0.31150000,2373.70000000,0.3077
1749261766,0.31170000,19.25000000,0.3077
1749261766,0.31180000,813.11000000,0.3077
1749261766,0.31220000,19.22000000,0.3077
1749261766,0.31230000,126.03000000,0.3077
1749261766,0.31240000,765.00000000,0.3077
1749261766,0.31270000,1045.80000000,0.3077
1749261766,0.31280000,765.00000000,0.3077
1749261766,0.31330000,37226.24000000,0.3077
1749261766,0.31340000,8940.30000000,0.3077
1749261766,0.31390000,17.84000000,0.3077
1749261766,0.31420000,22.32000000,0.3077
1749261766,0.31430000,1712.53000000,0.3077
1749261766,0.31440000,611.46000000,0.3077
1749261766,0.31540000,1403.98000000,0.3077
1749261766,0.31650000,2955.62000000,0.3077
1749261766,0.31700000,85.83000000,0.3077
1749261766,0.31710000,535.45000000,0.3077
1749261766,0.31730000,2981.75000000,0.3077
1749261766,0.31740000,751.56000000,0.3077
1749261766,0.31770000,18.89000000,0.3077
1749261766,0.31790000,28.31000000,0.3077
1749261766,0.31840000,25.13000000,0.3077
1749261766,0.31850000,814.28000000,0.3077
1749261766,0.31860000,1904.13000000,0.3077
1749261766,0.31930000,21.92000000,0.3077
1749261766,0.31980000,25.02000000,0.3077
1749261766,0.32000000,3274.96000000,0.3077
1749261766,0.32020000,826.08000000,0.3077
1749261766,0.32030000,21.85000000,0.3077
1749261766,0.32090000,24.93000000,0.3077
1749261766,0.32120000,17.43000000,0.3077
1749261766,0.32140000,814.28000000,0.3077
1749261766,0.32240000,18.62000000,0.3077
1749261766,0.32250000,21.80000000,0.3077
1749261766,0.32340000,3233.45000000,0.3077
1749261766,0.32390000,46.31000000,0.3077
1749261766,0.32400000,67.90000000,0.3077
1749261766,0.32410000,804.65000000,0.3077
1749261766,0.32460000,30.81000000,0.3077
1749261766,0.32480000,634.92000000,0.3077
1749261766,0.32510000,38.40000000,0.3077
1749261766,0.32550000,24.58000000,0.3077
1749261766,0.32600000,30.67000000,0.3077
1749261766,0.32630000,22.32000000,0.3077
1749261766,0.32660000,24.49000000,0.3077
1749261766,0.32920000,17.01000000,0.3077
1749261766,0.33250000,22.32000000,0.3077
1749261766,0.33330000,13438.00000000,0.3077
1749261766,0.33500000,89.55000000,0.3077
1749261766,0.33720000,15.63000000,0.3077
1749261766,0.33780000,44.40000000,0.3077
1749261766,0.33800000,16.57000000,0.3077
1749261766,0.33850000,3417.52000000,0.3077
1749261766,0.33890000,22.32000000,0.3077
1749261766,0.33940000,775.29000000,0.3077
1749261766,0.33980000,13101.88000000,0.3077
1749261766,0.34170000,90.42000000,0.3077
1749261766,0.34190000,38.40000000,0.3077
1749261766,0.34240000,128.52000000,0.3077
1749261766,0.34350000,21.00000000,0.3077
1749261766,0.34520000,15.94000000,0.3077
1749261766,0.34530000,22.32000000,0.3077
1749261766,0.34590000,38.11000000,0.3077
1749261766,0.34740000,845.18000000,0.3077
1749261766,0.34770000,16.11000000,0.3077
1749262069,0.30700000,500.00000000,0.3069
1749262069,0.30710000,765.00000000,0.3069
1749262069,0.30720000,3172.83000000,0.3069
1749262069,0.30730000,6496.95000000,0.3069
1749262069,0.30740000,5612.62000000,0.3069
1749262069,0.30750000,2498.22000000,0.3069
1749262069,0.30760000,1908.89000000,0.3069
1749262069,0.30770000,5471.47000000,0.3069
1749262069,0.30780000,3027.94000000,0.3069
1749262069,0.30790000,1284.57000000,0.3069
1749262069,0.30800000,4092.94000000,0.3069
1749262069,0.30810000,1093.58000000,0.3069
1749262069,0.30820000,41006.05000000,0.3069
1749262069,0.30830000,106.36000000,0.3069
1749262069,0.30840000,1093.10000000,0.3069
1749262069,0.30850000,1284.78000000,0.3069
1749262069,0.30860000,1093.15000000,0.3069
1749262069,0.30870000,3124.14000000,0.3069
1749262069,0.30880000,14564.27000000,0.3069
1749262069,0.30890000,3918.14000000,0.3069
1749262069,0.30910000,4255.18000000,0.3069
1749262069,0.30930000,57933.74000000,0.3069
1749262069,0.30940000,1382.88000000,0.3069
1749262069,0.30950000,3346.70000000,0.3069
1749262069,0.30960000,1039.92000000,0.3069
1749262069,0.30970000,1721.63000000,0.3069
1749262069,0.30980000,72397.62000000,0.3069
1749262069,0.30990000,3600.55000000,0.3069
1749262069,0.31000000,3728.82000000,0.3069
1749262069,0.31010000,25478.14000000,0.3069
1749262069,0.31020000,765.00000000,0.3069
1749262069,0.31030000,22843.13000000,0.3069
1749262069,0.31050000,956.63000000,0.3069
1749262069,0.31060000,5351.52000000,0.3069
1749262069,0.31070000,21781.87000000,0.3069
1749262069,0.31080000,3258.83000000,0.3069
1749262069,0.31090000,4732.45000000,0.3069
1749262069,0.31100000,49166.16000000,0.3069
1749262069,0.31120000,8315.57000000,0.3069
1749262069,0.31130000,765.00000000,0.3069
1749262069,0.31140000,16604.96000000,0.3069
1749262069,0.31150000,2144.60000000,0.3069
1749262069,0.31160000,44769.13000000,0.3069
1749262069,0.31170000,19.25000000,0.3069
1749262069,0.31180000,813.11000000,0.3069
1749262069,0.31220000,248.32000000,0.3069
1749262069,0.31230000,126.03000000,0.3069
1749262069,0.31240000,765.00000000,0.3069
1749262069,0.31270000,1045.80000000,0.3069
1749262069,0.31280000,765.00000000,0.3069
1749262069,0.31390000,17.84000000,0.3069
1749262069,0.31420000,22.32000000,0.3069
1749262069,0.31430000,1712.53000000,0.3069
1749262069,0.31440000,611.46000000,0.3069
1749262069,0.31540000,1403.98000000,0.3069
1749262069,0.31580000,8952.83000000,0.3069
1749262069,0.31590000,40803.16000000,0.3069
1749262069,0.31650000,2955.62000000,0.3069
1749262069,0.31700000,85.83000000,0.3069
1749262069,0.31710000,535.45000000,0.3069
1749262069,0.31730000,2981.75000000,0.3069
1749262069,0.31740000,751.56000000,0.3069
1749262069,0.31770000,18.89000000,0.3069
1749262069,0.31790000,28.31000000,0.3069
1749262069,0.31840000,25.13000000,0.3069
1749262069,0.31850000,814.28000000,0.3069
1749262069,0.31860000,1904.13000000,0.3069
1749262069,0.31930000,21.92000000,0.3069
1749262069,0.31980000,25.02000000,0.3069
1749262069,0.32000000,3274.96000000,0.3069
1749262069,0.32020000,826.08000000,0.3069
1749262069,0.32030000,21.85000000,0.3069
1749262069,0.32090000,24.93000000,0.3069
1749262069,0.32120000,17.43000000,0.3069
1749262069,0.32140000,814.28000000,0.3069
1749262069,0.32240000,18.62000000,0.3069
1749262069,0.32250000,21.80000000,0.3069
1749262069,0.32340000,3233.45000000,0.3069
1749262069,0.32390000,46.31000000,0.3069
1749262069,0.32400000,67.90000000,0.3069
1749262069,0.32410000,804.65000000,0.3069
1749262069,0.32460000,30.81000000,0.3069
1749262069,0.32480000,634.92000000,0.3069
1749262069,0.32510000,38.40000000,0.3069
1749262069,0.32550000,24.58000000,0.3069
1749262069,0.32600000,30.67000000,0.3069
1749262069,0.32630000,22.32000000,0.3069
1749262069,0.32660000,24.49000000,0.3069
1749262069,0.32920000,17.01000000,0.3069
1749262069,0.33250000,22.32000000,0.3069
1749262069,0.33330000,13438.00000000,0.3069
1749262069,0.33500000,89.55000000,0.3069
1749262069,0.33720000,15.63000000,0.3069
1749262069,0.33780000,44.40000000,0.3069
1749262069,0.33800000,16.57000000,0.3069
1749262069,0.33850000,3417.52000000,0.3069
1749262069,0.33890000,22.32000000,0.3069
1749262069,0.33940000,775.29000000,0.3069
1749262069,0.33980000,13101.88000000,0.3069
1749262069,0.34170000,90.42000000,0.3069
1749262375,0.30770000,44.68000000,0.3076
1749262375,0.30780000,1951.99000000,0.3076
1749262375,0.30790000,5423.02000000,0.3076
1749262375,0.30800000,7045.18000000,0.3076
1749262375,0.30810000,13387.00000000,0.3076
1749262375,0.30820000,9596.40000000,0.3076
1749262375,0.30830000,6832.33000000,0.3076
1749262375,0.30840000,11525.81000000,0.3076
1749262375,0.30850000,956.63000000,0.3076
1749262375,0.30860000,765.00000000,0.3076
1749262375,0.30870000,3124.14000000,0.3076
1749262375,0.30880000,14564.27000000,0.3076
1749262375,0.30890000,4024.72000000,0.3076
1749262375,0.30900000,53671.11000000,0.3076
1749262375,0.30910000,32782.22000000,0.3076
1749262375,0.30930000,4213.71000000,0.3076
1749262375,0.30940000,956.63000000,0.3076
1749262375,0.30950000,3346.70000000,0.3076
1749262375,0.30960000,1039.92000000,0.3076
1749262375,0.30970000,1721.63000000,0.3076
1749262375,0.30980000,8663.83000000,0.3076
1749262375,0.30990000,4016.68000000,0.3076
1749262375,0.31000000,48512.55000000,0.3076
1749262375,0.31010000,25478.14000000,0.3076
1749262375,0.31020000,765.00000000,0.3076
1749262375,0.31030000,22843.13000000,0.3076
1749262375,0.31050000,956.63000000,0.3076
1749262375,0.31060000,8085.31000000,0.3076
1749262375,0.31070000,21781.87000000,0.3076
1749262375,0.31080000,63204.04000000,0.3076
1749262375,0.31090000,4652.57000000,0.3076
1749262375,0.31100000,49166.16000000,0.3076
1749262375,0.31120000,8315.57000000,0.3076
1749262375,0.31130000,765.00000000,0.3076
1749262375,0.31140000,16341.34000000,0.3076
1749262375,0.31150000,2144.60000000,0.3076
1749262375,0.31170000,19.25000000,0.3076
1749262375,0.31180000,813.11000000,0.3076
1749262375,0.31220000,19.22000000,0.3076
1749262375,0.31230000,1175.75000000,0.3076
1749262375,0.31240000,765.00000000,0.3076
1749262375,0.31250000,229.10000000,0.3076
1749262375,0.31260000,765.00000000,0.3076
1749262375,0.31270000,1045.80000000,0.3076
1749262375,0.31280000,50506.26000000,0.3076
1749262375,0.31360000,611.46000000,0.3076
1749262375,0.31390000,17.84000000,0.3076
1749262375,0.31420000,22.32000000,0.3076
1749262375,0.31430000,1712.53000000,0.3076
1749262375,0.31540000,1403.98000000,0.3076
1749262375,0.31570000,2955.62000000,0.3076
1749262375,0.31700000,85.83000000,0.3076
1749262375,0.31710000,535.45000000,0.3076
1749262375,0.31730000,2981.75000000,0.3076
1749262375,0.31740000,751.56000000,0.3076
1749262375,0.31770000,18.89000000,0.3076
1749262375,0.31790000,28.31000000,0.3076
1749262375,0.31840000,25.13000000,0.3076
1749262375,0.31850000,814.28000000,0.3076
1749262375,0.31860000,1904.13000000,0.3076
1749262375,0.31930000,21.92000000,0.3076
1749262375,0.31980000,25.02000000,0.3076
1749262375,0.32000000,3274.96000000,0.3076
1749262375,0.32020000,826.08000000,0.3076
1749262375,0.32030000,21.85000000,0.3076
1749262375,0.32090000,24.93000000,0.3076
1749262375,0.32120000,17.43000000,0.3076
1749262375,0.32140000,814.28000000,0.3076
1749262375,0.32240000,18.62000000,0.3076
1749262375,0.32250000,21.80000000,0.3076
1749262375,0.32340000,3233.45000000,0.3076
1749262375,0.32390000,46.31000000,0.3076
1749262375,0.32400000,67.90000000,0.3076
1749262375,0.32410000,804.65000000,0.3076
1749262375,0.32460000,30.81000000,0.3076
1749262375,0.32480000,634.92000000,0.3076
1749262375,0.32510000,38.40000000,0.3076
1749262375,0.32550000,24.58000000,0.3076
1749262375,0.32600000,30.67000000,0.3076
1749262375,0.32630000,22.32000000,0.3076
1749262375,0.32660000,24.49000000,0.3076
1749262375,0.32920000,17.01000000,0.3076
1749262375,0.33250000,22.32000000,0.3076
1749262375,0.33330000,13438.00000000,0.3076
1749262375,0.33500000,89.55000000,0.3076
1749262375,0.33720000,15.63000000,0.3076
1749262375,0.33780000,44.40000000,0.3076
1749262375,0.33800000,16.57000000,0.3076
1749262375,0.33850000,3417.52000000,0.3076
1749262375,0.33890000,22.32000000,0.3076
1749262375,0.33940000,775.29000000,0.3076
1749262375,0.33980000,13101.88000000,0.3076
1749262375,0.34170000,90.42000000,0.3076
1749262375,0.34190000,38.40000000,0.3076
1749262375,0.34240000,128.52000000,0.3076
1749262375,0.34350000,21.00000000,0.3076
1749262375,0.34520000,15.94000000,0.3076
1749262375,0.34530000,22.32000000,0.3076
1749262375,0.34590000,38.11000000,0.3076
1749262375,0.34740000,845.18000000,0.3076
1749262677,0.30880000,765.00000000,0.3085
1749262677,0.30890000,2145.64000000,0.3085
1749262677,0.30900000,1792.01000000,0.3085
1749262677,0.30910000,8473.40000000,0.3085
1749262677,0.30920000,17506.83000000,0.3085
1749262677,0.30930000,4230.07000000,0.3085
1749262677,0.30940000,15293.34000000,0.3085
1749262677,0.30950000,3451.49000000,0.3085
1749262677,0.30960000,1092.35000000,0.3085
1749262677,0.30970000,9020.61000000,0.3085
1749262677,0.30980000,8564.31000000,0.3085
1749262677,0.30990000,2565.31000000,0.3085
1749262677,0.31000000,57521.20000000,0.3085
1749262677,0.31010000,26456.87000000,0.3085
1749262677,0.31020000,31091.87000000,0.3085
1749262677,0.31030000,25424.83000000,0.3085
1749262677,0.31040000,8270.70000000,0.3085
1749262677,0.31050000,956.63000000,0.3085
1749262677,0.31060000,9671.78000000,0.3085
1749262677,0.31070000,26119.96000000,0.3085
1749262677,0.31080000,1721.63000000,0.3085
1749262677,0.31090000,3218.00000000,0.3085
1749262677,0.31100000,49166.16000000,0.3085
1749262677,0.31120000,8590.49000000,0.3085
1749262677,0.31130000,765.00000000,0.3085
1749262677,0.31140000,10826.93000000,0.3085
1749262677,0.31150000,6889.89000000,0.3085
1749262677,0.31160000,44549.02000000,0.3085
1749262677,0.31170000,784.25000000,0.3085
1749262677,0.31180000,2252.15000000,0.3085
1749262677,0.31190000,61000.00000000,0.3085
1749262677,0.31200000,11190.20000000,0.3085
1749262677,0.31220000,975.85000000,0.3085
1749262677,0.31230000,1120.13000000,0.3085
1749262677,0.31290000,956.63000000,0.3085
1749262677,0.31310000,765.00000000,0.3085
1749262677,0.31380000,1053.92000000,0.3085
1749262677,0.31390000,51675.40000000,0.3085
1749262677,0.31420000,22.32000000,0.3085
1749262677,0.31450000,611.46000000,0.3085
1749262677,0.31510000,1712.53000000,0.3085
1749262677,0.31540000,1403.98000000,0.3085
1749262677,0.31660000,2955.62000000,0.3085
1749262677,0.31700000,85.83000000,0.3085
1749262677,0.31770000,18.89000000,0.3085
1749262677,0.31790000,563.76000000,0.3085
1749262677,0.31810000,2981.75000000,0.3085
1749262677,0.31820000,751.56000000,0.3085
1749262677,0.31840000,25.13000000,0.3085
1749262677,0.31850000,814.28000000,0.3085
1749262677,0.31860000,1904.13000000,0.3085
1749262677,0.31930000,21.92000000,0.3085
1749262677,0.31980000,25.02000000,0.3085
1749262677,0.32000000,30.43000000,0.3085
1749262677,0.32020000,22.32000000,0.3085
1749262677,0.32030000,21.85000000,0.3085
1749262677,0.32090000,24.93000000,0.3085
1749262677,0.32100000,3244.53000000,0.3085
1749262677,0.32120000,821.19000000,0.3085
1749262677,0.32140000,814.28000000,0.3085
1749262677,0.32240000,18.62000000,0.3085
1749262677,0.32250000,21.80000000,0.3085
1749262677,0.32390000,46.31000000,0.3085
1749262677,0.32400000,67.90000000,0.3085
1749262677,0.32430000,3233.45000000,0.3085
1749262677,0.32460000,30.81000000,0.3085
1749262677,0.32480000,634.92000000,0.3085
1749262677,0.32500000,804.65000000,0.3085
1749262677,0.32510000,38.40000000,0.3085
1749262677,0.32550000,24.58000000,0.3085
1749262677,0.32600000,30.67000000,0.3085
1749262677,0.32630000,22.32000000,0.3085
1749262677,0.32660000,24.49000000,0.3085
1749262677,0.32920000,17.01000000,0.3085
1749262677,0.33250000,22.32000000,0.3085
1749262677,0.33330000,13438.00000000,0.3085
1749262677,0.33500000,89.55000000,0.3085
1749262677,0.33720000,15.63000000,0.3085
1749262677,0.33780000,44.40000000,0.3085
1749262677,0.33800000,16.57000000,0.3085
1749262677,0.33850000,3417.52000000,0.3085
1749262677,0.33890000,22.32000000,0.3085
1749262677,0.33940000,775.29000000,0.3085
1749262677,0.33980000,13101.88000000,0.3085
1749262677,0.34170000,90.42000000,0.3085
1749262677,0.34190000,38.40000000,0.3085
1749262677,0.34240000,128.52000000,0.3085
1749262677,0.34350000,21.00000000,0.3085
1749262677,0.34520000,15.94000000,0.3085
1749262677,0.34530000,22.32000000,0.3085
1749262677,0.34590000,38.11000000,0.3085
1749262677,0.34740000,845.18000000,0.3085
1749262677,0.34770000,16.11000000,0.3085
1749262677,0.34790000,186.64000000,0.3085
1749262677,0.34810000,775.29000000,0.3085
1749262677,0.34920000,108.83000000,0.3085
1749262677,0.35000000,2055.01000000,0.3085
1749262677,0.35190000,22.32000000,0.3085
1749262677,0.35380000,42.40000000,0.3085
1749262677,0.35400000,270.90000000,0.3085
1749262980,0.30860000,765.00000000,0.3085
1749262980,0.30870000,3610.05000000,0.3085
1749262980,0.30880000,3883.15000000,0.3085
1749262980,0.30890000,1255.04000000,0.3085
1749262980,0.30900000,5901.43000000,0.3085
1749262980,0.30910000,6221.63000000,0.3085
1749262980,0.30920000,4725.44000000,0.3085
1749262980,0.30930000,10650.77000000,0.3085
1749262980,0.30940000,3207.60000000,0.3085
1749262980,0.30950000,3124.14000000,0.3085
1749262980,0.30960000,765.00000000,0.3085
1749262980,0.30970000,8693.26000000,0.3085
1749262980,0.30980000,8238.26000000,0.3085
1749262980,0.30990000,2237.96000000,0.3085
1749262980,0.31000000,33728.82000000,0.3085
1749262980,0.31010000,33682.69000000,0.3085
1749262980,0.31020000,54207.30000000,0.3085
1749262980,0.31030000,25424.83000000,0.3085
1749262980,0.31050000,956.63000000,0.3085
1749262980,0.31060000,6937.99000000,0.3085
1749262980,0.31070000,26119.96000000,0.3085
1749262980,0.31080000,1721.63000000,0.3085
1749262980,0.31090000,3223.33000000,0.3085
1749262980,0.31100000,49893.61000000,0.3085
1749262980,0.31120000,8590.49000000,0.3085
1749262980,0.31130000,765.00000000,0.3085
1749262980,0.31140000,18067.10000000,0.3085
1749262980,0.31150000,2144.60000000,0.3085
1749262980,0.31170000,106320.43000000,0.3085
1749262980,0.31180000,2252.15000000,0.3085
1749262980,0.31190000,229.10000000,0.3085
1749262980,0.31200000,11330.07000000,0.3085
1749262980,0.31220000,975.85000000,0.3085
1749262980,0.31230000,891.03000000,0.3085
1749262980,0.31290000,2004.34000000,0.3085
1749262980,0.31310000,765.00000000,0.3085
1749262980,0.31380000,1053.92000000,0.3085
1749262980,0.31390000,17.84000000,0.3085
1749262980,0.31400000,765.00000000,0.3085
1749262980,0.31420000,22.32000000,0.3085
1749262980,0.31450000,8909.66000000,0.3085
1749262980,0.31460000,38767.83000000,0.3085
1749262980,0.31540000,2015.44000000,0.3085
1749262980,0.31590000,1712.53000000,0.3085
1749262980,0.31700000,85.83000000,0.3085
1749262980,0.31750000,2955.62000000,0.3085
1749262980,0.31770000,18.89000000,0.3085
1749262980,0.31790000,563.76000000,0.3085
1749262980,0.31810000,2981.75000000,0.3085
1749262980,0.31820000,751.56000000,0.3085
1749262980,0.31840000,25.13000000,0.3085
1749262980,0.31860000,1904.13000000,0.3085
1749262980,0.31930000,21.92000000,0.3085
1749262980,0.31980000,25.02000000,0.3085
1749262980,0.32000000,30.43000000,0.3085
1749262980,0.32010000,814.28000000,0.3085
1749262980,0.32020000,22.32000000,0.3085
1749262980,0.32030000,21.85000000,0.3085
1749262980,0.32090000,24.93000000,0.3085
1749262980,0.32100000,3244.53000000,0.3085
1749262980,0.32120000,821.19000000,0.3085
1749262980,0.32240000,18.62000000,0.3085
1749262980,0.32250000,21.80000000,0.3085
1749262980,0.32300000,814.28000000,0.3085
1749262980,0.32390000,46.31000000,0.3085
1749262980,0.32400000,67.90000000,0.3085
1749262980,0.32430000,3233.45000000,0.3085
1749262980,0.32460000,30.81000000,0.3085
1749262980,0.32480000,634.92000000,0.3085
1749262980,0.32500000,804.65000000,0.3085
1749262980,0.32510000,38.40000000,0.3085
1749262980,0.32550000,24.58000000,0.3085
1749262980,0.32600000,30.67000000,0.3085
1749262980,0.32630000,22.32000000,0.3085
1749262980,0.32660000,24.49000000,0.3085
1749262980,0.32920000,17.01000000,0.3085
1749262980,0.33250000,22.32000000,0.3085
1749262980,0.33330000,13438.00000000,0.3085
1749262980,0.33500000,89.55000000,0.3085
1749262980,0.33720000,15.63000000,0.3085
1749262980,0.33780000,44.40000000,0.3085
1749262980,0.33800000,16.57000000,0.3085
1749262980,0.33850000,3417.52000000,0.3085
1749262980,0.33890000,22.32000000,0.3085
1749262980,0.33940000,775.29000000,0.3085
1749262980,0.33980000,13101.88000000,0.3085
1749262980,0.34170000,90.42000000,0.3085
1749262980,0.34190000,38.40000000,0.3085
1749262980,0.34240000,128.52000000,0.3085
1749262980,0.34350000,21.00000000,0.3085
1749262980,0.34520000,15.94000000,0.3085
1749262980,0.34530000,22.32000000,0.3085
1749262980,0.34590000,38.11000000,0.3085
1749262980,0.34740000,845.18000000,0.3085
1749262980,0.34770000,16.11000000,0.3085
1749262980,0.34790000,186.64000000,0.3085
1749262980,0.34810000,775.29000000,0.3085
1749262980,0.34920000,108.83000000,0.3085
1749262980,0.35000000,2055.01000000,0.3085
1749262980,0.35190000,22.32000000,0.3085
1749263288,0.30900000,765.00000000,0.3089
1749263288,0.30910000,4767.95000000,0.3089
1749263288,0.30920000,7244.33000000,0.3089
1749263288,0.30930000,3809.48000000,0.3089
1749263288,0.30940000,6284.57000000,0.3089
1749263288,0.30950000,20673.63000000,0.3089
1749263288,0.30960000,11248.35000000,0.3089
1749263288,0.30970000,19453.58000000,0.3089
1749263288,0.30980000,5120.11000000,0.3089
1749263288,0.30990000,2564.67000000,0.3089
1749263288,0.31000000,4055.53000000,0.3089
1749263288,0.31010000,25835.63000000,0.3089
1749263288,0.31020000,54533.91000000,0.3089
1749263288,0.31030000,25751.39000000,0.3089
1749263288,0.31040000,8605.45000000,0.3089
1749263288,0.31050000,1283.34000000,0.3089
1749263288,0.31060000,9746.48000000,0.3089
1749263288,0.31070000,26119.96000000,0.3089
1749263288,0.31080000,1721.63000000,0.3089
1749263288,0.31090000,2796.75000000,0.3089
1749263288,0.31100000,49893.61000000,0.3089
1749263288,0.31120000,8590.49000000,0.3089
1749263288,0.31130000,994.10000000,0.3089
1749263288,0.31140000,18699.85000000,0.3089
1749263288,0.31150000,2675.60000000,0.3089
1749263288,0.31170000,45320.43000000,0.3089
1749263288,0.31180000,1769.74000000,0.3089
1749263288,0.31200000,10627.61000000,0.3089
1749263288,0.31220000,61975.85000000,0.3089
1749263288,0.31230000,891.03000000,0.3089
1749263288,0.31280000,482.41000000,0.3089
1749263288,0.31290000,956.63000000,0.3089
1749263288,0.31310000,765.00000000,0.3089
1749263288,0.31330000,1046.37000000,0.3089
1749263288,0.31340000,765.00000000,0.3089
1749263288,0.31380000,1053.92000000,0.3089
1749263288,0.31390000,17.84000000,0.3089
1749263288,0.31400000,765.00000000,0.3089
1749263288,0.31420000,22.32000000,0.3089
1749263288,0.31450000,8909.66000000,0.3089
1749263288,0.31490000,39157.30000000,0.3089
1749263288,0.31540000,2015.44000000,0.3089
1749263288,0.31590000,1712.53000000,0.3089
1749263288,0.31700000,85.83000000,0.3089
1749263288,0.31750000,2955.62000000,0.3089
1749263288,0.31770000,18.89000000,0.3089
1749263288,0.31790000,563.76000000,0.3089
1749263288,0.31810000,2981.75000000,0.3089
1749263288,0.31820000,751.56000000,0.3089
1749263288,0.31840000,25.13000000,0.3089
1749263288,0.31860000,1904.13000000,0.3089
1749263288,0.31930000,21.92000000,0.3089
1749263288,0.31980000,25.02000000,0.3089
1749263288,0.32000000,30.43000000,0.3089
1749263288,0.32010000,814.28000000,0.3089
1749263288,0.32020000,22.32000000,0.3089
1749263288,0.32030000,21.85000000,0.3089
1749263288,0.32090000,24.93000000,0.3089
1749263288,0.32100000,3244.53000000,0.3089
1749263288,0.32120000,821.19000000,0.3089
1749263288,0.32240000,18.62000000,0.3089
1749263288,0.32250000,21.80000000,0.3089
1749263288,0.32300000,814.28000000,0.3089
1749263288,0.32390000,46.31000000,0.3089
1749263288,0.32400000,67.90000000,0.3089
1749263288,0.32430000,3233.45000000,0.3089
1749263288,0.32460000,30.81000000,0.3089
1749263288,0.32480000,634.92000000,0.3089
1749263288,0.32500000,804.65000000,0.3089
1749263288,0.32510000,38.40000000,0.3089
1749263288,0.32550000,24.58000000,0.3089
1749263288,0.32600000,30.67000000,0.3089
1749263288,0.32630000,22.32000000,0.3089
1749263288,0.32660000,24.49000000,0.3089
1749263288,0.32920000,17.01000000,0.3089
1749263288,0.33250000,22.32000000,0.3089
1749263288,0.33330000,13438.00000000,0.3089
1749263288,0.33500000,89.55000000,0.3089
1749263288,0.33720000,15.63000000,0.3089
1749263288,0.33780000,44.40000000,0.3089
1749263288,0.33800000,16.57000000,0.3089
1749263288,0.33850000,3417.52000000,0.3089
1749263288,0.33890000,22.32000000,0.3089
1749263288,0.33940000,775.29000000,0.3089
1749263288,0.33980000,13101.88000000,0.3089
1749263288,0.34170000,90.42000000,0.3089
1749263288,0.34190000,38.40000000,0.3089
1749263288,0.34240000,128.52000000,0.3089
1749263288,0.34350000,21.00000000,0.3089
1749263288,0.34520000,15.94000000,0.3089
1749263288,0.34530000,22.32000000,0.3089
1749263288,0.34590000,38.11000000,0.3089
1749263288,0.34740000,845.18000000,0.3089
1749263288,0.34770000,16.11000000,0.3089
1749263288,0.34790000,186.64000000,0.3089
1749263288,0.34810000,775.29000000,0.3089
1749263288,0.34920000,108.83000000,0.3089
1749263288,0.35000000,2055.01000000,0.3089
1749263288,0.35190000,22.32000000,0.3089
1749263288,0.35380000,42.40000000,0.3089
1749263589,0.30860000,44.60000000,0.3085
1749263589,0.30870000,3324.00000000,0.3085
1749263589,0.30880000,4074.62000000,0.3085
1749263589,0.30890000,2084.00000000,0.3085
1749263589,0.30900000,7509.88000000,0.3085
1749263589,0.30910000,13572.72000000,0.3085
1749263589,0.30920000,4458.58000000,0.3085
1749263589,0.30930000,13585.99000000,0.3085
1749263589,0.30940000,956.63000000,0.3085
1749263589,0.30950000,3124.14000000,0.3085
1749263589,0.30960000,9319.94000000,0.3085
1749263589,0.30970000,8693.26000000,0.3085
1749263589,0.30980000,7785.18000000,0.3085
1749263589,0.30990000,55732.41000000,0.3085
1749263589,0.31000000,31035.25000000,0.3085
1749263589,0.31010000,25402.65000000,0.3085
1749263589,0.31020000,765.00000000,0.3085
1749263589,0.31030000,25424.83000000,0.3085
1749263589,0.31050000,956.63000000,0.3085
1749263589,0.31060000,8895.24000000,0.3085
1749263589,0.31070000,24617.42000000,0.3085
1749263589,0.31080000,4685.45000000,0.3085
1749263589,0.31090000,3211.27000000,0.3085
1749263589,0.31100000,49893.61000000,0.3085
1749263589,0.31120000,8590.49000000,0.3085
1749263589,0.31130000,4873.27000000,0.3085
1749263589,0.31140000,13560.72000000,0.3085
1749263589,0.31150000,2144.60000000,0.3085
1749263589,0.31160000,229.10000000,0.3085
1749263589,0.31170000,61784.25000000,0.3085
1749263589,0.31180000,38193.74000000,0.3085
1749263589,0.31190000,53505.22000000,0.3085
1749263589,0.31200000,765.00000000,0.3085
1749263589,0.31220000,975.85000000,0.3085
1749263589,0.31230000,891.03000000,0.3085
1749263589,0.31240000,1049.39000000,0.3085
1749263589,0.31250000,765.00000000,0.3085
1749263589,0.31280000,482.41000000,0.3085
1749263589,0.31290000,956.63000000,0.3085
1749263589,0.31340000,765.00000000,0.3085
1749263589,0.31380000,1053.92000000,0.3085
1749263589,0.31390000,17.84000000,0.3085
1749263589,0.31400000,765.00000000,0.3085
1749263589,0.31420000,22.32000000,0.3085
1749263589,0.31470000,8898.91000000,0.3085
1749263589,0.31480000,38977.02000000,0.3085
1749263589,0.31540000,2015.44000000,0.3085
1749263589,0.31590000,1712.53000000,0.3085
1749263589,0.31700000,85.83000000,0.3085
1749263589,0.31750000,2955.62000000,0.3085
1749263589,0.31770000,18.89000000,0.3085
1749263589,0.31790000,563.76000000,0.3085
1749263589,0.31810000,2981.75000000,0.3085
1749263589,0.31820000,751.56000000,0.3085
1749263589,0.31840000,25.13000000,0.3085
1749263589,0.31860000,1904.13000000,0.3085
1749263589,0.31930000,21.92000000,0.3085
1749263589,0.31980000,25.02000000,0.3085
1749263589,0.32000000,30.43000000,0.3085
1749263589,0.32010000,814.28000000,0.3085
1749263589,0.32020000,22.32000000,0.3085
1749263589,0.32030000,21.85000000,0.3085
1749263589,0.32090000,24.93000000,0.3085
1749263589,0.32100000,3244.53000000,0.3085
1749263589,0.32120000,821.19000000,0.3085
1749263589,0.32240000,18.62000000,0.3085
1749263589,0.32250000,21.80000000,0.3085
1749263589,0.32300000,814.28000000,0.3085
1749263589,0.32390000,46.31000000,0.3085
1749263589,0.32400000,67.90000000,0.3085
1749263589,0.32430000,3233.45000000,0.3085
1749263589,0.32460000,30.81000000,0.3085
1749263589,0.32480000,634.92000000,0.3085
1749263589,0.32500000,804.65000000,0.3085
1749263589,0.32510000,38.40000000,0.3085
1749263589,0.32550000,24.58000000,0.3085
1749263589,0.32600000,30.67000000,0.3085
1749263589,0.32630000,22.32000000,0.3085
1749263589,0.32660000,24.49000000,0.3085
1749263589,0.32920000,17.01000000,0.3085
1749263589,0.33250000,22.32000000,0.3085
1749263589,0.33330000,13438.00000000,0.3085
1749263589,0.33500000,89.55000000,0.3085
1749263589,0.33720000,15.63000000,0.3085
1749263589,0.33780000,44.40000000,0.3085
1749263589,0.33800000,16.57000000,0.3085
1749263589,0.33850000,3417.52000000,0.3085
1749263589,0.33890000,22.32000000,0.3085
1749263589,0.33940000,775.29000000,0.3085
1749263589,0.33980000,13101.88000000,0.3085
1749263589,0.34170000,90.42000000,0.3085
1749263589,0.34190000,38.40000000,0.3085
1749263589,0.34240000,128.52000000,0.3085
1749263589,0.34350000,21.00000000,0.3085
1749263589,0.34520000,15.94000000,0.3085
1749263589,0.34530000,22.32000000,0.3085
1749263589,0.34590000,38.11000000,0.3085
1749263589,0.34740000,845.18000000,0.3085
1749263589,0.34770000,16.11000000,0.3085
1749263589,0.34790000,186.64000000,0.3085
1749263891,0.30940000,3956.63000000,0.3093
1749263891,0.30950000,6261.15000000,0.3093
1749263891,0.30960000,6580.53000000,0.3093
1749263891,0.30970000,11401.75000000,0.3093
1749263891,0.30980000,12620.15000000,0.3093
1749263891,0.30990000,4088.26000000,0.3093
1749263891,0.31000000,8982.78000000,0.3093
1749263891,0.31010000,34289.70000000,0.3093
1749263891,0.31020000,1092.03000000,0.3093
1749263891,0.31030000,28110.53000000,0.3093
1749263891,0.31040000,54113.38000000,0.3093
1749263891,0.31050000,1283.56000000,0.3093
1749263891,0.31060000,18474.99000000,0.3093
1749263891,0.31070000,54617.42000000,0.3093
1749263891,0.31080000,5281.54000000,0.3093
1749263891,0.31090000,3123.09000000,0.3093
1749263891,0.31100000,49893.61000000,0.3093
1749263891,0.31110000,326.34000000,0.3093
1749263891,0.31120000,8590.49000000,0.3093
1749263891,0.31130000,1091.19000000,0.3093
1749263891,0.31140000,13985.29000000,0.3093
1749263891,0.31150000,2144.60000000,0.3093
1749263891,0.31160000,229.10000000,0.3093
1749263891,0.31170000,4635.04000000,0.3093
1749263891,0.31180000,2300.74000000,0.3093
1749263891,0.31190000,44512.14000000,0.3093
1749263891,0.31200000,765.00000000,0.3093
1749263891,0.31220000,11959.94000000,0.3093
1749263891,0.31230000,891.03000000,0.3093
1749263891,0.31240000,62049.39000000,0.3093
1749263891,0.31250000,43157.00000000,0.3093
1749263891,0.31280000,482.41000000,0.3093
1749263891,0.31290000,956.63000000,0.3093
1749263891,0.31340000,765.00000000,0.3093
1749263891,0.31360000,956.63000000,0.3093
1749263891,0.31390000,17.84000000,0.3093
1749263891,0.31400000,765.00000000,0.3093
1749263891,0.31420000,22.32000000,0.3093
1749263891,0.31470000,8898.91000000,0.3093
1749263891,0.31490000,1056.34000000,0.3093
1749263891,0.31500000,39224.10000000,0.3093
1749263891,0.31540000,2032.88000000,0.3093
1749263891,0.31590000,1712.53000000,0.3093
1749263891,0.31700000,85.83000000,0.3093
1749263891,0.31750000,2955.62000000,0.3093
1749263891,0.31790000,563.76000000,0.3093
1749263891,0.31810000,2981.75000000,0.3093
1749263891,0.31820000,751.56000000,0.3093
1749263891,0.31980000,25.02000000,0.3093
1749263891,0.32000000,30.43000000,0.3093
1749263891,0.32010000,814.28000000,0.3093
1749263891,0.32020000,22.32000000,0.3093
1749263891,0.32090000,1900.71000000,0.3093
1749263891,0.32120000,17.43000000,0.3093
1749263891,0.32190000,3244.53000000,0.3093
1749263891,0.32210000,803.76000000,0.3093
1749263891,0.32240000,18.62000000,0.3093
1749263891,0.32250000,21.80000000,0.3093
1749263891,0.32300000,814.28000000,0.3093
1749263891,0.32390000,46.31000000,0.3093
1749263891,0.32400000,37.04000000,0.3093
1749263891,0.32480000,634.92000000,0.3093
1749263891,0.32500000,804.65000000,0.3093
1749263891,0.32510000,38.40000000,0.3093
1749263891,0.32600000,30.67000000,0.3093
1749263891,0.32630000,22.32000000,0.3093
1749263891,0.32920000,17.01000000,0.3093
1749263891,0.33250000,22.32000000,0.3093
1749263891,0.33330000,13438.00000000,0.3093
1749263891,0.33500000,89.55000000,0.3093
1749263891,0.33720000,15.63000000,0.3093
1749263891,0.33780000,44.40000000,0.3093
1749263891,0.33800000,16.57000000,0.3093
1749263891,0.33850000,3417.52000000,0.3093
1749263891,0.33890000,22.32000000,0.3093
1749263891,0.33940000,775.29000000,0.3093
1749263891,0.33980000,13101.88000000,0.3093
1749263891,0.34170000,90.42000000,0.3093
1749263891,0.34190000,38.40000000,0.3093
1749263891,0.34240000,128.52000000,0.3093
1749263891,0.34350000,21.00000000,0.3093
1749263891,0.34520000,15.94000000,0.3093
1749263891,0.34530000,22.32000000,0.3093
1749263891,0.34590000,38.11000000,0.3093
1749263891,0.34740000,845.18000000,0.3093
1749263891,0.34770000,16.11000000,0.3093
1749263891,0.34790000,186.64000000,0.3093
1749263891,0.34810000,775.29000000,0.3093
1749263891,0.34920000,108.83000000,0.3093
1749263891,0.35000000,2055.01000000,0.3093
1749263891,0.35190000,22.32000000,0.3093
1749263891,0.35380000,42.40000000,0.3093
1749263891,0.35400000,270.90000000,0.3093
1749263891,0.35500000,100.68000000,0.3093
1749263891,0.35600000,2958.61000000,0.3093
1749263891,0.35620000,106.69000000,0.3093
1749263891,0.35650000,144.78000000,0.3093
1749263891,0.35670000,775.29000000,0.3093
1749263891,0.35840000,143.73000000,0.3093
1749263891,0.35850000,25.00000000,0.3093
1749264193,0.30880000,4069.46000000,0.3087
1749264193,0.30890000,8012.19000000,0.3087
1749264193,0.30900000,3765.00000000,0.3087
1749264193,0.30910000,1146.13000000,0.3087
1749264193,0.30920000,3936.20000000,0.3087
1749264193,0.30930000,11223.37000000,0.3087
1749264193,0.30940000,1893.87000000,0.3087
1749264193,0.30950000,6228.94000000,0.3087
1749264193,0.30960000,3225.60000000,0.3087
1749264193,0.30970000,16979.97000000,0.3087
1749264193,0.30980000,6729.36000000,0.3087
1749264193,0.30990000,85740.01000000,0.3087
1749264193,0.31000000,1035.12000000,0.3087
1749264193,0.31010000,25402.65000000,0.3087
1749264193,0.31020000,765.00000000,0.3087
1749264193,0.31030000,25424.83000000,0.3087
1749264193,0.31050000,956.63000000,0.3087
1749264193,0.31060000,11098.03000000,0.3087
1749264193,0.31070000,25672.55000000,0.3087
1749264193,0.31080000,5216.45000000,0.3087
1749264193,0.31090000,3222.13000000,0.3087
1749264193,0.31100000,49893.61000000,0.3087
1749264193,0.31120000,8590.49000000,0.3087
1749264193,0.31130000,765.00000000,0.3087
1749264193,0.31140000,14871.95000000,0.3087
1749264193,0.31150000,2144.60000000,0.3087
1749264193,0.31160000,229.10000000,0.3087
1749264193,0.31170000,784.25000000,0.3087
1749264193,0.31180000,62769.74000000,0.3087
1749264193,0.31190000,53241.05000000,0.3087
1749264193,0.31200000,765.00000000,0.3087
1749264193,0.31210000,1050.40000000,0.3087
1749264193,0.31220000,956.63000000,0.3087
1749264193,0.31230000,891.03000000,0.3087
1749264193,0.31250000,765.00000000,0.3087
1749264193,0.31280000,482.41000000,0.3087
1749264193,0.31290000,956.63000000,0.3087
1749264193,0.31340000,765.00000000,0.3087
1749264193,0.31360000,956.63000000,0.3087
1749264193,0.31370000,765.00000000,0.3087
1749264193,0.31380000,1055.94000000,0.3087
1749264193,0.31390000,17.84000000,0.3087
1749264193,0.31400000,765.00000000,0.3087
1749264193,0.31420000,22.32000000,0.3087
1749264193,0.31450000,37489.31000000,0.3087
1749264193,0.31470000,8898.91000000,0.3087
1749264193,0.31540000,2032.88000000,0.3087
1749264193,0.31590000,1712.53000000,0.3087
1749264193,0.31700000,85.83000000,0.3087
1749264193,0.31750000,2955.62000000,0.3087
1749264193,0.31790000,563.76000000,0.3087
1749264193,0.31810000,2981.75000000,0.3087
1749264193,0.31820000,751.56000000,0.3087
1749264193,0.31980000,25.02000000,0.3087
1749264193,0.32000000,30.43000000,0.3087
1749264193,0.32010000,814.28000000,0.3087
1749264193,0.32020000,22.32000000,0.3087
1749264193,0.32090000,1900.71000000,0.3087
1749264193,0.32120000,17.43000000,0.3087
1749264193,0.32190000,3244.53000000,0.3087
1749264193,0.32210000,803.76000000,0.3087
1749264193,0.32240000,18.62000000,0.3087
1749264193,0.32250000,21.80000000,0.3087
1749264193,0.32300000,814.28000000,0.3087
1749264193,0.32390000,46.31000000,0.3087
1749264193,0.32400000,37.04000000,0.3087
1749264193,0.32480000,634.92000000,0.3087
1749264193,0.32500000,804.65000000,0.3087
1749264193,0.32510000,38.40000000,0.3087
1749264193,0.32520000,3233.45000000,0.3087
1749264193,0.32600000,30.67000000,0.3087
1749264193,0.32630000,22.32000000,0.3087
1749264193,0.32920000,17.01000000,0.3087
1749264193,0.33250000,22.32000000,0.3087
1749264193,0.33330000,13438.00000000,0.3087
1749264193,0.33500000,89.55000000,0.3087
1749264193,0.33720000,15.63000000,0.3087
1749264193,0.33780000,44.40000000,0.3087
1749264193,0.33800000,16.57000000,0.3087
1749264193,0.33850000,3417.52000000,0.3087
1749264193,0.33890000,22.32000000,0.3087
1749264193,0.33940000,775.29000000,0.3087
1749264193,0.33980000,13101.88000000,0.3087
1749264193,0.34170000,90.42000000,0.3087
1749264193,0.34190000,38.40000000,0.3087
1749264193,0.34240000,128.52000000,0.3087
1749264193,0.34350000,21.00000000,0.3087
1749264193,0.34520000,15.94000000,0.3087
1749264193,0.34530000,22.32000000,0.3087
1749264193,0.34590000,38.11000000,0.3087
1749264193,0.34740000,845.18000000,0.3087
1749264193,0.34770000,16.11000000,0.3087
1749264193,0.34790000,186.64000000,0.3087
1749264193,0.34810000,775.29000000,0.3087
1749264193,0.34920000,108.83000000,0.3087
1749264193,0.35000000,2055.01000000,0.3087
1749264193,0.35190000,22.32000000,0.3087
1749264193,0.35380000,42.40000000,0.3087
1749264193,0.35400000,270.90000000,0.3087
1749264193,0.35500000,100.68000000,0.3087
1749264494,0.30920000,765.00000000,0.3091
1749264494,0.30930000,544.47000000,0.3091
1749264494,0.30940000,3102.60000000,0.3091
1749264494,0.30950000,8696.94000000,0.3091
1749264494,0.30960000,9891.37000000,0.3091
1749264494,0.30970000,27307.92000000,0.3091
1749264494,0.30980000,9573.87000000,0.3091
1749264494,0.30990000,15018.83000000,0.3091
1749264494,0.31000000,8579.01000000,0.3091
1749264494,0.31010000,25402.65000000,0.3091
1749264494,0.31020000,1091.82000000,0.3091
1749264494,0.31030000,25751.49000000,0.3091
1749264494,0.31040000,62398.24000000,0.3091
1749264494,0.31050000,1283.50000000,0.3091
1749264494,0.31060000,12927.44000000,0.3091
1749264494,0.31070000,52108.06000000,0.3091
1749264494,0.31080000,5281.75000000,0.3091
1749264494,0.31090000,3123.09000000,0.3091
1749264494,0.31100000,49893.61000000,0.3091
1749264494,0.31120000,8590.49000000,0.3091
1749264494,0.31130000,765.00000000,0.3091
1749264494,0.31140000,11243.47000000,0.3091
1749264494,0.31150000,2144.60000000,0.3091
1749264494,0.31160000,229.10000000,0.3091
1749264494,0.31170000,4785.03000000,0.3091
1749264494,0.31180000,1769.74000000,0.3091
1749264494,0.31190000,45043.14000000,0.3091
1749264494,0.31200000,765.00000000,0.3091
1749264494,0.31210000,1050.40000000,0.3091
1749264494,0.31220000,13332.71000000,0.3091
1749264494,0.31230000,891.03000000,0.3091
1749264494,0.31240000,61000.00000000,0.3091
1749264494,0.31250000,765.00000000,0.3091
1749264494,0.31280000,482.41000000,0.3091
1749264494,0.31290000,956.63000000,0.3091
1749264494,0.31340000,765.00000000,0.3091
1749264494,0.31360000,956.63000000,0.3091
1749264494,0.31370000,765.00000000,0.3091
1749264494,0.31380000,1055.94000000,0.3091
1749264494,0.31390000,17.84000000,0.3091
1749264494,0.31400000,765.00000000,0.3091
1749264494,0.31420000,22.32000000,0.3091
1749264494,0.31470000,8898.91000000,0.3091
1749264494,0.31500000,37798.68000000,0.3091
1749264494,0.31540000,2032.88000000,0.3091
1749264494,0.31590000,1712.53000000,0.3091
1749264494,0.31700000,85.83000000,0.3091
1749264494,0.31750000,2955.62000000,0.3091
1749264494,0.31790000,563.76000000,0.3091
1749264494,0.31810000,2981.75000000,0.3091
1749264494,0.31820000,751.56000000,0.3091
1749264494,0.31980000,25.02000000,0.3091
1749264494,0.32000000,30.43000000,0.3091
1749264494,0.32010000,814.28000000,0.3091
1749264494,0.32020000,22.32000000,0.3091
1749264494,0.32090000,1900.71000000,0.3091
1749264494,0.32120000,17.43000000,0.3091
1749264494,0.32190000,3244.53000000,0.3091
1749264494,0.32210000,803.76000000,0.3091
1749264494,0.32240000,18.62000000,0.3091
1749264494,0.32250000,21.80000000,0.3091
1749264494,0.32300000,814.28000000,0.3091
1749264494,0.32390000,46.31000000,0.3091
1749264494,0.32400000,37.04000000,0.3091
1749264494,0.32480000,634.92000000,0.3091
1749264494,0.32500000,804.65000000,0.3091
1749264494,0.32510000,38.40000000,0.3091
1749264494,0.32520000,3233.45000000,0.3091
1749264494,0.32600000,30.67000000,0.3091
1749264494,0.32630000,22.32000000,0.3091
1749264494,0.32920000,17.01000000,0.3091
1749264494,0.33250000,22.32000000,0.3091
1749264494,0.33330000,13438.00000000,0.3091
1749264494,0.33500000,89.55000000,0.3091
1749264494,0.33720000,15.63000000,0.3091
1749264494,0.33780000,44.40000000,0.3091
1749264494,0.33800000,16.57000000,0.3091
1749264494,0.33850000,3417.52000000,0.3091
1749264494,0.33890000,22.32000000,0.3091
1749264494,0.33940000,775.29000000,0.3091
1749264494,0.33980000,13101.88000000,0.3091
1749264494,0.34170000,90.42000000,0.3091
1749264494,0.34190000,38.40000000,0.3091
1749264494,0.34240000,128.52000000,0.3091
1749264494,0.34350000,21.00000000,0.3091
1749264494,0.34520000,15.94000000,0.3091
1749264494,0.34530000,22.32000000,0.3091
1749264494,0.34590000,38.11000000,0.3091
1749264494,0.34740000,845.18000000,0.3091
1749264494,0.34770000,16.11000000,0.3091
1749264494,0.34790000,186.64000000,0.3091
1749264494,0.34810000,775.29000000,0.3091
1749264494,0.34920000,108.83000000,0.3091
1749264494,0.35000000,2055.01000000,0.3091
1749264494,0.35190000,22.32000000,0.3091
1749264494,0.35380000,42.40000000,0.3091
1749264494,0.35400000,270.90000000,0.3091
1749264494,0.35500000,100.68000000,0.3091
1749264494,0.35600000,2958.61000000,0.3091
1749264494,0.35620000,106.69000000,0.3091
1749264796,0.30930000,765.00000000,0.309
1749264796,0.30940000,2333.84000000,0.309
1749264796,0.30950000,1928.00000000,0.309
1749264796,0.30960000,7530.43000000,0.309
1749264796,0.30970000,14387.29000000,0.309
1749264796,0.30980000,11511.22000000,0.309
1749264796,0.30990000,6671.68000000,0.309
1749264796,0.31000000,12361.71000000,0.309
1749264796,0.31010000,34284.45000000,0.309
1749264796,0.31020000,765.00000000,0.309
1749264796,0.31030000,27783.97000000,0.309
1749264796,0.31040000,376.44000000,0.309
1749264796,0.31050000,956.63000000,0.309
1749264796,0.31060000,9866.78000000,0.309
1749264796,0.31070000,24617.42000000,0.309
1749264796,0.31080000,6009.88000000,0.309
1749264796,0.31090000,64374.20000000,0.309
1749264796,0.31100000,49893.61000000,0.309
1749264796,0.31120000,8590.49000000,0.309
1749264796,0.31130000,765.00000000,0.309
1749264796,0.31140000,13977.26000000,0.309
1749264796,0.31150000,2144.60000000,0.309
1749264796,0.31170000,5564.84000000,0.309
1749264796,0.31180000,1769.74000000,0.309
1749264796,0.31190000,45043.14000000,0.309
1749264796,0.31200000,765.00000000,0.309
1749264796,0.31220000,12888.30000000,0.309
1749264796,0.31230000,891.03000000,0.309
1749264796,0.31260000,229.10000000,0.309
1749264796,0.31270000,765.00000000,0.309
1749264796,0.31280000,482.41000000,0.309
1749264796,0.31290000,956.63000000,0.309
1749264796,0.31340000,765.00000000,0.309
1749264796,0.31360000,956.63000000,0.309
1749264796,0.31370000,765.00000000,0.309
1749264796,0.31390000,17.84000000,0.309
1749264796,0.31400000,765.00000000,0.309
1749264796,0.31420000,1065.70000000,0.309
1749264796,0.31430000,765.00000000,0.309
1749264796,0.31470000,8898.91000000,0.309
1749264796,0.31490000,1059.04000000,0.309
1749264796,0.31510000,39242.12000000,0.309
1749264796,0.31540000,2032.88000000,0.309
1749264796,0.31590000,1712.53000000,0.309
1749264796,0.31700000,85.83000000,0.309
1749264796,0.31750000,2955.62000000,0.309
1749264796,0.31790000,535.45000000,0.309
1749264796,0.31810000,2981.75000000,0.309
1749264796,0.31820000,751.56000000,0.309
1749264796,0.32000000,30.43000000,0.309
1749264796,0.32010000,814.28000000,0.309
1749264796,0.32020000,22.32000000,0.309
1749264796,0.32090000,1900.71000000,0.309
1749264796,0.32120000,17.43000000,0.309
1749264796,0.32190000,3244.53000000,0.309
1749264796,0.32210000,803.76000000,0.309
1749264796,0.32240000,18.62000000,0.309
1749264796,0.32250000,21.80000000,0.309
1749264796,0.32300000,814.28000000,0.309
1749264796,0.32390000,46.31000000,0.309
1749264796,0.32480000,634.92000000,0.309
1749264796,0.32500000,804.65000000,0.309
1749264796,0.32510000,38.40000000,0.309
1749264796,0.32520000,3233.45000000,0.309
1749264796,0.32630000,22.32000000,0.309
1749264796,0.32920000,17.01000000,0.309
1749264796,0.33250000,22.32000000,0.309
1749264796,0.33330000,13438.00000000,0.309
1749264796,0.33500000,89.55000000,0.309
1749264796,0.33720000,15.63000000,0.309
1749264796,0.33780000,44.40000000,0.309
1749264796,0.33800000,16.57000000,0.309
1749264796,0.33850000,3417.52000000,0.309
1749264796,0.33890000,22.32000000,0.309
1749264796,0.33940000,775.29000000,0.309
1749264796,0.33980000,13101.88000000,0.309
1749264796,0.34170000,90.42000000,0.309
1749264796,0.34190000,38.40000000,0.309
1749264796,0.34240000,128.52000000,0.309
1749264796,0.34350000,21.00000000,0.309
1749264796,0.34520000,15.94000000,0.309
1749264796,0.34530000,22.32000000,0.309
1749264796,0.34590000,38.11000000,0.309
1749264796,0.34740000,845.18000000,0.309
1749264796,0.34770000,16.11000000,0.309
1749264796,0.34790000,186.64000000,0.309
1749264796,0.34810000,775.29000000,0.309
1749264796,0.34920000,108.83000000,0.309
1749264796,0.35000000,2055.01000000,0.309
1749264796,0.35190000,22.32000000,0.309
1749264796,0.35380000,42.40000000,0.309
1749264796,0.35400000,270.90000000,0.309
1749264796,0.35500000,100.68000000,0.309
1749264796,0.35600000,2958.61000000,0.309
1749264796,0.35620000,106.69000000,0.309
1749264796,0.35650000,144.78000000,0.309
1749264796,0.35670000,775.29000000,0.309
1749264796,0.35840000,143.73000000,0.309
1749264796,0.35850000,25.00000000,0.309
1749264796,0.35860000,22.32000000,0.309
1749265098,0.30990000,329.62000000,0.3099
1749265098,0.31000000,2484.67000000,0.3099
1749265098,0.31010000,6713.83000000,0.3099
1749265098,0.31020000,13687.12000000,0.3099
1749265098,0.31030000,41198.84000000,0.3099
1749265098,0.31040000,5122.37000000,0.3099
1749265098,0.31050000,8582.81000000,0.3099
1749265098,0.31060000,21098.70000000,0.3099
1749265098,0.31070000,24275.99000000,0.3099
1749265098,0.31080000,2317.25000000,0.3099
1749265098,0.31090000,3047.24000000,0.3099
1749265098,0.31100000,49597.40000000,0.3099
1749265098,0.31110000,24402.88000000,0.3099
1749265098,0.31120000,8910.56000000,0.3099
1749265098,0.31130000,84343.55000000,0.3099
1749265098,0.31140000,15342.19000000,0.3099
1749265098,0.31150000,6358.07000000,0.3099
1749265098,0.31160000,11233.37000000,0.3099
1749265098,0.31170000,3561.75000000,0.3099
1749265098,0.31180000,2497.19000000,0.3099
1749265098,0.31190000,945.46000000,0.3099
1749265098,0.31200000,765.00000000,0.3099
1749265098,0.31210000,4319.72000000,0.3099
1749265098,0.31220000,3690.42000000,0.3099
1749265098,0.31230000,891.03000000,0.3099
1749265098,0.31250000,765.00000000,0.3099
1749265098,0.31260000,15775.67000000,0.3099
1749265098,0.31270000,1039.92000000,0.3099
1749265098,0.31280000,482.41000000,0.3099
1749265098,0.31290000,50840.44000000,0.3099
1749265098,0.31300000,66120.11000000,0.3099
1749265098,0.31310000,229.10000000,0.3099
1749265098,0.31340000,765.00000000,0.3099
1749265098,0.31360000,956.63000000,0.3099
1749265098,0.31370000,765.00000000,0.3099
1749265098,0.31390000,17.84000000,0.3099
1749265098,0.31400000,765.00000000,0.3099
1749265098,0.31420000,22.32000000,0.3099
1749265098,0.31430000,1721.63000000,0.3099
1749265098,0.31480000,765.00000000,0.3099
1749265098,0.31490000,1059.04000000,0.3099
1749265098,0.31540000,1421.42000000,0.3099
1749265098,0.31570000,49495.39000000,0.3099
1749265098,0.31630000,611.46000000,0.3099
1749265098,0.31670000,1712.53000000,0.3099
1749265098,0.31700000,85.83000000,0.3099
1749265098,0.31830000,2955.62000000,0.3099
1749265098,0.31880000,535.45000000,0.3099
1749265098,0.31890000,2981.75000000,0.3099
1749265098,0.31900000,751.56000000,0.3099
1749265098,0.32000000,30.43000000,0.3099
1749265098,0.32010000,814.28000000,0.3099
1749265098,0.32020000,22.32000000,0.3099
1749265098,0.32090000,1900.71000000,0.3099
1749265098,0.32120000,17.43000000,0.3099
1749265098,0.32190000,3244.53000000,0.3099
1749265098,0.32210000,803.76000000,0.3099
1749265098,0.32240000,18.62000000,0.3099
1749265098,0.32250000,21.80000000,0.3099
1749265098,0.32300000,814.28000000,0.3099
1749265098,0.32390000,46.31000000,0.3099
1749265098,0.32480000,634.92000000,0.3099
1749265098,0.32510000,38.40000000,0.3099
1749265098,0.32520000,3233.45000000,0.3099
1749265098,0.32600000,804.65000000,0.3099
1749265098,0.32630000,22.32000000,0.3099
1749265098,0.32920000,17.01000000,0.3099
1749265098,0.33250000,22.32000000,0.3099
1749265098,0.33330000,13438.00000000,0.3099
1749265098,0.33500000,89.55000000,0.3099
1749265098,0.33720000,15.63000000,0.3099
1749265098,0.33780000,44.40000000,0.3099
1749265098,0.33800000,16.57000000,0.3099
1749265098,0.33850000,3417.52000000,0.3099
1749265098,0.33890000,22.32000000,0.3099
1749265098,0.33940000,775.29000000,0.3099
1749265098,0.33980000,13101.88000000,0.3099
1749265098,0.34170000,90.42000000,0.3099
1749265098,0.34190000,38.40000000,0.3099
1749265098,0.34240000,128.52000000,0.3099
1749265098,0.34350000,21.00000000,0.3099
1749265098,0.34520000,15.94000000,0.3099
1749265098,0.34530000,22.32000000,0.3099
1749265098,0.34590000,38.11000000,0.3099
1749265098,0.34740000,845.18000000,0.3099
1749265098,0.34770000,16.11000000,0.3099
1749265098,0.34790000,186.64000000,0.3099
1749265098,0.34810000,775.29000000,0.3099
1749265098,0.34920000,108.83000000,0.3099
1749265098,0.35000000,2055.01000000,0.3099
1749265098,0.35190000,22.32000000,0.3099
1749265098,0.35380000,42.40000000,0.3099
1749265098,0.35400000,270.90000000,0.3099
1749265098,0.35500000,100.68000000,0.3099
1749265098,0.35600000,2958.61000000,0.3099
1749265098,0.35620000,106.69000000,0.3099
1749265098,0.35650000,144.78000000,0.3099
1749265098,0.35670000,775.29000000,0.3099
1749265098,0.35840000,143.73000000,0.3099
1749265098,0.35850000,25.00000000,0.3099
1749265402,0.31050000,691.69000000,0.3101
1749265402,0.31060000,3847.60000000,0.3101
1749265402,0.31070000,5911.87000000,0.3101
1749265402,0.31080000,3138.68000000,0.3101
1749265402,0.31090000,10094.15000000,0.3101
1749265402,0.31100000,53666.16000000,0.3101
1749265402,0.31110000,11447.59000000,0.3101
1749265402,0.31120000,8315.57000000,0.3101
1749265402,0.31130000,765.00000000,0.3101
1749265402,0.31140000,13943.31000000,0.3101
1749265402,0.31150000,4980.15000000,0.3101
1749265402,0.31160000,2963.82000000,0.3101
1749265402,0.31170000,8882.78000000,0.3101
1749265402,0.31180000,54983.37000000,0.3101
1749265402,0.31190000,8276.27000000,0.3101
1749265402,0.31200000,765.00000000,0.3101
1749265402,0.31220000,5192.96000000,0.3101
1749265402,0.31230000,1814.72000000,0.3101
1749265402,0.31240000,5061.29000000,0.3101
1749265402,0.31250000,765.00000000,0.3101
1749265402,0.31260000,956.63000000,0.3101
1749265402,0.31270000,1767.37000000,0.3101
1749265402,0.31290000,37486.48000000,0.3101
1749265402,0.31300000,5651.11000000,0.3101
1749265402,0.31310000,765.00000000,0.3101
1749265402,0.31320000,229.10000000,0.3101
1749265402,0.31330000,956.63000000,0.3101
1749265402,0.31340000,45099.98000000,0.3101
1749265402,0.31360000,956.63000000,0.3101
1749265402,0.31370000,765.00000000,0.3101
1749265402,0.31390000,782.84000000,0.3101
1749265402,0.31400000,1721.63000000,0.3101
1749265402,0.31420000,787.32000000,0.3101
1749265402,0.31430000,1721.63000000,0.3101
1749265402,0.31450000,482.41000000,0.3101
1749265402,0.31480000,765.00000000,0.3101
1749265402,0.31490000,1041.06000000,0.3101
1749265402,0.31500000,1721.63000000,0.3101
1749265402,0.31520000,16378.42000000,0.3101
1749265402,0.31530000,891.03000000,0.3101
1749265402,0.31540000,1421.42000000,0.3101
1749265402,0.31550000,765.00000000,0.3101
1749265402,0.31560000,956.63000000,0.3101
1749265402,0.31610000,1036.53000000,0.3101
1749265402,0.31620000,36438.51000000,0.3101
1749265402,0.31630000,611.46000000,0.3101
1749265402,0.31670000,1712.53000000,0.3101
1749265402,0.31700000,85.83000000,0.3101
1749265402,0.31740000,16378.42000000,0.3101
1749265402,0.31830000,2955.62000000,0.3101
1749265402,0.31970000,535.45000000,0.3101
1749265402,0.31980000,2981.75000000,0.3101
1749265402,0.32000000,781.99000000,0.3101
1749265402,0.32010000,814.28000000,0.3101
1749265402,0.32020000,22.32000000,0.3101
1749265402,0.32090000,1900.71000000,0.3101
1749265402,0.32120000,17.43000000,0.3101
1749265402,0.32240000,18.62000000,0.3101
1749265402,0.32250000,21.80000000,0.3101
1749265402,0.32300000,3244.53000000,0.3101
1749265402,0.32320000,803.76000000,0.3101
1749265402,0.32390000,46.31000000,0.3101
1749265402,0.32460000,814.28000000,0.3101
1749265402,0.32480000,634.92000000,0.3101
1749265402,0.32510000,38.40000000,0.3101
1749265402,0.32600000,804.65000000,0.3101
1749265402,0.32620000,3233.45000000,0.3101
1749265402,0.32630000,22.32000000,0.3101
1749265402,0.32920000,17.01000000,0.3101
1749265402,0.33250000,22.32000000,0.3101
1749265402,0.33330000,13438.00000000,0.3101
1749265402,0.33500000,89.55000000,0.3101
1749265402,0.33720000,15.63000000,0.3101
1749265402,0.33780000,44.40000000,0.3101
1749265402,0.33800000,16.57000000,0.3101
1749265402,0.33890000,22.32000000,0.3101
1749265402,0.33940000,775.29000000,0.3101
1749265402,0.33980000,13101.88000000,0.3101
1749265402,0.34170000,90.42000000,0.3101
1749265402,0.34190000,38.40000000,0.3101
1749265402,0.34240000,128.52000000,0.3101
1749265402,0.34350000,21.00000000,0.3101
1749265402,0.34520000,15.94000000,0.3101
1749265402,0.34530000,22.32000000,0.3101
1749265402,0.34590000,38.11000000,0.3101
1749265402,0.34740000,845.18000000,0.3101
1749265402,0.34770000,16.11000000,0.3101
1749265402,0.34790000,186.64000000,0.3101
1749265402,0.34810000,775.29000000,0.3101
1749265402,0.34920000,108.83000000,0.3101
1749265402,0.35000000,2055.01000000,0.3101
1749265402,0.35190000,22.32000000,0.3101
1749265402,0.35380000,42.40000000,0.3101
1749265402,0.35400000,270.90000000,0.3101
1749265402,0.35500000,100.68000000,0.3101
1749265402,0.35600000,2958.61000000,0.3101
1749265402,0.35620000,106.69000000,0.3101
1749265402,0.35650000,144.78000000,0.3101
1749265402,0.35670000,775.29000000,0.3101
1749265402,0.35840000,143.73000000,0.3101
1749265709,0.31050000,765.00000000,0.3105
1749265709,0.31060000,1482.41000000,0.3105
1749265709,0.31070000,3700.51000000,0.3105
1749265709,0.31080000,5382.64000000,0.3105
1749265709,0.31090000,7597.99000000,0.3105
1749265709,0.31100000,54587.64000000,0.3105
1749265709,0.31110000,9324.87000000,0.3105
1749265709,0.31120000,13140.39000000,0.3105
1749265709,0.31130000,9945.19000000,0.3105
1749265709,0.31140000,11255.64000000,0.3105
1749265709,0.31150000,6778.04000000,0.3105
1749265709,0.31160000,3557.39000000,0.3105
1749265709,0.31170000,9207.71000000,0.3105
1749265709,0.31180000,55308.50000000,0.3105
1749265709,0.31190000,13908.16000000,0.3105
1749265709,0.31200000,1033.42000000,0.3105
1749265709,0.31210000,30324.98000000,0.3105
1749265709,0.31220000,8736.68000000,0.3105
1749265709,0.31230000,1814.72000000,0.3105
1749265709,0.31240000,4243.63000000,0.3105
1749265709,0.31250000,765.00000000,0.3105
1749265709,0.31260000,956.63000000,0.3105
1749265709,0.31270000,1767.37000000,0.3105
1749265709,0.31290000,23479.71000000,0.3105
1749265709,0.31300000,20734.40000000,0.3105
1749265709,0.31310000,765.00000000,0.3105
1749265709,0.31330000,956.63000000,0.3105
1749265709,0.31340000,45099.98000000,0.3105
1749265709,0.31360000,956.63000000,0.3105
1749265709,0.31370000,765.00000000,0.3105
1749265709,0.31380000,61000.00000000,0.3105
1749265709,0.31390000,782.84000000,0.3105
1749265709,0.31400000,1721.63000000,0.3105
1749265709,0.31420000,787.32000000,0.3105
1749265709,0.31430000,1721.63000000,0.3105
1749265709,0.31450000,482.41000000,0.3105
1749265709,0.31480000,765.00000000,0.3105
1749265709,0.31500000,1721.63000000,0.3105
1749265709,0.31520000,16378.42000000,0.3105
1749265709,0.31530000,891.03000000,0.3105
1749265709,0.31540000,1421.42000000,0.3105
1749265709,0.31550000,765.00000000,0.3105
1749265709,0.31560000,1995.38000000,0.3105
1749265709,0.31610000,1036.53000000,0.3105
1749265709,0.31620000,8867.29000000,0.3105
1749265709,0.31630000,611.46000000,0.3105
1749265709,0.31640000,26373.22000000,0.3105
1749265709,0.31700000,85.83000000,0.3105
1749265709,0.31740000,16378.42000000,0.3105
1749265709,0.31750000,1712.53000000,0.3105
1749265709,0.31910000,2955.62000000,0.3105
1749265709,0.31970000,535.45000000,0.3105
1749265709,0.31980000,2981.75000000,0.3105
1749265709,0.32000000,781.99000000,0.3105
1749265709,0.32020000,22.32000000,0.3105
1749265709,0.32090000,1900.71000000,0.3105
1749265709,0.32120000,17.43000000,0.3105
1749265709,0.32170000,814.28000000,0.3105
1749265709,0.32240000,18.62000000,0.3105
1749265709,0.32250000,21.80000000,0.3105
1749265709,0.32300000,3244.53000000,0.3105
1749265709,0.32320000,803.76000000,0.3105
1749265709,0.32390000,46.31000000,0.3105
1749265709,0.32460000,814.28000000,0.3105
1749265709,0.32480000,634.92000000,0.3105
1749265709,0.32510000,38.40000000,0.3105
1749265709,0.32600000,804.65000000,0.3105
1749265709,0.32620000,3233.45000000,0.3105
1749265709,0.32630000,22.32000000,0.3105
1749265709,0.32920000,17.01000000,0.3105
1749265709,0.33250000,22.32000000,0.3105
1749265709,0.33330000,13438.00000000,0.3105
1749265709,0.33500000,89.55000000,0.3105
1749265709,0.33720000,15.63000000,0.3105
1749265709,0.33780000,44.40000000,0.3105
1749265709,0.33800000,16.57000000,0.3105
1749265709,0.33890000,22.32000000,0.3105
1749265709,0.33940000,775.29000000,0.3105
1749265709,0.33980000,13101.88000000,0.3105
1749265709,0.34170000,90.42000000,0.3105
1749265709,0.34190000,38.40000000,0.3105
1749265709,0.34240000,128.52000000,0.3105
1749265709,0.34350000,21.00000000,0.3105
1749265709,0.34520000,15.94000000,0.3105
1749265709,0.34530000,22.32000000,0.3105
1749265709,0.34590000,38.11000000,0.3105
1749265709,0.34740000,845.18000000,0.3105
1749265709,0.34770000,16.11000000,0.3105
1749265709,0.34790000,186.64000000,0.3105
1749265709,0.34810000,775.29000000,0.3105
1749265709,0.34920000,108.83000000,0.3105
1749265709,0.35000000,2055.01000000,0.3105
1749265709,0.35190000,22.32000000,0.3105
1749265709,0.35380000,42.40000000,0.3105
1749265709,0.35400000,270.90000000,0.3105
1749265709,0.35500000,100.68000000,0.3105
1749265709,0.35600000,2958.61000000,0.3105
1749265709,0.35620000,106.69000000,0.3105
1749265709,0.35650000,144.78000000,0.3105
1749265709,0.35670000,775.29000000,0.3105
1749266010,0.31190000,765.00000000,0.3116
1749266010,0.31200000,106.27000000,0.3116
1749266010,0.31210000,1296.23000000,0.3116
1749266010,0.31220000,1265.00000000,0.3116
1749266010,0.31230000,5827.34000000,0.3116
1749266010,0.31240000,7007.34000000,0.3116
1749266010,0.31250000,13228.82000000,0.3116
1749266010,0.31260000,8753.38000000,0.3116
1749266010,0.31270000,3346.70000000,0.3116
1749266010,0.31290000,7249.37000000,0.3116
1749266010,0.31300000,10257.62000000,0.3116
1749266010,0.31310000,13727.03000000,0.3116
1749266010,0.31320000,1502.54000000,0.3116
1749266010,0.31330000,956.63000000,0.3116
1749266010,0.31340000,9042.80000000,0.3116
1749266010,0.31350000,30000.00000000,0.3116
1749266010,0.31360000,14986.49000000,0.3116
1749266010,0.31370000,765.00000000,0.3116
1749266010,0.31390000,17390.36000000,0.3116
1749266010,0.31400000,11278.69000000,0.3116
1749266010,0.31410000,727.45000000,0.3116
1749266010,0.31420000,53666.88000000,0.3116
1749266010,0.31430000,1996.55000000,0.3116
1749266010,0.31440000,531.00000000,0.3116
1749266010,0.31450000,1182.43000000,0.3116
1749266010,0.31460000,1721.63000000,0.3116
1749266010,0.31480000,765.00000000,0.3116
1749266010,0.31500000,1721.63000000,0.3116
1749266010,0.31510000,6445.69000000,0.3116
1749266010,0.31520000,24891.44000000,0.3116
1749266010,0.31530000,891.03000000,0.3116
1749266010,0.31540000,61456.19000000,0.3116
1749266010,0.31550000,1247.41000000,0.3116
1749266010,0.31560000,956.63000000,0.3116
1749266010,0.31620000,765.00000000,0.3116
1749266010,0.31630000,956.63000000,0.3116
1749266010,0.31640000,765.00000000,0.3116
1749266010,0.31650000,44076.87000000,0.3116
1749266010,0.31660000,765.00000000,0.3116
1749266010,0.31690000,1034.49000000,0.3116
1749266010,0.31700000,850.83000000,0.3116
1749266010,0.31720000,1057.16000000,0.3116
1749266010,0.31740000,16378.42000000,0.3116
1749266010,0.31750000,9124.48000000,0.3116
1749266010,0.31760000,179.54000000,0.3116
1749266010,0.31830000,1712.53000000,0.3116
1749266010,0.31920000,326.44000000,0.3116
1749266010,0.32000000,2986.05000000,0.3116
1749266010,0.32020000,22.32000000,0.3116
1749266010,0.32060000,535.45000000,0.3116
1749266010,0.32070000,11797.66000000,0.3116
1749266010,0.32080000,28021.18000000,0.3116
1749266010,0.32090000,751.56000000,0.3116
1749266010,0.32120000,17.43000000,0.3116
1749266010,0.32240000,18.62000000,0.3116
1749266010,0.32250000,21.80000000,0.3116
1749266010,0.32320000,1928.29000000,0.3116
1749266010,0.32330000,814.28000000,0.3116
1749266010,0.32390000,3290.84000000,0.3116
1749266010,0.32420000,803.76000000,0.3116
1749266010,0.32510000,38.40000000,0.3116
1749266010,0.32630000,22.32000000,0.3116
1749266010,0.32640000,814.28000000,0.3116
1749266010,0.32710000,4038.10000000,0.3116
1749266010,0.32920000,17.01000000,0.3116
1749266010,0.33250000,22.32000000,0.3116
1749266010,0.33330000,13438.00000000,0.3116
1749266010,0.33500000,89.55000000,0.3116
1749266010,0.33720000,15.63000000,0.3116
1749266010,0.33780000,44.40000000,0.3116
1749266010,0.33800000,16.57000000,0.3116
1749266010,0.33890000,22.32000000,0.3116
1749266010,0.33940000,775.29000000,0.3116
1749266010,0.33980000,13101.88000000,0.3116
1749266010,0.34170000,90.42000000,0.3116
1749266010,0.34190000,38.40000000,0.3116
1749266010,0.34240000,128.52000000,0.3116
1749266010,0.34350000,21.00000000,0.3116
1749266010,0.34520000,15.94000000,0.3116
1749266010,0.34530000,22.32000000,0.3116
1749266010,0.34590000,38.11000000,0.3116
1749266010,0.34740000,845.18000000,0.3116
1749266010,0.34770000,16.11000000,0.3116
1749266010,0.34790000,186.64000000,0.3116
1749266010,0.34810000,775.29000000,0.3116
1749266010,0.34920000,108.83000000,0.3116
1749266010,0.35000000,2055.01000000,0.3116
1749266010,0.35190000,22.32000000,0.3116
1749266010,0.35380000,42.40000000,0.3116
1749266010,0.35400000,270.90000000,0.3116
1749266010,0.35500000,100.68000000,0.3116
1749266010,0.35600000,2958.61000000,0.3116
1749266010,0.35620000,106.69000000,0.3116
1749266010,0.35650000,144.78000000,0.3116
1749266010,0.35670000,775.29000000,0.3116
1749266010,0.35840000,143.73000000,0.3116
1749266010,0.35850000,25.00000000,0.3116
1749266010,0.35860000,22.32000000,0.3116
1749266010,0.35880000,38.40000000,0.3116
1749266010,0.35910000,31.27000000,0.3116
1749266312,0.31370000,735.15000000,0.3137
1749266312,0.31380000,765.00000000,0.3137
1749266312,0.31390000,704.66000000,0.3137
1749266312,0.31400000,1410.07000000,0.3137
1749266312,0.31410000,2150.23000000,0.3137
1749266312,0.31420000,808.82000000,0.3137
1749266312,0.31460000,765.00000000,0.3137
1749266312,0.31470000,956.63000000,0.3137
1749266312,0.31480000,765.00000000,0.3137
1749266312,0.31490000,321.05000000,0.3137
1749266312,0.31500000,10808.37000000,0.3137
1749266312,0.31510000,1199.83000000,0.3137
1749266312,0.31520000,14586.05000000,0.3137
1749266312,0.31530000,765.00000000,0.3137
1749266312,0.31540000,456.19000000,0.3137
1749266312,0.31550000,765.00000000,0.3137
1749266312,0.31560000,1995.38000000,0.3137
1749266312,0.31570000,765.00000000,0.3137
1749266312,0.31580000,531.00000000,0.3137
1749266312,0.31590000,765.00000000,0.3137
1749266312,0.31600000,956.63000000,0.3137
1749266312,0.31610000,4500.00000000,0.3137
1749266312,0.31620000,83377.82000000,0.3137
1749266312,0.31630000,1381.96000000,0.3137
1749266312,0.31640000,4368.79000000,0.3137
1749266312,0.31650000,9021.69000000,0.3137
1749266312,0.31660000,2449.08000000,0.3137
1749266312,0.31690000,23064.50000000,0.3137
1749266312,0.31700000,1807.46000000,0.3137
1749266312,0.31720000,765.00000000,0.3137
1749266312,0.31730000,1721.63000000,0.3137
1749266312,0.31740000,1783.84000000,0.3137
1749266312,0.31750000,8513.02000000,0.3137
1749266312,0.31760000,42711.20000000,0.3137
1749266312,0.31790000,765.00000000,0.3137
1749266312,0.31800000,1185.73000000,0.3137
1749266312,0.31810000,765.00000000,0.3137
1749266312,0.31820000,482.41000000,0.3137
1749266312,0.31830000,765.00000000,0.3137
1749266312,0.31840000,19883.89000000,0.3137
1749266312,0.31850000,60201.18000000,0.3137
1749266312,0.31860000,765.00000000,0.3137
1749266312,0.31870000,956.63000000,0.3137
1749266312,0.31880000,765.00000000,0.3137
1749266312,0.31920000,326.44000000,0.3137
1749266312,0.31930000,765.00000000,0.3137
1749266312,0.31940000,1082.66000000,0.3137
1749266312,0.31950000,765.00000000,0.3137
1749266312,0.31960000,1042.27000000,0.3137
1749266312,0.31970000,765.00000000,0.3137
1749266312,0.31980000,16378.44000000,0.3137
1749266312,0.31990000,611.46000000,0.3137
1749266312,0.32000000,30.43000000,0.3137
1749266312,0.32020000,22.32000000,0.3137
1749266312,0.32030000,1023.51000000,0.3137
1749266312,0.32060000,3496.37000000,0.3137
1749266312,0.32120000,17.43000000,0.3137
1749266312,0.32210000,2955.62000000,0.3137
1749266312,0.32240000,18.62000000,0.3137
1749266312,0.32250000,21.80000000,0.3137
1749266312,0.32260000,535.45000000,0.3137
1749266312,0.32280000,4352.69000000,0.3137
1749266312,0.32300000,2981.75000000,0.3137
1749266312,0.32310000,751.56000000,0.3137
1749266312,0.32390000,46.31000000,0.3137
1749266312,0.32510000,38.40000000,0.3137
1749266312,0.32520000,814.28000000,0.3137
1749266312,0.32550000,1950.27000000,0.3137
1749266312,0.32600000,4048.29000000,0.3137
1749266312,0.32630000,22.32000000,0.3137
1749266312,0.32800000,814.28000000,0.3137
1749266312,0.32880000,804.65000000,0.3137
1749266312,0.32900000,3233.45000000,0.3137
1749266312,0.32920000,17.01000000,0.3137
1749266312,0.33250000,22.32000000,0.3137
1749266312,0.33330000,13438.00000000,0.3137
1749266312,0.33500000,89.55000000,0.3137
1749266312,0.33720000,15.63000000,0.3137
1749266312,0.33780000,44.40000000,0.3137
1749266312,0.33800000,16.57000000,0.3137
1749266312,0.33890000,22.32000000,0.3137
1749266312,0.33940000,775.29000000,0.3137
1749266312,0.33980000,13101.88000000,0.3137
1749266312,0.34170000,90.42000000,0.3137
1749266312,0.34190000,38.40000000,0.3137
1749266312,0.34240000,128.52000000,0.3137
1749266312,0.34350000,21.00000000,0.3137
1749266312,0.34520000,15.94000000,0.3137
1749266312,0.34530000,22.32000000,0.3137
1749266312,0.34590000,38.11000000,0.3137
1749266312,0.34740000,845.18000000,0.3137
1749266312,0.34770000,16.11000000,0.3137
1749266312,0.34790000,186.64000000,0.3137
1749266312,0.34810000,775.29000000,0.3137
1749266312,0.34920000,108.83000000,0.3137
1749266312,0.35000000,2055.01000000,0.3137
1749266312,0.35190000,22.32000000,0.3137
1749266312,0.35380000,42.40000000,0.3137
1749266312,0.35400000,270.90000000,0.3137
1749266312,0.35500000,100.68000000,0.3137
1749266623,0.31130000,765.00000000,0.3113
1749266623,0.31140000,995.58000000,0.3113
1749266623,0.31150000,2535.95000000,0.3113
1749266623,0.31160000,6136.79000000,0.3113
1749266623,0.31170000,1600.10000000,0.3113
1749266623,0.31180000,3968.80000000,0.3113
1749266623,0.31190000,3950.44000000,0.3113
1749266623,0.31200000,1032.56000000,0.3113
1749266623,0.31210000,5231.09000000,0.3113
1749266623,0.31220000,12639.87000000,0.3113
1749266623,0.31230000,3004.38000000,0.3113
1749266623,0.31240000,267.95000000,0.3113
1749266623,0.31250000,1062.03000000,0.3113
1749266623,0.31260000,765.00000000,0.3113
1749266623,0.31270000,14418.06000000,0.3113
1749266623,0.31280000,1224.49000000,0.3113
1749266623,0.31290000,765.00000000,0.3113
1749266623,0.31310000,61006.56000000,0.3113
1749266623,0.31340000,1184.36000000,0.3113
1749266623,0.31350000,1721.63000000,0.3113
1749266623,0.31360000,1296.00000000,0.3113
1749266623,0.31380000,1721.63000000,0.3113
1749266623,0.31400000,765.00000000,0.3113
1749266623,0.31410000,10709.42000000,0.3113
1749266623,0.31420000,765.00000000,0.3113
1749266623,0.31430000,956.63000000,0.3113
1749266623,0.31460000,765.00000000,0.3113
1749266623,0.31470000,45349.44000000,0.3113
1749266623,0.31480000,3972.42000000,0.3113
1749266623,0.31500000,1721.63000000,0.3113
1749266623,0.31510000,1094.17000000,0.3113
1749266623,0.31520000,765.00000000,0.3113
1749266623,0.31530000,2309.62000000,0.3113
1749266623,0.31540000,456.19000000,0.3113
1749266623,0.31550000,765.00000000,0.3113
1749266623,0.31560000,956.63000000,0.3113
1749266623,0.31570000,5598.83000000,0.3113
1749266623,0.31580000,11191.83000000,0.3113
1749266623,0.31590000,11521.58000000,0.3113
1749266623,0.31600000,17399.15000000,0.3113
1749266623,0.31610000,765.00000000,0.3113
1749266623,0.31620000,1809.18000000,0.3113
1749266623,0.31630000,956.63000000,0.3113
1749266623,0.31640000,1561.81000000,0.3113
1749266623,0.31650000,1561.81000000,0.3113
1749266623,0.31660000,1721.63000000,0.3113
1749266623,0.31680000,765.00000000,0.3113
1749266623,0.31700000,1807.46000000,0.3113
1749266623,0.31720000,765.00000000,0.3113
1749266623,0.31730000,1721.63000000,0.3113
1749266623,0.31750000,8818.28000000,0.3113
1749266623,0.31760000,8121.15000000,0.3113
1749266623,0.31770000,611.46000000,0.3113
1749266623,0.31790000,765.00000000,0.3113
1749266623,0.31800000,956.63000000,0.3113
1749266623,0.31830000,765.00000000,0.3113
1749266623,0.31840000,19812.58000000,0.3113
1749266623,0.31850000,16378.42000000,0.3113
1749266623,0.31870000,956.63000000,0.3113
1749266623,0.31920000,326.44000000,0.3113
1749266623,0.31940000,1082.66000000,0.3113
1749266623,0.31990000,2955.62000000,0.3113
1749266623,0.32000000,30.43000000,0.3113
1749266623,0.32020000,22.32000000,0.3113
1749266623,0.32060000,535.45000000,0.3113
1749266623,0.32080000,2981.75000000,0.3113
1749266623,0.32090000,751.56000000,0.3113
1749266623,0.32120000,17.43000000,0.3113
1749266623,0.32240000,18.62000000,0.3113
1749266623,0.32250000,21.80000000,0.3113
1749266623,0.32280000,814.28000000,0.3113
1749266623,0.32320000,1953.34000000,0.3113
1749266623,0.32390000,46.31000000,0.3113
1749266623,0.32400000,3244.53000000,0.3113
1749266623,0.32410000,803.76000000,0.3113
1749266623,0.32510000,38.40000000,0.3113
1749266623,0.32590000,814.28000000,0.3113
1749266623,0.32630000,22.32000000,0.3113
1749266623,0.32700000,804.65000000,0.3113
1749266623,0.32710000,3233.45000000,0.3113
1749266623,0.32920000,17.01000000,0.3113
1749266623,0.33250000,22.32000000,0.3113
1749266623,0.33330000,13438.00000000,0.3113
1749266623,0.33500000,89.55000000,0.3113
1749266623,0.33720000,15.63000000,0.3113
1749266623,0.33780000,44.40000000,0.3113
1749266623,0.33800000,16.57000000,0.3113
1749266623,0.33890000,22.32000000,0.3113
1749266623,0.33940000,775.29000000,0.3113
1749266623,0.33980000,13101.88000000,0.3113
1749266623,0.34170000,90.42000000,0.3113
1749266623,0.34190000,38.40000000,0.3113
1749266623,0.34240000,128.52000000,0.3113
1749266623,0.34350000,21.00000000,0.3113
1749266623,0.34520000,15.94000000,0.3113
1749266623,0.34530000,22.32000000,0.3113
1749266623,0.34590000,38.11000000,0.3113
1749266623,0.34740000,845.18000000,0.3113
1749266623,0.34770000,16.11000000,0.3113
1749266623,0.34790000,186.64000000,0.3113
1749266925,0.31100000,765.00000000,0.3109
1749266925,0.31110000,2090.85000000,0.3109
1749266925,0.31120000,834.26000000,0.3109
1749266925,0.31130000,2780.85000000,0.3109
1749266925,0.31140000,1309.20000000,0.3109
1749266925,0.31150000,1245.61000000,0.3109
1749266925,0.31160000,6913.56000000,0.3109
1749266925,0.31170000,13079.55000000,0.3109
1749266925,0.31180000,1089.19000000,0.3109
1749266925,0.31190000,489.51000000,0.3109
1749266925,0.31200000,695.38000000,0.3109
1749266925,0.31210000,1089.19000000,0.3109
1749266925,0.31220000,1280.82000000,0.3109
1749266925,0.31230000,1089.30000000,0.3109
1749266925,0.31240000,8567.72000000,0.3109
1749266925,0.31250000,1280.93000000,0.3109
1749266925,0.31260000,1089.30000000,0.3109
1749266925,0.31270000,59114.43000000,0.3109
1749266925,0.31280000,1280.93000000,0.3109
1749266925,0.31290000,1089.30000000,0.3109
1749266925,0.31300000,727.45000000,0.3109
1749266925,0.31310000,6300.30000000,0.3109
1749266925,0.31320000,765.00000000,0.3109
1749266925,0.31340000,1191.89000000,0.3109
1749266925,0.31350000,1721.63000000,0.3109
1749266925,0.31360000,1296.00000000,0.3109
1749266925,0.31380000,1721.63000000,0.3109
1749266925,0.31390000,1044.37000000,0.3109
1749266925,0.31400000,765.00000000,0.3109
1749266925,0.31410000,10709.42000000,0.3109
1749266925,0.31420000,44902.73000000,0.3109
1749266925,0.31430000,956.63000000,0.3109
1749266925,0.31460000,765.00000000,0.3109
1749266925,0.31470000,1231.55000000,0.3109
1749266925,0.31480000,3994.32000000,0.3109
1749266925,0.31500000,1721.63000000,0.3109
1749266925,0.31510000,1576.58000000,0.3109
1749266925,0.31530000,765.00000000,0.3109
1749266925,0.31540000,3141.76000000,0.3109
1749266925,0.31550000,765.00000000,0.3109
1749266925,0.31560000,956.63000000,0.3109
1749266925,0.31570000,4560.41000000,0.3109
1749266925,0.31580000,10709.42000000,0.3109
1749266925,0.31590000,11521.58000000,0.3109
1749266925,0.31600000,956.63000000,0.3109
1749266925,0.31610000,126.03000000,0.3109
1749266925,0.31620000,765.00000000,0.3109
1749266925,0.31630000,956.63000000,0.3109
1749266925,0.31640000,1561.81000000,0.3109
1749266925,0.31650000,1561.81000000,0.3109
1749266925,0.31660000,1721.63000000,0.3109
1749266925,0.31670000,1035.14000000,0.3109
1749266925,0.31680000,765.00000000,0.3109
1749266925,0.31700000,10635.01000000,0.3109
1749266925,0.31710000,16442.52000000,0.3109
1749266925,0.31720000,765.00000000,0.3109
1749266925,0.31730000,2772.18000000,0.3109
1749266925,0.31760000,1901.17000000,0.3109
1749266925,0.31770000,611.46000000,0.3109
1749266925,0.31790000,765.00000000,0.3109
1749266925,0.31800000,956.63000000,0.3109
1749266925,0.31830000,765.00000000,0.3109
1749266925,0.31840000,19047.58000000,0.3109
1749266925,0.31850000,16378.42000000,0.3109
1749266925,0.31870000,956.63000000,0.3109
1749266925,0.31920000,326.44000000,0.3109
1749266925,0.31940000,956.63000000,0.3109
1749266925,0.31990000,2955.62000000,0.3109
1749266925,0.32000000,30.43000000,0.3109
1749266925,0.32020000,22.32000000,0.3109
1749266925,0.32060000,535.45000000,0.3109
1749266925,0.32080000,2981.75000000,0.3109
1749266925,0.32090000,751.56000000,0.3109
1749266925,0.32120000,17.43000000,0.3109
1749266925,0.32240000,18.62000000,0.3109
1749266925,0.32250000,21.80000000,0.3109
1749266925,0.32280000,814.28000000,0.3109
1749266925,0.32320000,1953.34000000,0.3109
1749266925,0.32390000,46.31000000,0.3109
1749266925,0.32400000,3244.53000000,0.3109
1749266925,0.32410000,803.76000000,0.3109
1749266925,0.32510000,38.40000000,0.3109
1749266925,0.32590000,814.28000000,0.3109
1749266925,0.32630000,22.32000000,0.3109
1749266925,0.32700000,804.65000000,0.3109
1749266925,0.32710000,3233.45000000,0.3109
1749266925,0.32920000,17.01000000,0.3109
1749266925,0.33250000,22.32000000,0.3109
1749266925,0.33330000,13438.00000000,0.3109
1749266925,0.33500000,89.55000000,0.3109
1749266925,0.33720000,15.63000000,0.3109
1749266925,0.33780000,44.40000000,0.3109
1749266925,0.33800000,16.57000000,0.3109
1749266925,0.33890000,22.32000000,0.3109
1749266925,0.33940000,775.29000000,0.3109
1749266925,0.33980000,13101.88000000,0.3109
1749266925,0.34170000,90.42000000,0.3109
1749266925,0.34190000,38.40000000,0.3109
1749266925,0.34240000,128.52000000,0.3109
1749266925,0.34350000,21.00000000,0.3109
1749267226,0.31090000,765.00000000,0.3107
1749267226,0.31100000,3033.36000000,0.3107
1749267226,0.31110000,3139.11000000,0.3107
1749267226,0.31120000,1706.32000000,0.3107
1749267226,0.31130000,3137.72000000,0.3107
1749267226,0.31140000,4009.69000000,0.3107
1749267226,0.31150000,12170.68000000,0.3107
1749267226,0.31160000,3213.95000000,0.3107
1749267226,0.31170000,956.63000000,0.3107
1749267226,0.31180000,1365.35000000,0.3107
1749267226,0.31190000,8310.15000000,0.3107
1749267226,0.31200000,1070.60000000,0.3107
1749267226,0.31210000,765.00000000,0.3107
1749267226,0.31220000,956.63000000,0.3107
1749267226,0.31230000,765.00000000,0.3107
1749267226,0.31240000,53326.68000000,0.3107
1749267226,0.31250000,956.63000000,0.3107
1749267226,0.31260000,765.00000000,0.3107
1749267226,0.31270000,6117.04000000,0.3107
1749267226,0.31280000,956.63000000,0.3107
1749267226,0.31290000,1181.33000000,0.3107
1749267226,0.31300000,727.45000000,0.3107
1749267226,0.31310000,7347.34000000,0.3107
1749267226,0.31340000,765.00000000,0.3107
1749267226,0.31350000,2252.63000000,0.3107
1749267226,0.31360000,765.00000000,0.3107
1749267226,0.31380000,1721.63000000,0.3107
1749267226,0.31400000,44959.11000000,0.3107
1749267226,0.31410000,10709.42000000,0.3107
1749267226,0.31420000,765.00000000,0.3107
1749267226,0.31430000,956.63000000,0.3107
1749267226,0.31460000,765.00000000,0.3107
1749267226,0.31470000,1231.55000000,0.3107
1749267226,0.31480000,765.00000000,0.3107
1749267226,0.31500000,1721.63000000,0.3107
1749267226,0.31510000,1576.58000000,0.3107
1749267226,0.31520000,765.00000000,0.3107
1749267226,0.31530000,1804.74000000,0.3107
1749267226,0.31540000,1221.19000000,0.3107
1749267226,0.31550000,765.00000000,0.3107
1749267226,0.31560000,956.63000000,0.3107
1749267226,0.31570000,4560.41000000,0.3107
1749267226,0.31580000,10709.42000000,0.3107
1749267226,0.31590000,11521.58000000,0.3107
1749267226,0.31600000,956.63000000,0.3107
1749267226,0.31610000,891.03000000,0.3107
1749267226,0.31620000,1827.09000000,0.3107
1749267226,0.31630000,956.63000000,0.3107
1749267226,0.31640000,1561.81000000,0.3107
1749267226,0.31650000,1561.81000000,0.3107
1749267226,0.31660000,1721.63000000,0.3107
1749267226,0.31680000,9603.77000000,0.3107
1749267226,0.31690000,6349.52000000,0.3107
1749267226,0.31700000,1807.46000000,0.3107
1749267226,0.31710000,16442.52000000,0.3107
1749267226,0.31720000,765.00000000,0.3107
1749267226,0.31730000,1721.63000000,0.3107
1749267226,0.31760000,1901.17000000,0.3107
1749267226,0.31770000,611.46000000,0.3107
1749267226,0.31790000,765.00000000,0.3107
1749267226,0.31800000,956.63000000,0.3107
1749267226,0.31830000,765.00000000,0.3107
1749267226,0.31840000,19047.58000000,0.3107
1749267226,0.31850000,16378.42000000,0.3107
1749267226,0.31870000,956.63000000,0.3107
1749267226,0.31920000,326.44000000,0.3107
1749267226,0.31940000,956.63000000,0.3107
1749267226,0.31990000,2955.62000000,0.3107
1749267226,0.32000000,30.43000000,0.3107
1749267226,0.32020000,22.32000000,0.3107
1749267226,0.32060000,535.45000000,0.3107
1749267226,0.32080000,2981.75000000,0.3107
1749267226,0.32090000,751.56000000,0.3107
1749267226,0.32120000,17.43000000,0.3107
1749267226,0.32240000,18.62000000,0.3107
1749267226,0.32250000,21.80000000,0.3107
1749267226,0.32280000,814.28000000,0.3107
1749267226,0.32320000,1953.34000000,0.3107
1749267226,0.32390000,46.31000000,0.3107
1749267226,0.32400000,3244.53000000,0.3107
1749267226,0.32410000,803.76000000,0.3107
1749267226,0.32510000,38.40000000,0.3107
1749267226,0.32530000,814.28000000,0.3107
1749267226,0.32630000,22.32000000,0.3107
1749267226,0.32700000,804.65000000,0.3107
1749267226,0.32710000,3233.45000000,0.3107
1749267226,0.32920000,17.01000000,0.3107
1749267226,0.33250000,22.32000000,0.3107
1749267226,0.33330000,13438.00000000,0.3107
1749267226,0.33500000,89.55000000,0.3107
1749267226,0.33720000,15.63000000,0.3107
1749267226,0.33780000,44.40000000,0.3107
1749267226,0.33800000,16.57000000,0.3107
1749267226,0.33890000,22.32000000,0.3107
1749267226,0.33940000,775.29000000,0.3107
1749267226,0.33980000,13101.88000000,0.3107
1749267226,0.34170000,90.42000000,0.3107
1749267226,0.34190000,38.40000000,0.3107
1749267226,0.34240000,128.52000000,0.3107
1749267226,0.34350000,21.00000000,0.3107
1749267528,0.31100000,765.00000000,0.3109
1749267528,0.31110000,24.92000000,0.3109
1749267528,0.31120000,3096.24000000,0.3109
1749267528,0.31130000,7038.43000000,0.3109
1749267528,0.31140000,2790.06000000,0.3109
1749267528,0.31150000,4636.34000000,0.3109
1749267528,0.31160000,4393.13000000,0.3109
1749267528,0.31170000,10119.78000000,0.3109
1749267528,0.31180000,1089.56000000,0.3109
1749267528,0.31190000,819.92000000,0.3109
1749267528,0.31200000,1395.16000000,0.3109
1749267528,0.31210000,1194.92000000,0.3109
1749267528,0.31220000,9588.91000000,0.3109
1749267528,0.31230000,1089.51000000,0.3109
1749267528,0.31240000,53326.68000000,0.3109
1749267528,0.31250000,1281.14000000,0.3109
1749267528,0.31260000,1089.51000000,0.3109
1749267528,0.31270000,6117.04000000,0.3109
1749267528,0.31280000,956.63000000,0.3109
1749267528,0.31290000,765.00000000,0.3109
1749267528,0.31300000,727.45000000,0.3109
1749267528,0.31310000,7347.34000000,0.3109
1749267528,0.31340000,1181.47000000,0.3109
1749267528,0.31350000,1721.63000000,0.3109
1749267528,0.31360000,765.00000000,0.3109
1749267528,0.31370000,531.00000000,0.3109
1749267528,0.31380000,1721.63000000,0.3109
1749267528,0.31400000,44959.11000000,0.3109
1749267528,0.31410000,10709.42000000,0.3109
1749267528,0.31420000,765.00000000,0.3109
1749267528,0.31430000,956.63000000,0.3109
1749267528,0.31460000,765.00000000,0.3109
1749267528,0.31470000,1231.55000000,0.3109
1749267528,0.31480000,2317.34000000,0.3109
1749267528,0.31500000,1721.63000000,0.3109
1749267528,0.31510000,1576.58000000,0.3109
1749267528,0.31520000,765.00000000,0.3109
1749267528,0.31530000,2933.83000000,0.3109
1749267528,0.31540000,1221.19000000,0.3109
1749267528,0.31550000,765.00000000,0.3109
1749267528,0.31560000,956.63000000,0.3109
1749267528,0.31570000,4560.41000000,0.3109
1749267528,0.31580000,10709.42000000,0.3109
1749267528,0.31590000,11521.58000000,0.3109
1749267528,0.31600000,956.63000000,0.3109
1749267528,0.31610000,891.03000000,0.3109
1749267528,0.31620000,1827.09000000,0.3109
1749267528,0.31630000,956.63000000,0.3109
1749267528,0.31640000,1561.81000000,0.3109
1749267528,0.31650000,1561.81000000,0.3109
1749267528,0.31660000,1721.63000000,0.3109
1749267528,0.31680000,9603.77000000,0.3109
1749267528,0.31690000,7881.33000000,0.3109
1749267528,0.31700000,1807.46000000,0.3109
1749267528,0.31710000,16442.52000000,0.3109
1749267528,0.31720000,765.00000000,0.3109
1749267528,0.31730000,1721.63000000,0.3109
1749267528,0.31760000,1901.17000000,0.3109
1749267528,0.31770000,611.46000000,0.3109
1749267528,0.31790000,765.00000000,0.3109
1749267528,0.31800000,956.63000000,0.3109
1749267528,0.31830000,765.00000000,0.3109
1749267528,0.31840000,19047.58000000,0.3109
1749267528,0.31850000,16378.42000000,0.3109
1749267528,0.31870000,956.63000000,0.3109
1749267528,0.31920000,326.44000000,0.3109
1749267528,0.31940000,956.63000000,0.3109
1749267528,0.31990000,2955.62000000,0.3109
1749267528,0.32000000,30.43000000,0.3109
1749267528,0.32020000,22.32000000,0.3109
1749267528,0.32060000,535.45000000,0.3109
1749267528,0.32080000,2981.75000000,0.3109
1749267528,0.32090000,751.56000000,0.3109
1749267528,0.32120000,17.43000000,0.3109
1749267528,0.32240000,18.62000000,0.3109
1749267528,0.32250000,21.80000000,0.3109
1749267528,0.32280000,814.28000000,0.3109
1749267528,0.32320000,1953.34000000,0.3109
1749267528,0.32390000,46.31000000,0.3109
1749267528,0.32400000,3244.53000000,0.3109
1749267528,0.32410000,803.76000000,0.3109
1749267528,0.32510000,38.40000000,0.3109
1749267528,0.32530000,814.28000000,0.3109
1749267528,0.32630000,22.32000000,0.3109
1749267528,0.32700000,804.65000000,0.3109
1749267528,0.32710000,3233.45000000,0.3109
1749267528,0.32920000,17.01000000,0.3109
1749267528,0.33250000,22.32000000,0.3109
1749267528,0.33330000,13438.00000000,0.3109
1749267528,0.33500000,89.55000000,0.3109
1749267528,0.33720000,15.63000000,0.3109
1749267528,0.33780000,44.40000000,0.3109
1749267528,0.33800000,16.57000000,0.3109
1749267528,0.33890000,22.32000000,0.3109
1749267528,0.33940000,775.29000000,0.3109
1749267528,0.33980000,13101.88000000,0.3109
1749267528,0.34170000,90.42000000,0.3109
1749267528,0.34190000,38.40000000,0.3109
1749267528,0.34240000,128.52000000,0.3109
1749267528,0.34350000,21.00000000,0.3109
1749267829,0.31150000,765.00000000,0.3115
1749267829,0.31160000,4503.27000000,0.3115
1749267829,0.31170000,6538.30000000,0.3115
1749267829,0.31180000,3596.89000000,0.3115
1749267829,0.31190000,2887.21000000,0.3115
1749267829,0.31200000,267.90000000,0.3115
1749267829,0.31210000,765.00000000,0.3115
1749267829,0.31220000,3833.17000000,0.3115
1749267829,0.31230000,9588.47000000,0.3115
1749267829,0.31240000,371.93000000,0.3115
1749267829,0.31250000,1453.98000000,0.3115
