timestamp,price,volume,current_price
1749260790,2.40500000,145.87000000,2.404
1749260790,2.40600000,966.44000000,2.404
1749260790,2.40700000,1531.27000000,2.404
1749260790,2.40800000,1492.21000000,2.404
1749260790,2.40900000,1278.97000000,2.404
1749260790,2.41000000,673.32000000,2.404
1749260790,2.41100000,1171.92000000,2.404
1749260790,2.41200000,976.51000000,2.404
1749260790,2.41300000,388.57000000,2.404
1749260790,2.41400000,919.24000000,2.404
1749260790,2.41500000,183.84000000,2.404
1749260790,2.41600000,474.12000000,2.404
1749260790,2.41700000,558.13000000,2.404
1749260790,2.41800000,212.22000000,2.404
1749260790,2.41900000,1980.73000000,2.404
1749260790,2.42000000,90.22000000,2.404
1749260790,2.42100000,1756.51000000,2.404
1749260790,2.42200000,3.13000000,2.404
1749260790,2.42300000,24.45000000,2.404
1749260790,2.42400000,253.74000000,2.404
1749260790,2.42500000,3.12000000,2.404
1749260790,2.42600000,3.12000000,2.404
1749260790,2.42700000,209.09000000,2.404
1749260790,2.42800000,54.06000000,2.404
1749260790,2.42900000,3.12000000,2.404
1749260790,2.43000000,211.27000000,2.404
1749260790,2.43100000,52.96000000,2.404
1749260790,2.43200000,11.23000000,2.404
1749260790,2.43300000,211.85000000,2.404
1749260790,2.43400000,75.13000000,2.404
1749260790,2.43500000,221.24000000,2.404
1749260790,2.43600000,208.45000000,2.404
1749260790,2.43800000,2151.58000000,2.404
1749260790,2.43900000,205.97000000,2.404
1749260790,2.44000000,10.05000000,2.404
1749260790,2.44200000,432.83000000,2.404
1749260790,2.44400000,5.82000000,2.404
1749260790,2.44500000,33.39000000,2.404
1749260790,2.44700000,2.77000000,2.404
1749260790,2.45000000,4.34000000,2.404
1749260790,2.45200000,2.52000000,2.404
1749260790,2.45300000,9.12000000,2.404
1749260790,2.45400000,2.18000000,2.404
1749260790,2.45600000,78.99000000,2.404
1749260790,2.45700000,2.85000000,2.404
1749260790,2.45800000,3.25000000,2.404
1749260790,2.46000000,11.64000000,2.404
1749260790,2.46100000,226.38000000,2.404
1749260790,2.46200000,36.82000000,2.404
1749260790,2.46300000,202.61000000,2.404
1749260790,2.46400000,2105.56000000,2.404
1749260790,2.46500000,11.71000000,2.404
1749260790,2.46600000,2.18000000,2.404
1749260790,2.46700000,58.31000000,2.404
1749260790,2.47000000,55.23000000,2.404
1749260790,2.47100000,406.44000000,2.404
1749260790,2.47300000,216.63000000,2.404
1749260790,2.47500000,121.38000000,2.404
1749260790,2.47600000,9.12000000,2.404
1749260790,2.47700000,2.85000000,2.404
1749260790,2.47800000,2.18000000,2.404
1749260790,2.47900000,32.93000000,2.404
1749260790,2.48000000,74.00000000,2.404
1749260790,2.48200000,2.48000000,2.404
1749260790,2.48700000,4.12000000,2.404
1749260790,2.48800000,24.10000000,2.404
1749260790,2.48900000,2.77000000,2.404
1749260790,2.49000000,423.42000000,2.404
1749260790,2.49100000,13.50000000,2.404
1749260790,2.49400000,389.38000000,2.404
1749260790,2.49500000,792.98000000,2.404
1749260790,2.49700000,32.69000000,2.404
1749260790,2.49800000,24.06000000,2.404
1749260790,2.49900000,208.84000000,2.404
1749260790,2.50000000,407.00000000,2.404
1749260790,2.50100000,217.80000000,2.404
1749260790,2.50200000,2.18000000,2.404
1749260790,2.50300000,2.77000000,2.404
1749260790,2.50400000,2.08000000,2.404
1749260790,2.50500000,7.18000000,2.404
1749260790,2.50700000,2.52000000,2.404
1749260790,2.50800000,21.93000000,2.404
1749260790,2.51000000,12.88000000,2.404
1749260790,2.51100000,2.23000000,2.404
1749260790,2.51300000,3.98000000,2.404
1749260790,2.51400000,34.65000000,2.404
1749260790,2.51600000,10.36000000,2.404
1749260790,2.51700000,102.52000000,2.404
1749260790,2.52000000,405.28000000,2.404
1749260790,2.52100000,14.47000000,2.404
1749260790,2.52200000,11.52000000,2.404
1749260790,2.52400000,6.29000000,2.404
1749260790,2.52500000,6.54000000,2.404
1749260790,2.52600000,2.18000000,2.404
1749260790,2.52700000,2.85000000,2.404
1749260790,2.52800000,2.48000000,2.404
1749260790,2.53000000,2.77000000,2.404
1749260790,2.53200000,36.44000000,2.404
1749260790,2.53300000,13.98000000,2.404
1749260790,2.53800000,2.18000000,2.404
1749261110,2.40500000,4464.24000000,2.403
1749261110,2.40600000,784.64000000,2.403
1749261110,2.40700000,700.15000000,2.403
1749261110,2.40800000,1061.35000000,2.403
1749261110,2.40900000,1710.25000000,2.403
1749261110,2.41000000,1271.88000000,2.403
1749261110,2.41100000,1372.28000000,2.403
1749261110,2.41200000,576.47000000,2.403
1749261110,2.41300000,857.26000000,2.403
1749261110,2.41400000,889.40000000,2.403
1749261110,2.41500000,183.36000000,2.403
1749261110,2.41600000,773.89000000,2.403
1749261110,2.41700000,36.67000000,2.403
1749261110,2.41800000,212.22000000,2.403
1749261110,2.41900000,1981.49000000,2.403
1749261110,2.42000000,1554.70000000,2.403
1749261110,2.42100000,212.22000000,2.403
1749261110,2.42200000,6.25000000,2.403
1749261110,2.42300000,98.61000000,2.403
1749261110,2.42400000,253.74000000,2.403
1749261110,2.42500000,3.12000000,2.403
1749261110,2.42600000,3.12000000,2.403
1749261110,2.42700000,296.18000000,2.403
1749261110,2.42800000,54.06000000,2.403
1749261110,2.42900000,3.12000000,2.403
1749261110,2.43000000,211.27000000,2.403
1749261110,2.43100000,52.96000000,2.403
1749261110,2.43200000,11.23000000,2.403
1749261110,2.43300000,211.85000000,2.403
1749261110,2.43400000,75.13000000,2.403
1749261110,2.43500000,221.24000000,2.403
1749261110,2.43600000,208.45000000,2.403
1749261110,2.43800000,2152.44000000,2.403
1749261110,2.43900000,205.97000000,2.403
1749261110,2.44000000,10.05000000,2.403
1749261110,2.44200000,432.83000000,2.403
1749261110,2.44400000,5.82000000,2.403
1749261110,2.44500000,33.39000000,2.403
1749261110,2.44700000,2.77000000,2.403
1749261110,2.45000000,4.34000000,2.403
1749261110,2.45200000,2.52000000,2.403
1749261110,2.45300000,9.12000000,2.403
1749261110,2.45400000,2.18000000,2.403
1749261110,2.45600000,78.99000000,2.403
1749261110,2.45700000,2.85000000,2.403
1749261110,2.45800000,3.25000000,2.403
1749261110,2.46000000,11.64000000,2.403
1749261110,2.46100000,226.38000000,2.403
1749261110,2.46200000,36.82000000,2.403
1749261110,2.46300000,202.61000000,2.403
1749261110,2.46400000,2105.56000000,2.403
1749261110,2.46500000,11.71000000,2.403
1749261110,2.46600000,2.18000000,2.403
1749261110,2.47000000,55.23000000,2.403
1749261110,2.47100000,6.84000000,2.403
1749261110,2.47300000,216.63000000,2.403
1749261110,2.47400000,58.31000000,2.403
1749261110,2.47500000,22.65000000,2.403
1749261110,2.47600000,9.12000000,2.403
1749261110,2.47700000,2.85000000,2.403
1749261110,2.47800000,401.78000000,2.403
1749261110,2.47900000,32.93000000,2.403
1749261110,2.48000000,74.00000000,2.403
1749261110,2.48200000,101.21000000,2.403
1749261110,2.48700000,4.12000000,2.403
1749261110,2.48800000,24.10000000,2.403
1749261110,2.48900000,2.77000000,2.403
1749261110,2.49000000,423.42000000,2.403
1749261110,2.49100000,13.50000000,2.403
1749261110,2.49500000,792.98000000,2.403
1749261110,2.49700000,32.69000000,2.403
1749261110,2.49800000,24.06000000,2.403
1749261110,2.49900000,208.84000000,2.403
1749261110,2.50000000,407.00000000,2.403
1749261110,2.50100000,607.18000000,2.403
1749261110,2.50200000,2.18000000,2.403
1749261110,2.50300000,2.77000000,2.403
1749261110,2.50400000,2.08000000,2.403
1749261110,2.50500000,7.18000000,2.403
1749261110,2.50700000,2.52000000,2.403
1749261110,2.50800000,21.93000000,2.403
1749261110,2.51000000,12.88000000,2.403
1749261110,2.51100000,2.23000000,2.403
1749261110,2.51300000,3.98000000,2.403
1749261110,2.51400000,34.65000000,2.403
1749261110,2.51600000,10.36000000,2.403
1749261110,2.52000000,405.28000000,2.403
1749261110,2.52100000,14.47000000,2.403
1749261110,2.52200000,11.52000000,2.403
1749261110,2.52400000,108.81000000,2.403
1749261110,2.52500000,6.54000000,2.403
1749261110,2.52600000,2.18000000,2.403
1749261110,2.52700000,2.85000000,2.403
1749261110,2.52800000,2.48000000,2.403
1749261110,2.53000000,2.77000000,2.403
1749261110,2.53200000,36.44000000,2.403
1749261110,2.53300000,13.98000000,2.403
1749261110,2.53800000,2.18000000,2.403
1749261110,2.54000000,419.60000000,2.403
1749261110,2.54100000,7.59000000,2.403
1749261428,2.40400000,649.44000000,2.403
1749261428,2.40500000,4490.57000000,2.403
1749261428,2.40600000,1118.50000000,2.403
1749261428,2.40700000,600.34000000,2.403
1749261428,2.40800000,1474.61000000,2.403
1749261428,2.40900000,1569.94000000,2.403
1749261428,2.41000000,1547.06000000,2.403
1749261428,2.41100000,1332.67000000,2.403
1749261428,2.41200000,542.06000000,2.403
1749261428,2.41300000,295.22000000,2.403
1749261428,2.41400000,1126.25000000,2.403
1749261428,2.41500000,183.84000000,2.403
1749261428,2.41600000,596.75000000,2.403
1749261428,2.41700000,183.87000000,2.403
1749261428,2.41800000,2186.01000000,2.403
1749261428,2.41900000,8.43000000,2.403
1749261428,2.42000000,1554.70000000,2.403
1749261428,2.42100000,212.22000000,2.403
1749261428,2.42200000,6.25000000,2.403
1749261428,2.42300000,98.61000000,2.403
1749261428,2.42400000,253.74000000,2.403
1749261428,2.42500000,3.12000000,2.403
1749261428,2.42600000,3.12000000,2.403
1749261428,2.42700000,296.18000000,2.403
1749261428,2.42800000,54.06000000,2.403
1749261428,2.42900000,3.12000000,2.403
1749261428,2.43000000,211.27000000,2.403
1749261428,2.43100000,52.96000000,2.403
1749261428,2.43200000,11.23000000,2.403
1749261428,2.43300000,211.85000000,2.403
1749261428,2.43400000,75.13000000,2.403
1749261428,2.43500000,221.24000000,2.403
1749261428,2.43600000,208.45000000,2.403
1749261428,2.43700000,2153.45000000,2.403
1749261428,2.43900000,205.97000000,2.403
1749261428,2.44000000,10.05000000,2.403
1749261428,2.44200000,432.83000000,2.403
1749261428,2.44400000,5.82000000,2.403
1749261428,2.44500000,33.39000000,2.403
1749261428,2.44700000,2.77000000,2.403
1749261428,2.45000000,4.34000000,2.403
1749261428,2.45200000,2.52000000,2.403
1749261428,2.45300000,9.12000000,2.403
1749261428,2.45400000,2.18000000,2.403
1749261428,2.45600000,78.99000000,2.403
1749261428,2.45700000,2.85000000,2.403
1749261428,2.45800000,3.25000000,2.403
1749261428,2.46000000,11.64000000,2.403
1749261428,2.46100000,226.38000000,2.403
1749261428,2.46200000,36.82000000,2.403
1749261428,2.46300000,202.61000000,2.403
1749261428,2.46400000,2105.56000000,2.403
1749261428,2.46500000,11.71000000,2.403
1749261428,2.46600000,2.18000000,2.403
1749261428,2.47000000,55.23000000,2.403
1749261428,2.47100000,6.84000000,2.403
1749261428,2.47300000,216.63000000,2.403
1749261428,2.47400000,58.31000000,2.403
1749261428,2.47500000,22.65000000,2.403
1749261428,2.47600000,9.12000000,2.403
1749261428,2.47700000,2.85000000,2.403
1749261428,2.47800000,401.78000000,2.403
1749261428,2.47900000,32.93000000,2.403
1749261428,2.48000000,74.00000000,2.403
1749261428,2.48200000,101.21000000,2.403
1749261428,2.48700000,4.12000000,2.403
1749261428,2.48800000,24.10000000,2.403
1749261428,2.48900000,2.77000000,2.403
1749261428,2.49000000,423.42000000,2.403
1749261428,2.49100000,13.50000000,2.403
1749261428,2.49500000,792.98000000,2.403
1749261428,2.49700000,32.69000000,2.403
1749261428,2.49800000,24.06000000,2.403
1749261428,2.49900000,208.84000000,2.403
1749261428,2.50000000,407.00000000,2.403
1749261428,2.50100000,607.18000000,2.403
1749261428,2.50200000,2.18000000,2.403
1749261428,2.50300000,2.77000000,2.403
1749261428,2.50400000,2.08000000,2.403
1749261428,2.50500000,7.18000000,2.403
1749261428,2.50700000,2.52000000,2.403
1749261428,2.50800000,21.93000000,2.403
1749261428,2.51000000,12.88000000,2.403
1749261428,2.51100000,2.23000000,2.403
1749261428,2.51300000,3.98000000,2.403
1749261428,2.51400000,34.65000000,2.403
1749261428,2.51600000,10.36000000,2.403
1749261428,2.52000000,405.28000000,2.403
1749261428,2.52100000,14.47000000,2.403
1749261428,2.52200000,11.52000000,2.403
1749261428,2.52400000,108.81000000,2.403
1749261428,2.52500000,6.54000000,2.403
1749261428,2.52600000,2.18000000,2.403
1749261428,2.52700000,2.85000000,2.403
1749261428,2.52800000,2.48000000,2.403
1749261428,2.53000000,2.77000000,2.403
1749261428,2.53200000,36.44000000,2.403
1749261428,2.53300000,13.98000000,2.403
1749261428,2.53800000,2.18000000,2.403
1749261428,2.54000000,419.60000000,2.403
1749261739,2.40100000,630.00000000,2.4
1749261739,2.40200000,1124.21000000,2.4
1749261739,2.40300000,854.12000000,2.4
1749261739,2.40400000,2536.37000000,2.4
1749261739,2.40500000,4880.49000000,2.4
1749261739,2.40600000,1334.63000000,2.4
1749261739,2.40700000,180.10000000,2.4
1749261739,2.40800000,489.32000000,2.4
1749261739,2.40900000,6.24000000,2.4
1749261739,2.41000000,1127.00000000,2.4
1749261739,2.41100000,1561.70000000,2.4
1749261739,2.41200000,230.10000000,2.4
1749261739,2.41300000,92.76000000,2.4
1749261739,2.41400000,2232.77000000,2.4
1749261739,2.41500000,6.22000000,2.4
1749261739,2.41600000,596.75000000,2.4
1749261739,2.41700000,6.25000000,2.4
1749261739,2.41800000,212.22000000,2.4
1749261739,2.41900000,8.43000000,2.4
1749261739,2.42000000,93.34000000,2.4
1749261739,2.42100000,209.10000000,2.4
1749261739,2.42200000,3.13000000,2.4
1749261739,2.42300000,24.45000000,2.4
1749261739,2.42400000,209.10000000,2.4
1749261739,2.42500000,3.12000000,2.4
1749261739,2.42600000,3.12000000,2.4
1749261739,2.42700000,209.09000000,2.4
1749261739,2.42800000,54.06000000,2.4
1749261739,2.42900000,3.12000000,2.4
1749261739,2.43000000,211.27000000,2.4
1749261739,2.43100000,52.96000000,2.4
1749261739,2.43200000,11.23000000,2.4
1749261739,2.43300000,2367.82000000,2.4
1749261739,2.43400000,75.13000000,2.4
1749261739,2.43500000,221.24000000,2.4
1749261739,2.43600000,208.45000000,2.4
1749261739,2.43700000,426.53000000,2.4
1749261739,2.43900000,205.97000000,2.4
1749261739,2.44000000,10.05000000,2.4
1749261739,2.44200000,6.30000000,2.4
1749261739,2.44400000,5.82000000,2.4
1749261739,2.44500000,33.39000000,2.4
1749261739,2.44700000,2.77000000,2.4
1749261739,2.45000000,4.34000000,2.4
1749261739,2.45200000,2.52000000,2.4
1749261739,2.45300000,9.12000000,2.4
1749261739,2.45400000,2.18000000,2.4
1749261739,2.45600000,78.99000000,2.4
1749261739,2.45700000,2.85000000,2.4
1749261739,2.45800000,3.25000000,2.4
1749261739,2.46000000,11.64000000,2.4
1749261739,2.46100000,226.38000000,2.4
1749261739,2.46200000,36.82000000,2.4
1749261739,2.46300000,202.61000000,2.4
1749261739,2.46400000,2105.56000000,2.4
1749261739,2.46500000,11.71000000,2.4
1749261739,2.46600000,2.18000000,2.4
1749261739,2.46700000,58.31000000,2.4
1749261739,2.47000000,55.23000000,2.4
1749261739,2.47100000,406.44000000,2.4
1749261739,2.47300000,216.63000000,2.4
1749261739,2.47500000,121.38000000,2.4
1749261739,2.47600000,9.12000000,2.4
1749261739,2.47700000,2.85000000,2.4
1749261739,2.47800000,2.18000000,2.4
1749261739,2.47900000,32.93000000,2.4
1749261739,2.48000000,74.00000000,2.4
1749261739,2.48200000,2.48000000,2.4
1749261739,2.48700000,4.12000000,2.4
1749261739,2.48800000,24.10000000,2.4
1749261739,2.48900000,2.77000000,2.4
1749261739,2.49000000,423.42000000,2.4
1749261739,2.49100000,13.50000000,2.4
1749261739,2.49500000,792.98000000,2.4
1749261739,2.49700000,32.69000000,2.4
1749261739,2.49800000,24.06000000,2.4
1749261739,2.49900000,208.84000000,2.4
1749261739,2.50000000,407.00000000,2.4
1749261739,2.50100000,607.18000000,2.4
1749261739,2.50200000,2.18000000,2.4
1749261739,2.50300000,2.77000000,2.4
1749261739,2.50400000,2.08000000,2.4
1749261739,2.50500000,7.18000000,2.4
1749261739,2.50700000,2.52000000,2.4
1749261739,2.50800000,21.93000000,2.4
1749261739,2.51000000,12.88000000,2.4
1749261739,2.51100000,2.23000000,2.4
1749261739,2.51300000,3.98000000,2.4
1749261739,2.51400000,34.65000000,2.4
1749261739,2.51600000,10.36000000,2.4
1749261739,2.52000000,405.28000000,2.4
1749261739,2.52100000,14.47000000,2.4
1749261739,2.52200000,11.52000000,2.4
1749261739,2.52400000,108.81000000,2.4
1749261739,2.52500000,6.54000000,2.4
1749261739,2.52600000,2.18000000,2.4
1749261739,2.52700000,2.85000000,2.4
1749261739,2.52800000,2.48000000,2.4
1749261739,2.53000000,2.77000000,2.4
1749261739,2.53200000,36.44000000,2.4
1749262046,2.39800000,389.47000000,2.396
1749262046,2.39900000,1071.74000000,2.396
1749262046,2.40000000,968.71000000,2.396
1749262046,2.40100000,1141.99000000,2.396
1749262046,2.40200000,898.47000000,2.396
1749262046,2.40300000,1344.92000000,2.396
1749262046,2.40400000,2278.61000000,2.396
1749262046,2.40500000,3804.65000000,2.396
1749262046,2.40600000,1305.65000000,2.396
1749262046,2.40700000,184.26000000,2.396
1749262046,2.40800000,390.20000000,2.396
1749262046,2.40900000,184.23000000,2.396
1749262046,2.41000000,1947.74000000,2.396
1749262046,2.41100000,2360.35000000,2.396
1749262046,2.41200000,230.10000000,2.396
1749262046,2.41300000,92.76000000,2.396
1749262046,2.41400000,256.83000000,2.396
1749262046,2.41500000,6.22000000,2.396
1749262046,2.41600000,222.34000000,2.396
1749262046,2.41700000,3.13000000,2.396
1749262046,2.41800000,258.94000000,2.396
1749262046,2.41900000,5.31000000,2.396
1749262046,2.42000000,90.22000000,2.396
1749262046,2.42100000,209.10000000,2.396
1749262046,2.42200000,3.13000000,2.396
1749262046,2.42300000,24.45000000,2.396
1749262046,2.42400000,209.10000000,2.396
1749262046,2.42500000,3.12000000,2.396
1749262046,2.42600000,3.12000000,2.396
1749262046,2.42700000,209.09000000,2.396
1749262046,2.42800000,54.06000000,2.396
1749262046,2.42900000,3.12000000,2.396
1749262046,2.43000000,211.27000000,2.396
1749262046,2.43100000,2161.99000000,2.396
1749262046,2.43200000,437.76000000,2.396
1749262046,2.43300000,211.85000000,2.396
1749262046,2.43400000,75.13000000,2.396
1749262046,2.43500000,221.24000000,2.396
1749262046,2.43600000,2.48000000,2.396
1749262046,2.44000000,10.05000000,2.396
1749262046,2.44200000,6.30000000,2.396
1749262046,2.44400000,5.82000000,2.396
1749262046,2.44500000,33.39000000,2.396
1749262046,2.44700000,2.77000000,2.396
1749262046,2.44900000,78.99000000,2.396
1749262046,2.45000000,4.34000000,2.396
1749262046,2.45200000,2.52000000,2.396
1749262046,2.45300000,9.12000000,2.396
1749262046,2.45400000,222.54000000,2.396
1749262046,2.45700000,2.85000000,2.396
1749262046,2.45800000,3.25000000,2.396
1749262046,2.46000000,11.64000000,2.396
1749262046,2.46100000,6.02000000,2.396
1749262046,2.46200000,36.82000000,2.396
1749262046,2.46300000,202.61000000,2.396
1749262046,2.46400000,2105.56000000,2.396
1749262046,2.46500000,11.71000000,2.396
1749262046,2.46600000,218.81000000,2.396
1749262046,2.46700000,58.31000000,2.396
1749262046,2.47000000,55.23000000,2.396
1749262046,2.47100000,406.44000000,2.396
1749262046,2.47500000,121.38000000,2.396
1749262046,2.47600000,9.12000000,2.396
1749262046,2.47700000,2.85000000,2.396
1749262046,2.47800000,2.18000000,2.396
1749262046,2.47900000,32.93000000,2.396
1749262046,2.48000000,74.00000000,2.396
1749262046,2.48200000,2.48000000,2.396
1749262046,2.48700000,4.12000000,2.396
1749262046,2.48800000,24.10000000,2.396
1749262046,2.48900000,2.77000000,2.396
1749262046,2.49000000,423.42000000,2.396
1749262046,2.49100000,13.50000000,2.396
1749262046,2.49400000,389.38000000,2.396
1749262046,2.49500000,792.98000000,2.396
1749262046,2.49700000,32.69000000,2.396
1749262046,2.49800000,24.06000000,2.396
1749262046,2.49900000,208.84000000,2.396
1749262046,2.50000000,407.00000000,2.396
1749262046,2.50100000,217.80000000,2.396
1749262046,2.50200000,2.18000000,2.396
1749262046,2.50300000,2.77000000,2.396
1749262046,2.50400000,2.08000000,2.396
1749262046,2.50500000,7.18000000,2.396
1749262046,2.50700000,2.52000000,2.396
1749262046,2.50800000,21.93000000,2.396
1749262046,2.51000000,12.88000000,2.396
1749262046,2.51100000,2.23000000,2.396
1749262046,2.51300000,396.25000000,2.396
1749262046,2.51400000,34.65000000,2.396
1749262046,2.51600000,10.36000000,2.396
1749262046,2.51700000,102.52000000,2.396
1749262046,2.52000000,13.01000000,2.396
1749262046,2.52100000,14.47000000,2.396
1749262046,2.52200000,11.52000000,2.396
1749262046,2.52400000,6.29000000,2.396
1749262046,2.52500000,6.54000000,2.396
1749262046,2.52600000,2.18000000,2.396
1749262046,2.52700000,2.85000000,2.396
1749262046,2.52800000,2.48000000,2.396
1749262348,2.40400000,690.60000000,2.403
1749262348,2.40500000,4795.24000000,2.403
1749262348,2.40600000,1367.45000000,2.403
1749262348,2.40700000,866.43000000,2.403
1749262348,2.40800000,644.12000000,2.403
1749262348,2.40900000,1122.06000000,2.403
1749262348,2.41000000,1053.21000000,2.403
1749262348,2.41100000,480.43000000,2.403
1749262348,2.41200000,679.04000000,2.403
1749262348,2.41300000,92.76000000,2.403
1749262348,2.41400000,1765.03000000,2.403
1749262348,2.41500000,6.22000000,2.403
1749262348,2.41600000,222.34000000,2.403
1749262348,2.41700000,1977.70000000,2.403
1749262348,2.41800000,258.94000000,2.403
1749262348,2.41900000,5.31000000,2.403
1749262348,2.42000000,90.22000000,2.403
1749262348,2.42100000,209.10000000,2.403
1749262348,2.42200000,3.13000000,2.403
1749262348,2.42300000,24.45000000,2.403
1749262348,2.42400000,253.74000000,2.403
1749262348,2.42500000,3.12000000,2.403
1749262348,2.42600000,3.12000000,2.403
1749262348,2.42700000,209.09000000,2.403
1749262348,2.42800000,54.06000000,2.403
1749262348,2.42900000,3.12000000,2.403
1749262348,2.43000000,211.27000000,2.403
1749262348,2.43100000,3.12000000,2.403
1749262348,2.43200000,11.23000000,2.403
1749262348,2.43300000,211.85000000,2.403
1749262348,2.43400000,75.13000000,2.403
1749262348,2.43500000,221.24000000,2.403
1749262348,2.43600000,2.48000000,2.403
1749262348,2.43700000,2580.50000000,2.403
1749262348,2.44000000,10.05000000,2.403
1749262348,2.44200000,6.30000000,2.403
1749262348,2.44400000,5.82000000,2.403
1749262348,2.44500000,33.39000000,2.403
1749262348,2.44700000,2.77000000,2.403
1749262348,2.44900000,78.99000000,2.403
1749262348,2.45000000,4.34000000,2.403
1749262348,2.45200000,2.52000000,2.403
1749262348,2.45300000,9.12000000,2.403
1749262348,2.45400000,222.54000000,2.403
1749262348,2.45700000,2.85000000,2.403
1749262348,2.45800000,3.25000000,2.403
1749262348,2.46000000,11.64000000,2.403
1749262348,2.46100000,6.02000000,2.403
1749262348,2.46200000,36.82000000,2.403
1749262348,2.46300000,202.61000000,2.403
1749262348,2.46400000,2105.56000000,2.403
1749262348,2.46500000,11.71000000,2.403
1749262348,2.46600000,218.81000000,2.403
1749262348,2.46700000,58.31000000,2.403
1749262348,2.47000000,55.23000000,2.403
1749262348,2.47100000,406.44000000,2.403
1749262348,2.47500000,121.38000000,2.403
1749262348,2.47600000,9.12000000,2.403
1749262348,2.47700000,2.85000000,2.403
1749262348,2.47800000,2.18000000,2.403
1749262348,2.47900000,32.93000000,2.403
1749262348,2.48000000,74.00000000,2.403
1749262348,2.48200000,2.48000000,2.403
1749262348,2.48700000,4.12000000,2.403
1749262348,2.48800000,24.10000000,2.403
1749262348,2.48900000,2.77000000,2.403
1749262348,2.49000000,423.42000000,2.403
1749262348,2.49100000,13.50000000,2.403
1749262348,2.49400000,389.38000000,2.403
1749262348,2.49500000,792.98000000,2.403
1749262348,2.49700000,32.69000000,2.403
1749262348,2.49800000,24.06000000,2.403
1749262348,2.49900000,208.84000000,2.403
1749262348,2.50000000,407.00000000,2.403
1749262348,2.50100000,217.80000000,2.403
1749262348,2.50200000,2.18000000,2.403
1749262348,2.50300000,2.77000000,2.403
1749262348,2.50400000,2.08000000,2.403
1749262348,2.50500000,7.18000000,2.403
1749262348,2.50700000,2.52000000,2.403
1749262348,2.50800000,21.93000000,2.403
1749262348,2.51000000,12.88000000,2.403
1749262348,2.51100000,2.23000000,2.403
1749262348,2.51300000,396.25000000,2.403
1749262348,2.51400000,34.65000000,2.403
1749262348,2.51600000,10.36000000,2.403
1749262348,2.51700000,102.52000000,2.403
1749262348,2.52000000,13.01000000,2.403
1749262348,2.52100000,14.47000000,2.403
1749262348,2.52200000,11.52000000,2.403
1749262348,2.52400000,6.29000000,2.403
1749262348,2.52500000,6.54000000,2.403
1749262348,2.52600000,2.18000000,2.403
1749262348,2.52700000,2.85000000,2.403
1749262348,2.52800000,2.48000000,2.403
1749262348,2.53000000,2.77000000,2.403
1749262348,2.53200000,36.44000000,2.403
1749262348,2.53300000,13.98000000,2.403
1749262348,2.53800000,2.18000000,2.403
1749262348,2.54000000,419.60000000,2.403
1749262649,2.40600000,99.00000000,2.405
1749262649,2.40700000,889.90000000,2.405
1749262649,2.40800000,1410.45000000,2.405
1749262649,2.40900000,1746.14000000,2.405
1749262649,2.41000000,359.52000000,2.405
1749262649,2.41100000,605.94000000,2.405
1749262649,2.41200000,1643.68000000,2.405
1749262649,2.41300000,644.41000000,2.405
1749262649,2.41400000,488.81000000,2.405
1749262649,2.41500000,923.78000000,2.405
1749262649,2.41600000,499.07000000,2.405
1749262649,2.41700000,782.98000000,2.405
1749262649,2.41800000,389.84000000,2.405
1749262649,2.41900000,185.90000000,2.405
1749262649,2.42000000,2062.19000000,2.405
1749262649,2.42100000,283.26000000,2.405
1749262649,2.42200000,376.61000000,2.405
1749262649,2.42300000,24.45000000,2.405
1749262649,2.42400000,1798.78000000,2.405
1749262649,2.42500000,3.12000000,2.405
1749262649,2.42600000,3.12000000,2.405
1749262649,2.42700000,209.09000000,2.405
1749262649,2.42800000,54.06000000,2.405
1749262649,2.42900000,3.12000000,2.405
1749262649,2.43000000,211.27000000,2.405
1749262649,2.43100000,52.96000000,2.405
1749262649,2.43200000,11.23000000,2.405
1749262649,2.43300000,211.85000000,2.405
1749262649,2.43400000,75.13000000,2.405
1749262649,2.43500000,221.24000000,2.405
1749262649,2.43600000,2.48000000,2.405
1749262649,2.43900000,2150.63000000,2.405
1749262649,2.44000000,10.05000000,2.405
1749262649,2.44200000,432.83000000,2.405
1749262649,2.44400000,5.82000000,2.405
1749262649,2.44500000,33.39000000,2.405
1749262649,2.44700000,2.77000000,2.405
1749262649,2.45000000,4.34000000,2.405
1749262649,2.45200000,2.52000000,2.405
1749262649,2.45300000,9.12000000,2.405
1749262649,2.45400000,2.18000000,2.405
1749262649,2.45700000,81.84000000,2.405
1749262649,2.45800000,3.25000000,2.405
1749262649,2.46000000,11.64000000,2.405
1749262649,2.46100000,6.02000000,2.405
1749262649,2.46200000,257.18000000,2.405
1749262649,2.46300000,202.61000000,2.405
1749262649,2.46400000,2105.56000000,2.405
1749262649,2.46500000,11.71000000,2.405
1749262649,2.46600000,2.18000000,2.405
1749262649,2.47000000,55.23000000,2.405
1749262649,2.47100000,406.44000000,2.405
1749262649,2.47300000,216.63000000,2.405
1749262649,2.47400000,58.31000000,2.405
1749262649,2.47500000,121.38000000,2.405
1749262649,2.47600000,9.12000000,2.405
1749262649,2.47700000,2.85000000,2.405
1749262649,2.47800000,2.18000000,2.405
1749262649,2.47900000,32.93000000,2.405
1749262649,2.48000000,74.00000000,2.405
1749262649,2.48200000,2.48000000,2.405
1749262649,2.48700000,4.12000000,2.405
1749262649,2.48800000,24.10000000,2.405
1749262649,2.48900000,2.77000000,2.405
1749262649,2.49000000,423.42000000,2.405
1749262649,2.49100000,13.50000000,2.405
1749262649,2.49500000,792.98000000,2.405
1749262649,2.49700000,32.69000000,2.405
1749262649,2.49800000,24.06000000,2.405
1749262649,2.49900000,208.84000000,2.405
1749262649,2.50000000,407.00000000,2.405
1749262649,2.50100000,607.18000000,2.405
1749262649,2.50200000,2.18000000,2.405
1749262649,2.50300000,2.77000000,2.405
1749262649,2.50400000,2.08000000,2.405
1749262649,2.50500000,7.18000000,2.405
1749262649,2.50700000,2.52000000,2.405
1749262649,2.50800000,21.93000000,2.405
1749262649,2.51000000,12.88000000,2.405
1749262649,2.51100000,2.23000000,2.405
1749262649,2.51300000,3.98000000,2.405
1749262649,2.51400000,34.65000000,2.405
1749262649,2.51600000,10.36000000,2.405
1749262649,2.52000000,405.28000000,2.405
1749262649,2.52100000,14.47000000,2.405
1749262649,2.52200000,11.52000000,2.405
1749262649,2.52400000,108.81000000,2.405
1749262649,2.52500000,6.54000000,2.405
1749262649,2.52600000,2.18000000,2.405
1749262649,2.52700000,2.85000000,2.405
1749262649,2.52800000,2.48000000,2.405
1749262649,2.53000000,2.77000000,2.405
1749262649,2.53200000,36.44000000,2.405
1749262649,2.53300000,13.98000000,2.405
1749262649,2.53800000,2.18000000,2.405
1749262649,2.54000000,419.60000000,2.405
1749262649,2.54100000,7.59000000,2.405
1749262649,2.54200000,6.91000000,2.405
1749262649,2.54300000,4.95000000,2.405
1749262649,2.54400000,15.80000000,2.405
1749262951,2.40500000,130.90000000,2.404
1749262951,2.40600000,962.98000000,2.404
1749262951,2.40700000,756.31000000,2.404
1749262951,2.40800000,816.01000000,2.404
1749262951,2.40900000,1038.91000000,2.404
1749262951,2.41000000,1035.94000000,2.404
1749262951,2.41100000,945.88000000,2.404
1749262951,2.41200000,804.87000000,2.404
1749262951,2.41300000,906.94000000,2.404
1749262951,2.41400000,311.19000000,2.404
1749262951,2.41500000,420.11000000,2.404
1749262951,2.41600000,222.34000000,2.404
1749262951,2.41700000,1555.76000000,2.404
1749262951,2.41800000,212.22000000,2.404
1749262951,2.41900000,1980.92000000,2.404
1749262951,2.42000000,90.22000000,2.404
1749262951,2.42100000,283.26000000,2.404
1749262951,2.42200000,376.61000000,2.404
1749262951,2.42300000,24.45000000,2.404
1749262951,2.42400000,253.74000000,2.404
1749262951,2.42500000,3.12000000,2.404
1749262951,2.42600000,3.12000000,2.404
1749262951,2.42700000,209.09000000,2.404
1749262951,2.42800000,54.06000000,2.404
1749262951,2.42900000,3.12000000,2.404
1749262951,2.43000000,211.27000000,2.404
1749262951,2.43100000,52.96000000,2.404
1749262951,2.43200000,11.23000000,2.404
1749262951,2.43300000,211.85000000,2.404
1749262951,2.43400000,75.13000000,2.404
1749262951,2.43500000,221.24000000,2.404
1749262951,2.43600000,2.48000000,2.404
1749262951,2.43800000,2151.95000000,2.404
1749262951,2.44000000,10.05000000,2.404
1749262951,2.44200000,432.83000000,2.404
1749262951,2.44400000,5.82000000,2.404
1749262951,2.44500000,33.39000000,2.404
1749262951,2.44700000,2.77000000,2.404
1749262951,2.45000000,4.34000000,2.404
1749262951,2.45200000,2.52000000,2.404
1749262951,2.45300000,9.12000000,2.404
1749262951,2.45400000,2.18000000,2.404
1749262951,2.45700000,81.84000000,2.404
1749262951,2.45800000,3.25000000,2.404
1749262951,2.46000000,11.64000000,2.404
1749262951,2.46100000,6.02000000,2.404
1749262951,2.46200000,257.18000000,2.404
1749262951,2.46300000,202.61000000,2.404
1749262951,2.46400000,2105.56000000,2.404
1749262951,2.46500000,11.71000000,2.404
1749262951,2.46600000,2.18000000,2.404
1749262951,2.47000000,55.23000000,2.404
1749262951,2.47100000,6.84000000,2.404
1749262951,2.47300000,216.63000000,2.404
1749262951,2.47400000,58.31000000,2.404
1749262951,2.47500000,22.65000000,2.404
1749262951,2.47600000,9.12000000,2.404
1749262951,2.47700000,2.85000000,2.404
1749262951,2.47800000,401.78000000,2.404
1749262951,2.47900000,32.93000000,2.404
1749262951,2.48000000,74.00000000,2.404
1749262951,2.48200000,101.21000000,2.404
1749262951,2.48700000,4.12000000,2.404
1749262951,2.48800000,24.10000000,2.404
1749262951,2.48900000,2.77000000,2.404
1749262951,2.49000000,423.42000000,2.404
1749262951,2.49100000,13.50000000,2.404
1749262951,2.49500000,792.98000000,2.404
1749262951,2.49700000,32.69000000,2.404
1749262951,2.49800000,24.06000000,2.404
1749262951,2.49900000,208.84000000,2.404
1749262951,2.50000000,407.00000000,2.404
1749262951,2.50100000,607.18000000,2.404
1749262951,2.50200000,2.18000000,2.404
1749262951,2.50300000,2.77000000,2.404
1749262951,2.50400000,2.08000000,2.404
1749262951,2.50500000,7.18000000,2.404
1749262951,2.50700000,2.52000000,2.404
1749262951,2.50800000,21.93000000,2.404
1749262951,2.51000000,12.88000000,2.404
1749262951,2.51100000,2.23000000,2.404
1749262951,2.51300000,3.98000000,2.404
1749262951,2.51400000,34.65000000,2.404
1749262951,2.51600000,10.36000000,2.404
1749262951,2.52000000,405.28000000,2.404
1749262951,2.52100000,14.47000000,2.404
1749262951,2.52200000,11.52000000,2.404
1749262951,2.52400000,108.81000000,2.404
1749262951,2.52500000,6.54000000,2.404
1749262951,2.52600000,2.18000000,2.404
1749262951,2.52700000,2.85000000,2.404
1749262951,2.52800000,2.48000000,2.404
1749262951,2.53000000,2.77000000,2.404
1749262951,2.53200000,36.44000000,2.404
1749262951,2.53300000,13.98000000,2.404
1749262951,2.53800000,2.18000000,2.404
1749262951,2.54000000,419.60000000,2.404
1749262951,2.54100000,7.59000000,2.404
1749262951,2.54200000,6.91000000,2.404
1749262951,2.54300000,4.95000000,2.404
1749263258,2.40900000,1825.32000000,2.409
1749263258,2.41000000,281.45000000,2.409
1749263258,2.41100000,808.49000000,2.409
1749263258,2.41200000,1190.61000000,2.409
1749263258,2.41300000,1007.29000000,2.409
1749263258,2.41400000,490.69000000,2.409
1749263258,2.41500000,586.19000000,2.409
1749263258,2.41600000,2046.17000000,2.409
1749263258,2.41700000,282.61000000,2.409
1749263258,2.41800000,488.58000000,2.409
1749263258,2.41900000,2417.87000000,2.409
1749263258,2.42000000,369.70000000,2.409
1749263258,2.42100000,559.62000000,2.409
1749263258,2.42200000,652.82000000,2.409
1749263258,2.42300000,2094.37000000,2.409
1749263258,2.42400000,352.74000000,2.409
1749263258,2.42500000,3.12000000,2.409
1749263258,2.42600000,3.12000000,2.409
1749263258,2.42700000,308.09000000,2.409
1749263258,2.42800000,54.06000000,2.409
1749263258,2.42900000,102.12000000,2.409
1749263258,2.43000000,310.27000000,2.409
1749263258,2.43100000,52.96000000,2.409
1749263258,2.43200000,110.23000000,2.409
1749263258,2.43300000,211.85000000,2.409
1749263258,2.43400000,75.13000000,2.409
1749263258,2.43500000,221.24000000,2.409
1749263258,2.43600000,2.48000000,2.409
1749263258,2.44000000,10.05000000,2.409
1749263258,2.44200000,432.83000000,2.409
1749263258,2.44300000,2149.55000000,2.409
1749263258,2.44400000,5.82000000,2.409
1749263258,2.44500000,33.39000000,2.409
1749263258,2.44700000,2.77000000,2.409
1749263258,2.45000000,4.34000000,2.409
1749263258,2.45200000,2.52000000,2.409
1749263258,2.45300000,9.12000000,2.409
1749263258,2.45400000,2.18000000,2.409
1749263258,2.45700000,81.84000000,2.409
1749263258,2.45800000,3.25000000,2.409
1749263258,2.46000000,11.64000000,2.409
1749263258,2.46100000,6.02000000,2.409
1749263258,2.46200000,257.18000000,2.409
1749263258,2.46300000,202.61000000,2.409
1749263258,2.46400000,2105.56000000,2.409
1749263258,2.46500000,11.71000000,2.409
1749263258,2.46600000,2.18000000,2.409
1749263258,2.47000000,55.23000000,2.409
1749263258,2.47100000,6.84000000,2.409
1749263258,2.47300000,216.63000000,2.409
1749263258,2.47400000,58.31000000,2.409
1749263258,2.47500000,22.65000000,2.409
1749263258,2.47600000,9.12000000,2.409
1749263258,2.47700000,2.85000000,2.409
1749263258,2.47800000,401.78000000,2.409
1749263258,2.47900000,32.93000000,2.409
1749263258,2.48000000,74.00000000,2.409
1749263258,2.48200000,101.21000000,2.409
1749263258,2.48700000,4.12000000,2.409
1749263258,2.48800000,24.10000000,2.409
1749263258,2.48900000,2.77000000,2.409
1749263258,2.49000000,423.42000000,2.409
1749263258,2.49100000,13.50000000,2.409
1749263258,2.49500000,792.98000000,2.409
1749263258,2.49700000,32.69000000,2.409
1749263258,2.49800000,24.06000000,2.409
1749263258,2.49900000,208.84000000,2.409
1749263258,2.50000000,407.00000000,2.409
1749263258,2.50100000,607.18000000,2.409
1749263258,2.50200000,2.18000000,2.409
1749263258,2.50300000,2.77000000,2.409
1749263258,2.50400000,2.08000000,2.409
1749263258,2.50500000,7.18000000,2.409
1749263258,2.50700000,2.52000000,2.409
1749263258,2.50800000,21.93000000,2.409
1749263258,2.51000000,12.88000000,2.409
1749263258,2.51100000,2.23000000,2.409
1749263258,2.51300000,3.98000000,2.409
1749263258,2.51400000,34.65000000,2.409
1749263258,2.51600000,10.36000000,2.409
1749263258,2.52000000,405.28000000,2.409
1749263258,2.52100000,14.47000000,2.409
1749263258,2.52200000,11.52000000,2.409
1749263258,2.52400000,108.81000000,2.409
1749263258,2.52500000,6.54000000,2.409
1749263258,2.52600000,2.18000000,2.409
1749263258,2.52700000,2.85000000,2.409
1749263258,2.52800000,2.48000000,2.409
1749263258,2.53000000,2.77000000,2.409
1749263258,2.53200000,36.44000000,2.409
1749263258,2.53300000,13.98000000,2.409
1749263258,2.53800000,2.18000000,2.409
1749263258,2.54000000,419.60000000,2.409
1749263258,2.54100000,7.59000000,2.409
1749263258,2.54200000,6.91000000,2.409
1749263258,2.54300000,4.95000000,2.409
1749263258,2.54400000,15.80000000,2.409
1749263258,2.54500000,5.00000000,2.409
1749263258,2.54900000,6.29000000,2.409
1749263258,2.55000000,55.60000000,2.409
1749263565,2.40600000,99.00000000,2.405
1749263565,2.40700000,671.18000000,2.405
1749263565,2.40800000,494.21000000,2.405
1749263565,2.40900000,474.32000000,2.405
1749263565,2.41000000,1169.98000000,2.405
1749263565,2.41100000,1777.21000000,2.405
1749263565,2.41200000,1617.21000000,2.405
1749263565,2.41300000,1056.57000000,2.405
1749263565,2.41400000,811.19000000,2.405
1749263565,2.41500000,139.80000000,2.405
1749263565,2.41600000,735.04000000,2.405
1749263565,2.41700000,105.25000000,2.405
1749263565,2.41800000,1859.49000000,2.405
1749263565,2.41900000,107.43000000,2.405
1749263565,2.42000000,2164.94000000,2.405
1749263565,2.42100000,385.38000000,2.405
1749263565,2.42200000,475.61000000,2.405
1749263565,2.42300000,123.45000000,2.405
1749263565,2.42400000,352.74000000,2.405
1749263565,2.42500000,3.12000000,2.405
1749263565,2.42600000,3.12000000,2.405
1749263565,2.42700000,308.09000000,2.405
1749263565,2.42800000,54.06000000,2.405
1749263565,2.42900000,3.12000000,2.405
1749263565,2.43000000,211.27000000,2.405
1749263565,2.43100000,52.96000000,2.405
1749263565,2.43200000,11.23000000,2.405
1749263565,2.43300000,211.85000000,2.405
1749263565,2.43400000,75.13000000,2.405
1749263565,2.43500000,221.24000000,2.405
1749263565,2.43600000,2.48000000,2.405
1749263565,2.44000000,2162.14000000,2.405
1749263565,2.44200000,432.83000000,2.405
1749263565,2.44400000,5.82000000,2.405
1749263565,2.44500000,33.39000000,2.405
1749263565,2.44700000,2.77000000,2.405
1749263565,2.45000000,4.34000000,2.405
1749263565,2.45200000,2.52000000,2.405
1749263565,2.45300000,9.12000000,2.405
1749263565,2.45400000,2.18000000,2.405
1749263565,2.45700000,81.84000000,2.405
1749263565,2.45800000,3.25000000,2.405
1749263565,2.46000000,11.64000000,2.405
1749263565,2.46100000,6.02000000,2.405
1749263565,2.46200000,257.18000000,2.405
1749263565,2.46300000,202.61000000,2.405
1749263565,2.46400000,2105.56000000,2.405
1749263565,2.46500000,11.71000000,2.405
1749263565,2.46600000,2.18000000,2.405
1749263565,2.47000000,55.23000000,2.405
1749263565,2.47100000,6.84000000,2.405
1749263565,2.47300000,216.63000000,2.405
1749263565,2.47400000,58.31000000,2.405
1749263565,2.47500000,22.65000000,2.405
1749263565,2.47600000,9.12000000,2.405
1749263565,2.47700000,2.85000000,2.405
1749263565,2.47800000,401.78000000,2.405
1749263565,2.47900000,32.93000000,2.405
1749263565,2.48000000,74.00000000,2.405
1749263565,2.48200000,101.21000000,2.405
1749263565,2.48700000,4.12000000,2.405
1749263565,2.48800000,24.10000000,2.405
1749263565,2.48900000,2.77000000,2.405
1749263565,2.49000000,423.42000000,2.405
1749263565,2.49100000,13.50000000,2.405
1749263565,2.49500000,792.98000000,2.405
1749263565,2.49700000,32.69000000,2.405
1749263565,2.49800000,24.06000000,2.405
1749263565,2.49900000,208.84000000,2.405
1749263565,2.50000000,407.00000000,2.405
1749263565,2.50100000,607.18000000,2.405
1749263565,2.50200000,2.18000000,2.405
1749263565,2.50300000,2.77000000,2.405
1749263565,2.50400000,2.08000000,2.405
1749263565,2.50500000,7.18000000,2.405
1749263565,2.50700000,2.52000000,2.405
1749263565,2.50800000,21.93000000,2.405
1749263565,2.51000000,12.88000000,2.405
1749263565,2.51100000,2.23000000,2.405
1749263565,2.51300000,3.98000000,2.405
1749263565,2.51400000,34.65000000,2.405
1749263565,2.51600000,10.36000000,2.405
1749263565,2.52000000,405.28000000,2.405
1749263565,2.52100000,14.47000000,2.405
1749263565,2.52200000,11.52000000,2.405
1749263565,2.52400000,108.81000000,2.405
1749263565,2.52500000,6.54000000,2.405
1749263565,2.52600000,2.18000000,2.405
1749263565,2.52700000,2.85000000,2.405
1749263565,2.52800000,2.48000000,2.405
1749263565,2.53000000,2.77000000,2.405
1749263565,2.53200000,36.44000000,2.405
1749263565,2.53300000,13.98000000,2.405
1749263565,2.53800000,2.18000000,2.405
1749263565,2.54000000,419.60000000,2.405
1749263565,2.54100000,7.59000000,2.405
1749263565,2.54200000,6.91000000,2.405
1749263565,2.54300000,4.95000000,2.405
1749263565,2.54400000,15.80000000,2.405
1749263565,2.54500000,5.00000000,2.405
1749263866,2.41000000,105.73000000,2.409
1749263866,2.41100000,411.67000000,2.409
1749263866,2.41200000,705.07000000,2.409
1749263866,2.41300000,803.98000000,2.409
1749263866,2.41400000,622.55000000,2.409
1749263866,2.41500000,1525.49000000,2.409
1749263866,2.41600000,705.56000000,2.409
1749263866,2.41700000,572.33000000,2.409
1749263866,2.41800000,1436.48000000,2.409
1749263866,2.41900000,2062.43000000,2.409
1749263866,2.42000000,369.70000000,2.409
1749263866,2.42100000,562.70000000,2.409
1749263866,2.42200000,656.01000000,2.409
1749263866,2.42300000,2094.11000000,2.409
1749263866,2.42400000,253.74000000,2.409
1749263866,2.42500000,3.12000000,2.409
1749263866,2.42600000,3.12000000,2.409
1749263866,2.42700000,209.09000000,2.409
1749263866,2.42800000,54.06000000,2.409
1749263866,2.42900000,3.12000000,2.409
1749263866,2.43000000,211.27000000,2.409
1749263866,2.43100000,52.96000000,2.409
1749263866,2.43200000,11.23000000,2.409
1749263866,2.43300000,211.85000000,2.409
1749263866,2.43400000,75.13000000,2.409
1749263866,2.43500000,221.24000000,2.409
1749263866,2.43600000,2.48000000,2.409
1749263866,2.44000000,7.59000000,2.409
1749263866,2.44200000,2582.77000000,2.409
1749263866,2.44400000,5.82000000,2.409
1749263866,2.44500000,33.39000000,2.409
1749263866,2.44700000,2.77000000,2.409
1749263866,2.45000000,4.34000000,2.409
1749263866,2.45200000,2.52000000,2.409
1749263866,2.45300000,9.12000000,2.409
1749263866,2.45400000,2.18000000,2.409
1749263866,2.45700000,78.99000000,2.409
1749263866,2.46000000,11.64000000,2.409
1749263866,2.46100000,6.02000000,2.409
1749263866,2.46200000,257.18000000,2.409
1749263866,2.46300000,202.61000000,2.409
1749263866,2.46400000,2102.31000000,2.409
1749263866,2.46500000,11.71000000,2.409
1749263866,2.46600000,2.18000000,2.409
1749263866,2.47000000,55.23000000,2.409
1749263866,2.47100000,6.84000000,2.409
1749263866,2.47300000,216.63000000,2.409
1749263866,2.47400000,58.31000000,2.409
1749263866,2.47500000,22.65000000,2.409
1749263866,2.47600000,9.12000000,2.409
1749263866,2.47700000,2.85000000,2.409
1749263866,2.47800000,401.78000000,2.409
1749263866,2.47900000,32.93000000,2.409
1749263866,2.48000000,74.00000000,2.409
1749263866,2.48200000,101.21000000,2.409
1749263866,2.48700000,4.12000000,2.409
1749263866,2.48800000,20.08000000,2.409
1749263866,2.48900000,2.77000000,2.409
1749263866,2.49000000,423.42000000,2.409
1749263866,2.49100000,13.50000000,2.409
1749263866,2.49500000,792.98000000,2.409
1749263866,2.49700000,32.69000000,2.409
1749263866,2.49800000,24.06000000,2.409
1749263866,2.49900000,208.84000000,2.409
1749263866,2.50000000,407.00000000,2.409
1749263866,2.50100000,607.18000000,2.409
1749263866,2.50200000,2.18000000,2.409
1749263866,2.50300000,2.77000000,2.409
1749263866,2.50400000,2.08000000,2.409
1749263866,2.50700000,2.52000000,2.409
1749263866,2.50800000,21.93000000,2.409
1749263866,2.51000000,12.88000000,2.409
1749263866,2.51100000,2.23000000,2.409
1749263866,2.51300000,3.98000000,2.409
1749263866,2.51400000,34.65000000,2.409
1749263866,2.51600000,10.36000000,2.409
1749263866,2.52000000,405.28000000,2.409
1749263866,2.52100000,14.47000000,2.409
1749263866,2.52200000,11.52000000,2.409
1749263866,2.52400000,108.81000000,2.409
1749263866,2.52500000,6.54000000,2.409
1749263866,2.52600000,2.18000000,2.409
1749263866,2.52700000,2.85000000,2.409
1749263866,2.52800000,2.48000000,2.409
1749263866,2.53000000,2.77000000,2.409
1749263866,2.53200000,36.44000000,2.409
1749263866,2.53300000,13.98000000,2.409
1749263866,2.53800000,2.18000000,2.409
1749263866,2.54000000,419.60000000,2.409
1749263866,2.54100000,7.59000000,2.409
1749263866,2.54200000,6.91000000,2.409
1749263866,2.54300000,4.95000000,2.409
1749263866,2.54400000,15.80000000,2.409
1749263866,2.54500000,5.00000000,2.409
1749263866,2.54900000,6.29000000,2.409
1749263866,2.55000000,55.60000000,2.409
1749263866,2.55500000,5.82000000,2.409
1749263866,2.55600000,4.12000000,2.409
1749263866,2.55800000,24.49000000,2.409
1749263866,2.56000000,42.84000000,2.409
1749264168,2.40600000,99.00000000,2.406
1749264168,2.40700000,251.93000000,2.406
1749264168,2.40800000,490.66000000,2.406
1749264168,2.40900000,666.76000000,2.406
1749264168,2.41000000,706.40000000,2.406
1749264168,2.41100000,1293.01000000,2.406
1749264168,2.41200000,948.87000000,2.406
1749264168,2.41300000,1204.17000000,2.406
1749264168,2.41400000,811.19000000,2.406
1749264168,2.41500000,407.10000000,2.406
1749264168,2.41600000,321.34000000,2.406
1749264168,2.41700000,808.60000000,2.406
1749264168,2.41800000,1893.91000000,2.406
1749264168,2.41900000,107.43000000,2.406
1749264168,2.42000000,105.25000000,2.406
1749264168,2.42100000,2357.85000000,2.406
1749264168,2.42200000,6.25000000,2.406
1749264168,2.42300000,379.57000000,2.406
1749264168,2.42400000,253.74000000,2.406
1749264168,2.42500000,3.12000000,2.406
1749264168,2.42600000,3.12000000,2.406
1749264168,2.42700000,296.18000000,2.406
1749264168,2.42800000,54.06000000,2.406
1749264168,2.42900000,3.12000000,2.406
1749264168,2.43000000,211.27000000,2.406
1749264168,2.43100000,52.96000000,2.406
1749264168,2.43200000,11.23000000,2.406
1749264168,2.43300000,233.17000000,2.406
1749264168,2.43400000,75.13000000,2.406
1749264168,2.43500000,221.24000000,2.406
1749264168,2.43600000,2.48000000,2.406
1749264168,2.44000000,2158.80000000,2.406
1749264168,2.44200000,432.83000000,2.406
1749264168,2.44400000,5.82000000,2.406
1749264168,2.44500000,33.39000000,2.406
1749264168,2.44700000,2.77000000,2.406
1749264168,2.45000000,4.34000000,2.406
1749264168,2.45200000,2.52000000,2.406
1749264168,2.45300000,9.12000000,2.406
1749264168,2.45400000,2.18000000,2.406
1749264168,2.45700000,78.99000000,2.406
1749264168,2.46000000,11.64000000,2.406
1749264168,2.46100000,6.02000000,2.406
1749264168,2.46200000,257.18000000,2.406
1749264168,2.46300000,202.61000000,2.406
1749264168,2.46400000,2102.31000000,2.406
1749264168,2.46500000,11.71000000,2.406
1749264168,2.46600000,2.18000000,2.406
1749264168,2.47000000,55.23000000,2.406
1749264168,2.47100000,6.84000000,2.406
1749264168,2.47300000,216.63000000,2.406
1749264168,2.47400000,58.31000000,2.406
1749264168,2.47500000,22.65000000,2.406
1749264168,2.47600000,9.12000000,2.406
1749264168,2.47700000,2.85000000,2.406
1749264168,2.47800000,401.78000000,2.406
1749264168,2.47900000,32.93000000,2.406
1749264168,2.48000000,74.00000000,2.406
1749264168,2.48200000,101.21000000,2.406
1749264168,2.48700000,4.12000000,2.406
1749264168,2.48800000,20.08000000,2.406
1749264168,2.48900000,2.77000000,2.406
1749264168,2.49000000,423.42000000,2.406
1749264168,2.49100000,13.50000000,2.406
1749264168,2.49500000,792.98000000,2.406
1749264168,2.49700000,32.69000000,2.406
1749264168,2.49800000,24.06000000,2.406
1749264168,2.49900000,208.84000000,2.406
1749264168,2.50000000,407.00000000,2.406
1749264168,2.50100000,607.18000000,2.406
1749264168,2.50200000,2.18000000,2.406
1749264168,2.50300000,2.77000000,2.406
1749264168,2.50400000,2.08000000,2.406
1749264168,2.50700000,2.52000000,2.406
1749264168,2.50800000,21.93000000,2.406
1749264168,2.51000000,12.88000000,2.406
1749264168,2.51100000,2.23000000,2.406
1749264168,2.51300000,3.98000000,2.406
1749264168,2.51400000,34.65000000,2.406
1749264168,2.51600000,10.36000000,2.406
1749264168,2.52000000,13.01000000,2.406
1749264168,2.52100000,14.47000000,2.406
1749264168,2.52200000,11.52000000,2.406
1749264168,2.52400000,108.81000000,2.406
1749264168,2.52500000,6.54000000,2.406
1749264168,2.52600000,2.18000000,2.406
1749264168,2.52700000,395.12000000,2.406
1749264168,2.52800000,2.48000000,2.406
1749264168,2.53000000,2.77000000,2.406
1749264168,2.53200000,36.44000000,2.406
1749264168,2.53300000,13.98000000,2.406
1749264168,2.53800000,2.18000000,2.406
1749264168,2.54000000,419.60000000,2.406
1749264168,2.54100000,7.59000000,2.406
1749264168,2.54200000,6.91000000,2.406
1749264168,2.54300000,4.95000000,2.406
1749264168,2.54400000,15.80000000,2.406
1749264168,2.54500000,5.00000000,2.406
1749264168,2.54900000,6.29000000,2.406
1749264168,2.55000000,55.60000000,2.406
1749264470,2.40600000,219.82000000,2.405
1749264470,2.40700000,318.32000000,2.405
1749264470,2.40800000,748.30000000,2.405
1749264470,2.40900000,936.79000000,2.405
1749264470,2.41000000,681.12000000,2.405
1749264470,2.41100000,932.59000000,2.405
1749264470,2.41200000,1474.45000000,2.405
1749264470,2.41300000,766.80000000,2.405
1749264470,2.41400000,988.69000000,2.405
1749264470,2.41500000,733.77000000,2.405
1749264470,2.41600000,2048.94000000,2.405
1749264470,2.41700000,282.90000000,2.405
1749264470,2.41800000,488.80000000,2.405
1749264470,2.41900000,2258.18000000,2.405
1749264470,2.42000000,105.25000000,2.405
1749264470,2.42100000,385.38000000,2.405
1749264470,2.42200000,6.25000000,2.405
1749264470,2.42300000,379.57000000,2.405
1749264470,2.42400000,253.74000000,2.405
1749264470,2.42500000,3.12000000,2.405
1749264470,2.42600000,3.12000000,2.405
1749264470,2.42700000,296.18000000,2.405
1749264470,2.42800000,54.06000000,2.405
1749264470,2.42900000,3.12000000,2.405
1749264470,2.43000000,211.27000000,2.405
1749264470,2.43100000,52.96000000,2.405
1749264470,2.43200000,11.23000000,2.405
1749264470,2.43300000,233.17000000,2.405
1749264470,2.43400000,75.13000000,2.405
1749264470,2.43500000,221.24000000,2.405
1749264470,2.43600000,2.48000000,2.405
1749264470,2.43900000,2151.98000000,2.405
1749264470,2.44000000,7.59000000,2.405
1749264470,2.44200000,432.83000000,2.405
1749264470,2.44400000,5.82000000,2.405
1749264470,2.44500000,33.39000000,2.405
1749264470,2.44700000,2.77000000,2.405
1749264470,2.45000000,4.34000000,2.405
1749264470,2.45200000,2.52000000,2.405
1749264470,2.45300000,9.12000000,2.405
1749264470,2.45400000,2.18000000,2.405
1749264470,2.45700000,78.99000000,2.405
1749264470,2.46000000,11.64000000,2.405
1749264470,2.46100000,6.02000000,2.405
1749264470,2.46200000,257.18000000,2.405
1749264470,2.46300000,202.61000000,2.405
1749264470,2.46400000,2102.31000000,2.405
1749264470,2.46500000,11.71000000,2.405
1749264470,2.46600000,2.18000000,2.405
1749264470,2.47000000,55.23000000,2.405
1749264470,2.47100000,6.84000000,2.405
1749264470,2.47300000,216.63000000,2.405
1749264470,2.47400000,58.31000000,2.405
1749264470,2.47500000,22.65000000,2.405
1749264470,2.47600000,9.12000000,2.405
1749264470,2.47700000,2.85000000,2.405
1749264470,2.47800000,401.78000000,2.405
1749264470,2.47900000,32.93000000,2.405
1749264470,2.48000000,74.00000000,2.405
1749264470,2.48200000,101.21000000,2.405
1749264470,2.48700000,4.12000000,2.405
1749264470,2.48800000,20.08000000,2.405
1749264470,2.48900000,2.77000000,2.405
1749264470,2.49000000,423.42000000,2.405
1749264470,2.49100000,13.50000000,2.405
1749264470,2.49500000,792.98000000,2.405
1749264470,2.49700000,32.69000000,2.405
1749264470,2.49800000,24.06000000,2.405
1749264470,2.49900000,208.84000000,2.405
1749264470,2.50000000,407.00000000,2.405
1749264470,2.50100000,607.18000000,2.405
1749264470,2.50200000,2.18000000,2.405
1749264470,2.50300000,2.77000000,2.405
1749264470,2.50400000,2.08000000,2.405
1749264470,2.50700000,2.52000000,2.405
1749264470,2.50800000,21.93000000,2.405
1749264470,2.51000000,12.88000000,2.405
1749264470,2.51100000,2.23000000,2.405
1749264470,2.51300000,3.98000000,2.405
1749264470,2.51400000,34.65000000,2.405
1749264470,2.51600000,10.36000000,2.405
1749264470,2.52000000,405.28000000,2.405
1749264470,2.52100000,14.47000000,2.405
1749264470,2.52200000,11.52000000,2.405
1749264470,2.52400000,108.81000000,2.405
1749264470,2.52500000,6.54000000,2.405
1749264470,2.52600000,2.18000000,2.405
1749264470,2.52700000,2.85000000,2.405
1749264470,2.52800000,2.48000000,2.405
1749264470,2.53000000,2.77000000,2.405
1749264470,2.53200000,36.44000000,2.405
1749264470,2.53300000,13.98000000,2.405
1749264470,2.53800000,2.18000000,2.405
1749264470,2.54000000,419.60000000,2.405
1749264470,2.54100000,7.59000000,2.405
1749264470,2.54200000,6.91000000,2.405
1749264470,2.54300000,4.95000000,2.405
1749264470,2.54400000,15.80000000,2.405
1749264470,2.54500000,5.00000000,2.405
1749264470,2.54900000,6.29000000,2.405
1749264771,2.41100000,108.32000000,2.41
1749264771,2.41200000,241.85000000,2.41
1749264771,2.41300000,358.33000000,2.41
1749264771,2.41400000,887.72000000,2.41
1749264771,2.41500000,831.22000000,2.41
1749264771,2.41600000,859.58000000,2.41
1749264771,2.41700000,1055.68000000,2.41
1749264771,2.41800000,582.87000000,2.41
1749264771,2.41900000,137.83000000,2.41
1749264771,2.42000000,605.25000000,2.41
1749264771,2.42100000,531.58000000,2.41
1749264771,2.42200000,517.92000000,2.41
1749264771,2.42300000,2023.65000000,2.41
1749264771,2.42400000,352.74000000,2.41
1749264771,2.42500000,102.12000000,2.41
1749264771,2.42600000,2071.15000000,2.41
1749264771,2.42700000,395.18000000,2.41
1749264771,2.42800000,54.06000000,2.41
1749264771,2.42900000,102.12000000,2.41
1749264771,2.43000000,310.27000000,2.41
1749264771,2.43100000,52.96000000,2.41
1749264771,2.43200000,11.23000000,2.41
1749264771,2.43300000,233.17000000,2.41
1749264771,2.43400000,75.13000000,2.41
1749264771,2.43500000,221.24000000,2.41
1749264771,2.43600000,2.48000000,2.41
1749264771,2.44000000,7.59000000,2.41
1749264771,2.44200000,6.30000000,2.41
1749264771,2.44400000,2154.06000000,2.41
1749264771,2.44500000,33.39000000,2.41
1749264771,2.44700000,429.30000000,2.41
1749264771,2.45000000,4.34000000,2.41
1749264771,2.45200000,2.52000000,2.41
1749264771,2.45300000,9.12000000,2.41
1749264771,2.45400000,2.18000000,2.41
1749264771,2.45700000,78.99000000,2.41
1749264771,2.46000000,11.64000000,2.41
1749264771,2.46100000,2.77000000,2.41
1749264771,2.46200000,253.52000000,2.41
1749264771,2.46300000,202.61000000,2.41
1749264771,2.46400000,2102.31000000,2.41
1749264771,2.46500000,11.71000000,2.41
1749264771,2.46600000,2.18000000,2.41
1749264771,2.47000000,55.23000000,2.41
1749264771,2.47100000,6.84000000,2.41
1749264771,2.47300000,216.63000000,2.41
1749264771,2.47400000,58.31000000,2.41
1749264771,2.47500000,22.65000000,2.41
1749264771,2.47600000,9.12000000,2.41
1749264771,2.47700000,2.85000000,2.41
1749264771,2.47800000,401.78000000,2.41
1749264771,2.47900000,32.93000000,2.41
1749264771,2.48000000,74.00000000,2.41
1749264771,2.48200000,101.21000000,2.41
1749264771,2.48700000,4.12000000,2.41
1749264771,2.48800000,20.08000000,2.41
1749264771,2.48900000,2.77000000,2.41
1749264771,2.49000000,423.42000000,2.41
1749264771,2.49100000,13.50000000,2.41
1749264771,2.49500000,792.98000000,2.41
1749264771,2.49700000,32.69000000,2.41
1749264771,2.49800000,24.06000000,2.41
1749264771,2.49900000,208.84000000,2.41
1749264771,2.50000000,407.00000000,2.41
1749264771,2.50100000,607.18000000,2.41
1749264771,2.50200000,2.18000000,2.41
1749264771,2.50300000,2.77000000,2.41
1749264771,2.50400000,2.08000000,2.41
1749264771,2.50700000,2.52000000,2.41
1749264771,2.50800000,21.93000000,2.41
1749264771,2.51000000,4.12000000,2.41
1749264771,2.51100000,2.23000000,2.41
1749264771,2.51300000,3.98000000,2.41
1749264771,2.51400000,34.65000000,2.41
1749264771,2.51600000,10.36000000,2.41
1749264771,2.52000000,13.01000000,2.41
1749264771,2.52100000,14.47000000,2.41
1749264771,2.52200000,11.52000000,2.41
1749264771,2.52400000,108.81000000,2.41
1749264771,2.52500000,6.54000000,2.41
1749264771,2.52600000,2.18000000,2.41
1749264771,2.52700000,395.12000000,2.41
1749264771,2.52800000,2.48000000,2.41
1749264771,2.53000000,2.77000000,2.41
1749264771,2.53200000,36.44000000,2.41
1749264771,2.53300000,13.98000000,2.41
1749264771,2.53800000,2.18000000,2.41
1749264771,2.54000000,419.60000000,2.41
1749264771,2.54100000,7.59000000,2.41
1749264771,2.54200000,6.91000000,2.41
1749264771,2.54300000,4.95000000,2.41
1749264771,2.54400000,15.80000000,2.41
1749264771,2.54500000,5.00000000,2.41
1749264771,2.54900000,6.29000000,2.41
1749264771,2.55000000,55.60000000,2.41
1749264771,2.55500000,5.82000000,2.41
1749264771,2.55600000,4.12000000,2.41
1749264771,2.55800000,24.49000000,2.41
1749264771,2.56000000,42.84000000,2.41
1749264771,2.56100000,2.18000000,2.41
1749265073,2.41500000,99.00000000,2.414
1749265073,2.41600000,467.15000000,2.414
1749265073,2.41700000,481.46000000,2.414
1749265073,2.41800000,1115.54000000,2.414
1749265073,2.41900000,444.86000000,2.414
1749265073,2.42000000,508.20000000,2.414
1749265073,2.42100000,812.56000000,2.414
1749265073,2.42200000,1893.06000000,2.414
1749265073,2.42300000,282.16000000,2.414
1749265073,2.42400000,390.37000000,2.414
1749265073,2.42500000,694.16000000,2.414
1749265073,2.42600000,282.15000000,2.414
1749265073,2.42700000,672.93000000,2.414
1749265073,2.42800000,404.03000000,2.414
1749265073,2.42900000,279.04000000,2.414
1749265073,2.43000000,2276.12000000,2.414
1749265073,2.43100000,52.96000000,2.414
1749265073,2.43200000,1646.21000000,2.414
1749265073,2.43300000,332.17000000,2.414
1749265073,2.43400000,261.22000000,2.414
1749265073,2.43500000,320.24000000,2.414
1749265073,2.43600000,681.90000000,2.414
1749265073,2.43700000,3.11000000,2.414
1749265073,2.43900000,205.97000000,2.414
1749265073,2.44000000,7.59000000,2.414
1749265073,2.44200000,6.30000000,2.414
1749265073,2.44400000,5.82000000,2.414
1749265073,2.44500000,33.39000000,2.414
1749265073,2.44700000,2.77000000,2.414
1749265073,2.44900000,2143.85000000,2.414
1749265073,2.45000000,4.34000000,2.414
1749265073,2.45200000,429.05000000,2.414
1749265073,2.45300000,9.12000000,2.414
1749265073,2.45400000,2.18000000,2.414
1749265073,2.46000000,11.64000000,2.414
1749265073,2.46100000,2.77000000,2.414
1749265073,2.46200000,33.16000000,2.414
1749265073,2.46300000,202.61000000,2.414
1749265073,2.46400000,2181.30000000,2.414
1749265073,2.46500000,11.71000000,2.414
1749265073,2.46600000,2.18000000,2.414
1749265073,2.46900000,220.36000000,2.414
1749265073,2.47000000,55.23000000,2.414
1749265073,2.47100000,6.84000000,2.414
1749265073,2.47500000,22.65000000,2.414
1749265073,2.47600000,9.12000000,2.414
1749265073,2.47700000,2.85000000,2.414
1749265073,2.47800000,2.18000000,2.414
1749265073,2.47900000,32.93000000,2.414
1749265073,2.48000000,290.63000000,2.414
1749265073,2.48100000,58.31000000,2.414
1749265073,2.48200000,2.48000000,2.414
1749265073,2.48500000,399.60000000,2.414
1749265073,2.48700000,4.12000000,2.414
1749265073,2.48800000,20.08000000,2.414
1749265073,2.48900000,101.50000000,2.414
1749265073,2.49000000,423.42000000,2.414
1749265073,2.49100000,13.50000000,2.414
1749265073,2.49500000,792.98000000,2.414
1749265073,2.49700000,32.69000000,2.414
1749265073,2.49800000,24.06000000,2.414
1749265073,2.49900000,208.84000000,2.414
1749265073,2.50000000,407.00000000,2.414
1749265073,2.50100000,217.80000000,2.414
1749265073,2.50200000,2.18000000,2.414
1749265073,2.50300000,2.77000000,2.414
1749265073,2.50400000,2.08000000,2.414
1749265073,2.50700000,2.52000000,2.414
1749265073,2.50800000,411.31000000,2.414
1749265073,2.51000000,4.12000000,2.414
1749265073,2.51100000,2.23000000,2.414
1749265073,2.51300000,3.98000000,2.414
1749265073,2.51400000,34.65000000,2.414
1749265073,2.51600000,10.36000000,2.414
1749265073,2.52000000,13.01000000,2.414
1749265073,2.52100000,14.47000000,2.414
1749265073,2.52200000,11.52000000,2.414
1749265073,2.52400000,6.29000000,2.414
1749265073,2.52500000,6.54000000,2.414
1749265073,2.52600000,2.18000000,2.414
1749265073,2.52700000,395.12000000,2.414
1749265073,2.52800000,2.48000000,2.414
1749265073,2.53000000,2.77000000,2.414
1749265073,2.53100000,102.52000000,2.414
1749265073,2.53200000,36.44000000,2.414
1749265073,2.53300000,13.98000000,2.414
1749265073,2.53800000,2.18000000,2.414
1749265073,2.54000000,419.60000000,2.414
1749265073,2.54100000,7.59000000,2.414
1749265073,2.54200000,6.91000000,2.414
1749265073,2.54300000,4.95000000,2.414
1749265073,2.54400000,15.80000000,2.414
1749265073,2.54500000,5.00000000,2.414
1749265073,2.54900000,6.29000000,2.414
1749265073,2.55000000,55.60000000,2.414
1749265073,2.55500000,5.82000000,2.414
1749265073,2.55600000,4.12000000,2.414
1749265073,2.55800000,24.49000000,2.414
1749265073,2.56000000,42.84000000,2.414
1749265073,2.56100000,2.18000000,2.414
1749265377,2.41000000,99.00000000,2.409
1749265377,2.41100000,290.36000000,2.409
1749265377,2.41200000,468.56000000,2.409
1749265377,2.41300000,658.96000000,2.409
1749265377,2.41400000,855.72000000,2.409
1749265377,2.41500000,544.44000000,2.409
1749265377,2.41600000,1547.26000000,2.409
1749265377,2.41700000,892.20000000,2.409
1749265377,2.41800000,311.22000000,2.409
1749265377,2.41900000,137.83000000,2.409
1749265377,2.42000000,135.59000000,2.409
1749265377,2.42100000,1016.29000000,2.409
1749265377,2.42200000,1750.89000000,2.409
1749265377,2.42300000,105.24000000,2.409
1749265377,2.42400000,2325.50000000,2.409
1749265377,2.42500000,105.23000000,2.409
1749265377,2.42600000,105.23000000,2.409
1749265377,2.42700000,311.20000000,2.409
1749265377,2.42800000,227.22000000,2.409
1749265377,2.42900000,102.12000000,2.409
1749265377,2.43000000,682.52000000,2.409
1749265377,2.43100000,52.96000000,2.409
1749265377,2.43200000,110.23000000,2.409
1749265377,2.43300000,233.17000000,2.409
1749265377,2.43400000,162.22000000,2.409
1749265377,2.43500000,221.24000000,2.409
1749265377,2.43600000,211.56000000,2.409
1749265377,2.43700000,3.11000000,2.409
1749265377,2.43900000,205.97000000,2.409
1749265377,2.44000000,7.59000000,2.409
1749265377,2.44200000,6.30000000,2.409
1749265377,2.44400000,2153.46000000,2.409
1749265377,2.44500000,33.39000000,2.409
1749265377,2.44700000,429.30000000,2.409
1749265377,2.45000000,4.34000000,2.409
1749265377,2.45200000,2.52000000,2.409
1749265377,2.45300000,9.12000000,2.409
1749265377,2.45400000,2.18000000,2.409
1749265377,2.46000000,11.64000000,2.409
1749265377,2.46100000,2.77000000,2.409
1749265377,2.46200000,33.16000000,2.409
1749265377,2.46300000,202.61000000,2.409
1749265377,2.46400000,2181.30000000,2.409
1749265377,2.46500000,11.71000000,2.409
1749265377,2.46600000,2.18000000,2.409
1749265377,2.46900000,220.36000000,2.409
1749265377,2.47000000,55.23000000,2.409
1749265377,2.47100000,6.84000000,2.409
1749265377,2.47500000,22.65000000,2.409
1749265377,2.47600000,9.12000000,2.409
1749265377,2.47700000,2.85000000,2.409
1749265377,2.47800000,2.18000000,2.409
1749265377,2.47900000,32.93000000,2.409
1749265377,2.48000000,290.63000000,2.409
1749265377,2.48100000,58.31000000,2.409
1749265377,2.48200000,2.48000000,2.409
1749265377,2.48500000,399.60000000,2.409
1749265377,2.48700000,4.12000000,2.409
1749265377,2.48800000,20.08000000,2.409
1749265377,2.48900000,101.50000000,2.409
1749265377,2.49000000,423.42000000,2.409
1749265377,2.49100000,13.50000000,2.409
1749265377,2.49500000,792.98000000,2.409
1749265377,2.49700000,32.69000000,2.409
1749265377,2.49800000,24.06000000,2.409
1749265377,2.49900000,208.84000000,2.409
1749265377,2.50000000,407.00000000,2.409
1749265377,2.50100000,217.80000000,2.409
1749265377,2.50200000,2.18000000,2.409
1749265377,2.50300000,2.77000000,2.409
1749265377,2.50400000,2.08000000,2.409
1749265377,2.50700000,2.52000000,2.409
1749265377,2.50800000,411.31000000,2.409
1749265377,2.51000000,4.12000000,2.409
1749265377,2.51100000,2.23000000,2.409
1749265377,2.51300000,3.98000000,2.409
1749265377,2.51400000,34.65000000,2.409
1749265377,2.51600000,10.36000000,2.409
1749265377,2.52000000,13.01000000,2.409
1749265377,2.52100000,14.47000000,2.409
1749265377,2.52200000,11.52000000,2.409
1749265377,2.52400000,6.29000000,2.409
1749265377,2.52500000,6.54000000,2.409
1749265377,2.52600000,2.18000000,2.409
1749265377,2.52700000,395.12000000,2.409
1749265377,2.52800000,2.48000000,2.409
1749265377,2.53000000,2.77000000,2.409
1749265377,2.53100000,102.52000000,2.409
1749265377,2.53200000,36.44000000,2.409
1749265377,2.53300000,13.98000000,2.409
1749265377,2.53800000,2.18000000,2.409
1749265377,2.54000000,419.60000000,2.409
1749265377,2.54100000,7.59000000,2.409
1749265377,2.54200000,6.91000000,2.409
1749265377,2.54300000,4.95000000,2.409
1749265377,2.54400000,15.80000000,2.409
1749265377,2.54500000,5.00000000,2.409
1749265377,2.54900000,6.29000000,2.409
1749265377,2.55000000,55.60000000,2.409
1749265377,2.55500000,5.82000000,2.409
1749265679,2.41800000,256.83000000,2.416
1749265679,2.41900000,514.11000000,2.416
1749265679,2.42000000,446.47000000,2.416
1749265679,2.42100000,1971.16000000,2.416
1749265679,2.42200000,185.15000000,2.416
1749265679,2.42300000,279.29000000,2.416
1749265679,2.42400000,522.27000000,2.416
1749265679,2.42500000,1812.50000000,2.416
1749265679,2.42600000,1194.01000000,2.416
1749265679,2.42700000,2061.82000000,2.416
1749265679,2.42800000,407.17000000,2.416
1749265679,2.42900000,281.93000000,2.416
1749265679,2.43000000,487.00000000,2.416
1749265679,2.43100000,2160.89000000,2.416
1749265679,2.43200000,110.23000000,2.416
1749265679,2.43300000,332.17000000,2.416
1749265679,2.43400000,261.22000000,2.416
1749265679,2.43500000,320.24000000,2.416
1749265679,2.43600000,681.90000000,2.416
1749265679,2.43700000,3.11000000,2.416
1749265679,2.43800000,3.11000000,2.416
1749265679,2.43900000,209.08000000,2.416
1749265679,2.44000000,7.59000000,2.416
1749265679,2.44200000,212.27000000,2.416
1749265679,2.44400000,5.82000000,2.416
1749265679,2.44500000,33.39000000,2.416
1749265679,2.44700000,2.77000000,2.416
1749265679,2.45000000,4.34000000,2.416
1749265679,2.45200000,2571.02000000,2.416
1749265679,2.45300000,9.12000000,2.416
1749265679,2.45400000,2.18000000,2.416
1749265679,2.46000000,11.64000000,2.416
1749265679,2.46100000,2.77000000,2.416
1749265679,2.46200000,33.16000000,2.416
1749265679,2.46300000,202.61000000,2.416
1749265679,2.46400000,2181.30000000,2.416
1749265679,2.46500000,11.71000000,2.416
1749265679,2.46600000,2.18000000,2.416
1749265679,2.46900000,220.36000000,2.416
1749265679,2.47000000,55.23000000,2.416
1749265679,2.47100000,6.84000000,2.416
1749265679,2.47500000,22.65000000,2.416
1749265679,2.47600000,9.12000000,2.416
1749265679,2.47700000,2.85000000,2.416
1749265679,2.47800000,2.18000000,2.416
1749265679,2.47900000,32.93000000,2.416
1749265679,2.48000000,290.63000000,2.416
1749265679,2.48100000,58.31000000,2.416
1749265679,2.48200000,2.48000000,2.416
1749265679,2.48500000,399.60000000,2.416
1749265679,2.48700000,4.12000000,2.416
1749265679,2.48800000,20.08000000,2.416
1749265679,2.48900000,101.50000000,2.416
1749265679,2.49000000,423.42000000,2.416
1749265679,2.49100000,13.50000000,2.416
1749265679,2.49500000,792.98000000,2.416
1749265679,2.49700000,32.69000000,2.416
1749265679,2.49800000,24.06000000,2.416
1749265679,2.49900000,208.84000000,2.416
1749265679,2.50000000,407.00000000,2.416
1749265679,2.50100000,217.80000000,2.416
1749265679,2.50200000,2.18000000,2.416
1749265679,2.50300000,2.77000000,2.416
1749265679,2.50400000,2.08000000,2.416
1749265679,2.50700000,2.52000000,2.416
1749265679,2.50800000,411.31000000,2.416
1749265679,2.51000000,4.12000000,2.416
1749265679,2.51100000,2.23000000,2.416
1749265679,2.51300000,3.98000000,2.416
1749265679,2.51400000,34.65000000,2.416
1749265679,2.51600000,10.36000000,2.416
1749265679,2.52000000,13.01000000,2.416
1749265679,2.52100000,14.47000000,2.416
1749265679,2.52200000,11.52000000,2.416
1749265679,2.52400000,6.29000000,2.416
1749265679,2.52500000,6.54000000,2.416
1749265679,2.52600000,2.18000000,2.416
1749265679,2.52700000,2.85000000,2.416
1749265679,2.52800000,2.48000000,2.416
1749265679,2.53000000,2.77000000,2.416
1749265679,2.53100000,102.52000000,2.416
1749265679,2.53200000,36.44000000,2.416
1749265679,2.53300000,13.98000000,2.416
1749265679,2.53400000,392.27000000,2.416
1749265679,2.53800000,2.18000000,2.416
1749265679,2.54000000,419.60000000,2.416
1749265679,2.54100000,7.59000000,2.416
1749265679,2.54200000,6.91000000,2.416
1749265679,2.54300000,4.95000000,2.416
1749265679,2.54400000,15.80000000,2.416
1749265679,2.54500000,5.00000000,2.416
1749265679,2.54900000,6.29000000,2.416
1749265679,2.55000000,55.60000000,2.416
1749265679,2.55500000,5.82000000,2.416
1749265679,2.55600000,4.12000000,2.416
1749265679,2.55800000,24.49000000,2.416
1749265679,2.56000000,42.84000000,2.416
1749265679,2.56100000,2.18000000,2.416
1749265679,2.56300000,2.52000000,2.416
1749265679,2.56700000,10.53000000,2.416
1749265981,2.42100000,115.70000000,2.42
1749265981,2.42200000,2197.44000000,2.42
1749265981,2.42300000,319.67000000,2.42
1749265981,2.42400000,669.20000000,2.42
1749265981,2.42500000,1324.49000000,2.42
1749265981,2.42600000,718.35000000,2.42
1749265981,2.42700000,960.90000000,2.42
1749265981,2.42800000,186.59000000,2.42
1749265981,2.42900000,1643.67000000,2.42
1749265981,2.43000000,313.38000000,2.42
1749265981,2.43100000,105.22000000,2.42
1749265981,2.43200000,619.63000000,2.42
1749265981,2.43300000,1868.97000000,2.42
1749265981,2.43400000,104.63000000,2.42
1749265981,2.43500000,320.24000000,2.42
1749265981,2.43600000,2716.77000000,2.42
1749265981,2.43700000,3.11000000,2.42
1749265981,2.43800000,3.11000000,2.42
1749265981,2.43900000,308.08000000,2.42
1749265981,2.44000000,10.70000000,2.42
1749265981,2.44100000,233.83000000,2.42
1749265981,2.44200000,314.37000000,2.42
1749265981,2.44300000,52.94000000,2.42
1749265981,2.44400000,104.82000000,2.42
1749265981,2.44500000,338.36000000,2.42
1749265981,2.44700000,2.77000000,2.42
1749265981,2.44800000,205.97000000,2.42
1749265981,2.45000000,4.34000000,2.42
1749265981,2.45100000,168.50000000,2.42
1749265981,2.45200000,101.52000000,2.42
1749265981,2.45300000,108.12000000,2.42
1749265981,2.45400000,2.18000000,2.42
1749265981,2.45600000,2238.33000000,2.42
1749265981,2.45800000,525.53000000,2.42
1749265981,2.46000000,11.64000000,2.42
1749265981,2.46100000,2.77000000,2.42
1749265981,2.46200000,33.16000000,2.42
1749265981,2.46300000,202.61000000,2.42
1749265981,2.46400000,2181.30000000,2.42
1749265981,2.46500000,11.71000000,2.42
1749265981,2.46600000,2.18000000,2.42
1749265981,2.47000000,55.23000000,2.42
1749265981,2.47100000,6.84000000,2.42
1749265981,2.47500000,22.65000000,2.42
1749265981,2.47600000,229.48000000,2.42
1749265981,2.47700000,2.85000000,2.42
1749265981,2.47800000,2.18000000,2.42
1749265981,2.47900000,32.93000000,2.42
1749265981,2.48000000,74.00000000,2.42
1749265981,2.48200000,2.48000000,2.42
1749265981,2.48700000,220.75000000,2.42
1749265981,2.48800000,78.39000000,2.42
1749265981,2.48900000,101.50000000,2.42
1749265981,2.49000000,423.42000000,2.42
1749265981,2.49100000,13.50000000,2.42
1749265981,2.49200000,399.60000000,2.42
1749265981,2.49500000,792.98000000,2.42
1749265981,2.49700000,32.69000000,2.42
1749265981,2.49800000,24.06000000,2.42
1749265981,2.49900000,208.84000000,2.42
1749265981,2.50000000,407.00000000,2.42
1749265981,2.50100000,217.80000000,2.42
1749265981,2.50200000,2.18000000,2.42
1749265981,2.50300000,2.77000000,2.42
1749265981,2.50400000,2.08000000,2.42
1749265981,2.50700000,2.52000000,2.42
1749265981,2.50800000,21.93000000,2.42
1749265981,2.51000000,4.12000000,2.42
1749265981,2.51100000,2.23000000,2.42
1749265981,2.51300000,3.98000000,2.42
1749265981,2.51400000,34.65000000,2.42
1749265981,2.51500000,389.38000000,2.42
1749265981,2.51600000,10.36000000,2.42
1749265981,2.52000000,13.01000000,2.42
1749265981,2.52100000,14.47000000,2.42
1749265981,2.52200000,11.52000000,2.42
1749265981,2.52400000,6.29000000,2.42
1749265981,2.52500000,6.54000000,2.42
1749265981,2.52600000,2.18000000,2.42
1749265981,2.52700000,2.85000000,2.42
1749265981,2.52800000,2.48000000,2.42
1749265981,2.53000000,2.77000000,2.42
1749265981,2.53200000,36.44000000,2.42
1749265981,2.53300000,13.98000000,2.42
1749265981,2.53400000,392.27000000,2.42
1749265981,2.53800000,104.70000000,2.42
1749265981,2.54000000,419.60000000,2.42
1749265981,2.54100000,7.59000000,2.42
1749265981,2.54200000,6.91000000,2.42
1749265981,2.54300000,4.95000000,2.42
1749265981,2.54400000,15.80000000,2.42
1749265981,2.54500000,5.00000000,2.42
1749265981,2.54900000,6.29000000,2.42
1749265981,2.55000000,55.60000000,2.42
1749265981,2.55500000,5.82000000,2.42
1749265981,2.55600000,4.12000000,2.42
1749265981,2.55800000,24.49000000,2.42
1749265981,2.56000000,42.84000000,2.42
1749265981,2.56100000,2.18000000,2.42
1749265981,2.56300000,2.52000000,2.42
1749266287,2.42200000,132.38000000,2.422
1749266287,2.42300000,942.04000000,2.422
1749266287,2.42400000,1030.02000000,2.422
1749266287,2.42500000,1411.29000000,2.422
1749266287,2.42600000,682.02000000,2.422
1749266287,2.42700000,945.18000000,2.422
1749266287,2.42800000,589.28000000,2.422
1749266287,2.42900000,1142.79000000,2.422
1749266287,2.43000000,587.26000000,2.422
1749266287,2.43100000,813.18000000,2.422
1749266287,2.43200000,313.54000000,2.422
1749266287,2.43300000,935.46000000,2.422
1749266287,2.43400000,575.89000000,2.422
1749266287,2.43500000,499.82000000,2.422
1749266287,2.43600000,313.66000000,2.422
1749266287,2.43700000,3593.78000000,2.422
1749266287,2.43800000,102.11000000,2.422
1749266287,2.43900000,308.08000000,2.422
1749266287,2.44000000,10.70000000,2.422
1749266287,2.44100000,307.99000000,2.422
1749266287,2.44200000,780.93000000,2.422
1749266287,2.44300000,74.26000000,2.422
1749266287,2.44400000,107.92000000,2.422
1749266287,2.44500000,341.46000000,2.422
1749266287,2.44600000,3.10000000,2.422
1749266287,2.44700000,13.98000000,2.422
1749266287,2.44800000,205.97000000,2.422
1749266287,2.45000000,4.34000000,2.422
1749266287,2.45100000,168.50000000,2.422
1749266287,2.45200000,101.52000000,2.422
1749266287,2.45300000,108.12000000,2.422
1749266287,2.45400000,2.18000000,2.422
1749266287,2.45600000,2235.78000000,2.422
1749266287,2.45800000,525.53000000,2.422
1749266287,2.46000000,110.64000000,2.422
1749266287,2.46100000,2.77000000,2.422
1749266287,2.46200000,33.16000000,2.422
1749266287,2.46300000,301.61000000,2.422
1749266287,2.46400000,2201.31000000,2.422
1749266287,2.46500000,11.71000000,2.422
1749266287,2.46600000,2.18000000,2.422
1749266287,2.47000000,154.23000000,2.422
1749266287,2.47100000,6.84000000,2.422
1749266287,2.47200000,177.99000000,2.422
1749266287,2.47500000,22.65000000,2.422
1749266287,2.47600000,229.48000000,2.422
1749266287,2.47700000,2.85000000,2.422
1749266287,2.47800000,2.18000000,2.422
1749266287,2.47900000,32.93000000,2.422
1749266287,2.48000000,74.00000000,2.422
1749266287,2.48200000,2.48000000,2.422
1749266287,2.48700000,220.75000000,2.422
1749266287,2.48800000,78.39000000,2.422
1749266287,2.48900000,2.77000000,2.422
1749266287,2.49000000,423.42000000,2.422
1749266287,2.49100000,13.50000000,2.422
1749266287,2.49200000,399.60000000,2.422
1749266287,2.49500000,792.98000000,2.422
1749266287,2.49600000,98.73000000,2.422
1749266287,2.49700000,32.69000000,2.422
1749266287,2.49800000,24.06000000,2.422
1749266287,2.49900000,208.84000000,2.422
1749266287,2.50000000,407.00000000,2.422
1749266287,2.50100000,217.80000000,2.422
1749266287,2.50200000,2.18000000,2.422
1749266287,2.50300000,2.77000000,2.422
1749266287,2.50400000,2.08000000,2.422
1749266287,2.50700000,2.52000000,2.422
1749266287,2.50800000,21.93000000,2.422
1749266287,2.51000000,4.12000000,2.422
1749266287,2.51100000,2.23000000,2.422
1749266287,2.51300000,3.98000000,2.422
1749266287,2.51400000,34.65000000,2.422
1749266287,2.51500000,389.38000000,2.422
1749266287,2.51600000,10.36000000,2.422
1749266287,2.52000000,13.01000000,2.422
1749266287,2.52100000,14.47000000,2.422
1749266287,2.52200000,11.52000000,2.422
1749266287,2.52400000,6.29000000,2.422
1749266287,2.52500000,6.54000000,2.422
1749266287,2.52600000,2.18000000,2.422
1749266287,2.52700000,2.85000000,2.422
1749266287,2.52800000,2.48000000,2.422
1749266287,2.53000000,2.77000000,2.422
1749266287,2.53200000,36.44000000,2.422
1749266287,2.53300000,13.98000000,2.422
1749266287,2.53800000,104.70000000,2.422
1749266287,2.54000000,419.60000000,2.422
1749266287,2.54100000,7.59000000,2.422
1749266287,2.54200000,399.18000000,2.422
1749266287,2.54300000,4.95000000,2.422
1749266287,2.54400000,15.80000000,2.422
1749266287,2.54500000,5.00000000,2.422
1749266287,2.54900000,6.29000000,2.422
1749266287,2.55000000,55.60000000,2.422
1749266287,2.55500000,5.82000000,2.422
1749266287,2.55600000,4.12000000,2.422
1749266287,2.55800000,24.49000000,2.422
1749266287,2.56000000,42.84000000,2.422
1749266287,2.56100000,2.18000000,2.422
1749266589,2.42100000,132.40000000,2.419
1749266589,2.42200000,608.49000000,2.419
1749266589,2.42300000,447.85000000,2.419
1749266589,2.42400000,306.33000000,2.419
1749266589,2.42500000,1040.13000000,2.419
1749266589,2.42600000,1106.32000000,2.419
1749266589,2.42700000,593.26000000,2.419
1749266589,2.42800000,602.38000000,2.419
1749266589,2.42900000,105.23000000,2.419
1749266589,2.43000000,2295.15000000,2.419
1749266589,2.43100000,605.22000000,2.419
1749266589,2.43200000,105.22000000,2.419
1749266589,2.43300000,2351.14000000,2.419
1749266589,2.43400000,107.73000000,2.419
1749266589,2.43500000,323.34000000,2.419
1749266589,2.43600000,313.66000000,2.419
1749266589,2.43700000,473.29000000,2.419
1749266589,2.43800000,102.11000000,2.419
1749266589,2.43900000,308.08000000,2.419
1749266589,2.44000000,10.70000000,2.419
1749266589,2.44100000,233.83000000,2.419
1749266589,2.44200000,410.51000000,2.419
1749266589,2.44300000,74.26000000,2.419
1749266589,2.44400000,107.92000000,2.419
1749266589,2.44500000,341.46000000,2.419
1749266589,2.44600000,3.10000000,2.419
1749266589,2.44700000,13.98000000,2.419
1749266589,2.44800000,304.97000000,2.419
1749266589,2.45000000,4.34000000,2.419
1749266589,2.45100000,168.50000000,2.419
1749266589,2.45200000,528.05000000,2.419
1749266589,2.45300000,108.12000000,2.419
1749266589,2.45400000,2.18000000,2.419
1749266589,2.45500000,2140.38000000,2.419
1749266589,2.45800000,99.00000000,2.419
1749266589,2.46000000,110.64000000,2.419
1749266589,2.46100000,2.77000000,2.419
1749266589,2.46200000,33.16000000,2.419
1749266589,2.46300000,301.61000000,2.419
1749266589,2.46400000,2201.31000000,2.419
1749266589,2.46500000,90.70000000,2.419
1749266589,2.46600000,2.18000000,2.419
1749266589,2.47000000,154.23000000,2.419
1749266589,2.47100000,6.84000000,2.419
1749266589,2.47200000,99.00000000,2.419
1749266589,2.47500000,22.65000000,2.419
1749266589,2.47600000,229.48000000,2.419
1749266589,2.47700000,2.85000000,2.419
1749266589,2.47800000,2.18000000,2.419
1749266589,2.47900000,32.93000000,2.419
1749266589,2.48000000,74.00000000,2.419
1749266589,2.48200000,2.48000000,2.419
1749266589,2.48700000,220.75000000,2.419
1749266589,2.48800000,78.39000000,2.419
1749266589,2.48900000,101.50000000,2.419
1749266589,2.49000000,423.42000000,2.419
1749266589,2.49100000,13.50000000,2.419
1749266589,2.49200000,399.60000000,2.419
1749266589,2.49500000,792.98000000,2.419
1749266589,2.49700000,32.69000000,2.419
1749266589,2.49800000,24.06000000,2.419
1749266589,2.49900000,208.84000000,2.419
1749266589,2.50000000,407.00000000,2.419
1749266589,2.50100000,217.80000000,2.419
1749266589,2.50200000,2.18000000,2.419
1749266589,2.50300000,2.77000000,2.419
1749266589,2.50400000,2.08000000,2.419
1749266589,2.50700000,2.52000000,2.419
1749266589,2.50800000,21.93000000,2.419
1749266589,2.51000000,4.12000000,2.419
1749266589,2.51100000,2.23000000,2.419
1749266589,2.51300000,3.98000000,2.419
1749266589,2.51400000,34.65000000,2.419
1749266589,2.51500000,389.38000000,2.419
1749266589,2.51600000,10.36000000,2.419
1749266589,2.52000000,13.01000000,2.419
1749266589,2.52100000,14.47000000,2.419
1749266589,2.52200000,11.52000000,2.419
1749266589,2.52400000,6.29000000,2.419
1749266589,2.52500000,6.54000000,2.419
1749266589,2.52600000,2.18000000,2.419
1749266589,2.52700000,2.85000000,2.419
1749266589,2.52800000,2.48000000,2.419
1749266589,2.53000000,2.77000000,2.419
1749266589,2.53200000,36.44000000,2.419
1749266589,2.53300000,13.98000000,2.419
1749266589,2.53500000,392.27000000,2.419
1749266589,2.53800000,104.70000000,2.419
1749266589,2.54000000,419.60000000,2.419
1749266589,2.54100000,7.59000000,2.419
1749266589,2.54200000,6.91000000,2.419
1749266589,2.54300000,4.95000000,2.419
1749266589,2.54400000,15.80000000,2.419
1749266589,2.54500000,5.00000000,2.419
1749266589,2.54900000,6.29000000,2.419
1749266589,2.55000000,55.60000000,2.419
1749266589,2.55500000,5.82000000,2.419
1749266589,2.55600000,4.12000000,2.419
1749266589,2.55800000,24.49000000,2.419
1749266589,2.56000000,42.84000000,2.419
1749266890,2.42600000,62.86000000,2.424
1749266890,2.42700000,837.62000000,2.424
1749266890,2.42800000,991.82000000,2.424
1749266890,2.42900000,1183.02000000,2.424
1749266890,2.43000000,769.15000000,2.424
1749266890,2.43100000,651.52000000,2.424
1749266890,2.43200000,1287.31000000,2.424
1749266890,2.43300000,524.47000000,2.424
1749266890,2.43400000,1077.03000000,2.424
1749266890,2.43500000,909.83000000,2.424
1749266890,2.43600000,489.77000000,2.424
1749266890,2.43700000,278.22000000,2.424
1749266890,2.43800000,102.11000000,2.424
1749266890,2.43900000,308.08000000,2.424
1749266890,2.44000000,3593.75000000,2.424
1749266890,2.44100000,360.96000000,2.424
1749266890,2.44200000,314.37000000,2.424
1749266890,2.44300000,74.26000000,2.424
1749266890,2.44400000,107.92000000,2.424
1749266890,2.44500000,711.43000000,2.424
1749266890,2.44600000,3.10000000,2.424
1749266890,2.44700000,112.98000000,2.424
1749266890,2.44800000,304.97000000,2.424
1749266890,2.45000000,4.34000000,2.424
1749266890,2.45100000,374.47000000,2.424
1749266890,2.45200000,101.52000000,2.424
1749266890,2.45300000,108.12000000,2.424
1749266890,2.45400000,2.18000000,2.424
1749266890,2.45800000,99.00000000,2.424
1749266890,2.46000000,2244.86000000,2.424
1749266890,2.46100000,2.77000000,2.424
1749266890,2.46200000,558.69000000,2.424
1749266890,2.46300000,301.61000000,2.424
1749266890,2.46400000,2201.31000000,2.424
1749266890,2.46500000,110.71000000,2.424
1749266890,2.46600000,2.18000000,2.424
1749266890,2.47000000,154.23000000,2.424
1749266890,2.47100000,6.84000000,2.424
1749266890,2.47200000,99.00000000,2.424
1749266890,2.47300000,177.99000000,2.424
1749266890,2.47500000,22.65000000,2.424
1749266890,2.47600000,229.48000000,2.424
1749266890,2.47700000,2.85000000,2.424
1749266890,2.47800000,2.18000000,2.424
1749266890,2.47900000,32.93000000,2.424
1749266890,2.48000000,74.00000000,2.424
1749266890,2.48200000,2.48000000,2.424
1749266890,2.48700000,220.75000000,2.424
1749266890,2.48800000,78.39000000,2.424
1749266890,2.48900000,2.77000000,2.424
1749266890,2.49000000,423.42000000,2.424
1749266890,2.49100000,13.50000000,2.424
1749266890,2.49200000,399.60000000,2.424
1749266890,2.49500000,792.98000000,2.424
1749266890,2.49600000,98.73000000,2.424
1749266890,2.49700000,32.69000000,2.424
1749266890,2.49800000,24.06000000,2.424
1749266890,2.49900000,208.84000000,2.424
1749266890,2.50000000,407.00000000,2.424
1749266890,2.50100000,217.80000000,2.424
1749266890,2.50200000,2.18000000,2.424
1749266890,2.50300000,2.77000000,2.424
1749266890,2.50400000,2.08000000,2.424
1749266890,2.50700000,2.52000000,2.424
1749266890,2.50800000,21.93000000,2.424
1749266890,2.51000000,4.12000000,2.424
1749266890,2.51100000,2.23000000,2.424
1749266890,2.51300000,3.98000000,2.424
1749266890,2.51400000,34.65000000,2.424
1749266890,2.51500000,389.38000000,2.424
1749266890,2.51600000,10.36000000,2.424
1749266890,2.52000000,13.01000000,2.424
1749266890,2.52100000,14.47000000,2.424
1749266890,2.52200000,11.52000000,2.424
1749266890,2.52400000,6.29000000,2.424
1749266890,2.52500000,6.54000000,2.424
1749266890,2.52600000,2.18000000,2.424
1749266890,2.52700000,2.85000000,2.424
1749266890,2.52800000,2.48000000,2.424
1749266890,2.53000000,2.77000000,2.424
1749266890,2.53200000,36.44000000,2.424
1749266890,2.53300000,13.98000000,2.424
1749266890,2.53800000,104.70000000,2.424
1749266890,2.54000000,419.60000000,2.424
1749266890,2.54100000,7.59000000,2.424
1749266890,2.54200000,399.18000000,2.424
1749266890,2.54300000,4.95000000,2.424
1749266890,2.54400000,15.80000000,2.424
1749266890,2.54500000,5.00000000,2.424
1749266890,2.54900000,6.29000000,2.424
1749266890,2.55000000,55.60000000,2.424
1749266890,2.55500000,5.82000000,2.424
1749266890,2.55600000,4.12000000,2.424
1749266890,2.55800000,24.49000000,2.424
1749266890,2.56000000,42.84000000,2.424
1749266890,2.56100000,2.18000000,2.424
1749266890,2.56300000,2.52000000,2.424
1749266890,2.56700000,10.53000000,2.424
1749266890,2.56800000,46.26000000,2.424
1749266890,2.57200000,2.77000000,2.424
1749267192,2.42400000,99.00000000,2.425
1749267192,2.42500000,891.61000000,2.425
1749267192,2.42600000,780.55000000,2.425
1749267192,2.42700000,747.39000000,2.425
1749267192,2.42800000,909.37000000,2.425
1749267192,2.42900000,715.61000000,2.425
1749267192,2.43000000,1308.42000000,2.425
1749267192,2.43100000,938.61000000,2.425
1749267192,2.43200000,344.33000000,2.425
1749267192,2.43300000,1259.07000000,2.425
1749267192,2.43400000,107.73000000,2.425
1749267192,2.43500000,323.34000000,2.425
1749267192,2.43600000,313.66000000,2.425
1749267192,2.43700000,102.11000000,2.425
1749267192,2.43800000,3589.32000000,2.425
1749267192,2.43900000,308.08000000,2.425
1749267192,2.44000000,205.84000000,2.425
1749267192,2.44100000,307.99000000,2.425
1749267192,2.44200000,314.37000000,2.425
1749267192,2.44300000,74.26000000,2.425
1749267192,2.44400000,107.92000000,2.425
1749267192,2.44500000,711.43000000,2.425
1749267192,2.44600000,3.10000000,2.425
1749267192,2.44700000,112.98000000,2.425
1749267192,2.44800000,304.97000000,2.425
1749267192,2.45000000,4.34000000,2.425
1749267192,2.45100000,374.47000000,2.425
1749267192,2.45200000,101.52000000,2.425
1749267192,2.45300000,108.12000000,2.425
1749267192,2.45400000,2.18000000,2.425
1749267192,2.45800000,2235.43000000,2.425
1749267192,2.46000000,110.64000000,2.425
1749267192,2.46100000,2.77000000,2.425
1749267192,2.46200000,558.69000000,2.425
1749267192,2.46300000,301.61000000,2.425
1749267192,2.46400000,2201.31000000,2.425
1749267192,2.46500000,110.71000000,2.425
1749267192,2.46600000,2.18000000,2.425
1749267192,2.47000000,154.23000000,2.425
1749267192,2.47100000,6.84000000,2.425
1749267192,2.47300000,78.99000000,2.425
1749267192,2.47500000,22.65000000,2.425
1749267192,2.47600000,229.48000000,2.425
1749267192,2.47700000,2.85000000,2.425
1749267192,2.47800000,2.18000000,2.425
1749267192,2.47900000,32.93000000,2.425
1749267192,2.48000000,74.00000000,2.425
1749267192,2.48200000,2.48000000,2.425
1749267192,2.48700000,220.75000000,2.425
1749267192,2.48800000,78.39000000,2.425
1749267192,2.48900000,2.77000000,2.425
1749267192,2.49000000,423.42000000,2.425
1749267192,2.49100000,13.50000000,2.425
1749267192,2.49200000,399.60000000,2.425
1749267192,2.49500000,792.98000000,2.425
1749267192,2.49600000,98.73000000,2.425
1749267192,2.49700000,32.69000000,2.425
1749267192,2.49800000,24.06000000,2.425
1749267192,2.49900000,208.84000000,2.425
1749267192,2.50000000,407.00000000,2.425
1749267192,2.50100000,217.80000000,2.425
1749267192,2.50200000,2.18000000,2.425
1749267192,2.50300000,2.77000000,2.425
1749267192,2.50400000,2.08000000,2.425
1749267192,2.50700000,2.52000000,2.425
1749267192,2.50800000,21.93000000,2.425
1749267192,2.51000000,4.12000000,2.425
1749267192,2.51100000,2.23000000,2.425
1749267192,2.51300000,3.98000000,2.425
1749267192,2.51400000,34.65000000,2.425
1749267192,2.51500000,389.38000000,2.425
1749267192,2.51600000,10.36000000,2.425
1749267192,2.52000000,13.01000000,2.425
1749267192,2.52100000,14.47000000,2.425
1749267192,2.52200000,11.52000000,2.425
1749267192,2.52400000,6.29000000,2.425
1749267192,2.52500000,6.54000000,2.425
1749267192,2.52600000,2.18000000,2.425
1749267192,2.52700000,2.85000000,2.425
1749267192,2.52800000,2.48000000,2.425
1749267192,2.53000000,2.77000000,2.425
1749267192,2.53200000,36.44000000,2.425
1749267192,2.53300000,13.98000000,2.425
1749267192,2.53800000,104.70000000,2.425
1749267192,2.54000000,419.60000000,2.425
1749267192,2.54100000,7.59000000,2.425
1749267192,2.54200000,399.18000000,2.425
1749267192,2.54300000,4.95000000,2.425
1749267192,2.54400000,15.80000000,2.425
1749267192,2.54500000,5.00000000,2.425
1749267192,2.54900000,6.29000000,2.425
1749267192,2.55000000,55.60000000,2.425
1749267192,2.55500000,5.82000000,2.425
1749267192,2.55600000,4.12000000,2.425
1749267192,2.55800000,24.49000000,2.425
1749267192,2.56000000,42.84000000,2.425
1749267192,2.56100000,2.18000000,2.425
1749267192,2.56300000,2.52000000,2.425
1749267192,2.56700000,10.53000000,2.425
1749267192,2.56800000,46.26000000,2.425
1749267498,2.42500000,131.78000000,2.424
1749267498,2.42600000,842.77000000,2.424
1749267498,2.42700000,631.00000000,2.424
1749267498,2.42800000,812.69000000,2.424
1749267498,2.42900000,348.90000000,2.424
1749267498,2.43000000,468.34000000,2.424
1749267498,2.43100000,678.15000000,2.424
1749267498,2.43200000,1321.19000000,2.424
1749267498,2.43300000,1314.94000000,2.424
1749267498,2.43400000,283.99000000,2.424
1749267498,2.43500000,910.18000000,2.424
1749267498,2.43600000,524.40000000,2.424
1749267498,2.43700000,1807.57000000,2.424
1749267498,2.43800000,102.11000000,2.424
1749267498,2.43900000,308.08000000,2.424
1749267498,2.44000000,2129.02000000,2.424
1749267498,2.44100000,307.99000000,2.424
1749267498,2.44200000,314.37000000,2.424
1749267498,2.44300000,74.26000000,2.424
1749267498,2.44400000,107.92000000,2.424
1749267498,2.44500000,711.43000000,2.424
1749267498,2.44600000,3.10000000,2.424
1749267498,2.44700000,112.98000000,2.424
1749267498,2.44800000,304.97000000,2.424
1749267498,2.45000000,4.34000000,2.424
1749267498,2.45100000,374.47000000,2.424
1749267498,2.45200000,101.52000000,2.424
1749267498,2.45300000,108.12000000,2.424
1749267498,2.45400000,2.18000000,2.424
1749267498,2.45800000,99.00000000,2.424
1749267498,2.45900000,2134.43000000,2.424
1749267498,2.46000000,110.64000000,2.424
1749267498,2.46100000,2.77000000,2.424
1749267498,2.46200000,558.69000000,2.424
1749267498,2.46300000,301.61000000,2.424
1749267498,2.46400000,2201.31000000,2.424
1749267498,2.46500000,110.71000000,2.424
1749267498,2.46600000,2.18000000,2.424
1749267498,2.47000000,154.23000000,2.424
1749267498,2.47100000,6.84000000,2.424
1749267498,2.47300000,177.99000000,2.424
1749267498,2.47500000,22.65000000,2.424
1749267498,2.47600000,229.48000000,2.424
1749267498,2.47700000,2.85000000,2.424
1749267498,2.47800000,2.18000000,2.424
1749267498,2.47900000,32.93000000,2.424
1749267498,2.48000000,74.00000000,2.424
1749267498,2.48200000,2.48000000,2.424
1749267498,2.48700000,220.75000000,2.424
1749267498,2.48800000,78.39000000,2.424
1749267498,2.48900000,2.77000000,2.424
1749267498,2.49000000,423.42000000,2.424
1749267498,2.49100000,13.50000000,2.424
1749267498,2.49200000,399.60000000,2.424
1749267498,2.49500000,792.98000000,2.424
1749267498,2.49600000,98.73000000,2.424
1749267498,2.49700000,32.69000000,2.424
1749267498,2.49800000,24.06000000,2.424
1749267498,2.49900000,208.84000000,2.424
1749267498,2.50000000,407.00000000,2.424
1749267498,2.50100000,217.80000000,2.424
1749267498,2.50200000,2.18000000,2.424
1749267498,2.50300000,2.77000000,2.424
1749267498,2.50400000,2.08000000,2.424
1749267498,2.50700000,2.52000000,2.424
1749267498,2.50800000,21.93000000,2.424
1749267498,2.51000000,4.12000000,2.424
1749267498,2.51100000,2.23000000,2.424
1749267498,2.51300000,3.98000000,2.424
1749267498,2.51400000,34.65000000,2.424
1749267498,2.51500000,389.38000000,2.424
1749267498,2.51600000,10.36000000,2.424
1749267498,2.52000000,13.01000000,2.424
1749267498,2.52100000,14.47000000,2.424
1749267498,2.52200000,11.52000000,2.424
1749267498,2.52400000,6.29000000,2.424
1749267498,2.52500000,6.54000000,2.424
1749267498,2.52600000,2.18000000,2.424
1749267498,2.52700000,2.85000000,2.424
1749267498,2.52800000,2.48000000,2.424
1749267498,2.53000000,2.77000000,2.424
1749267498,2.53200000,36.44000000,2.424
1749267498,2.53300000,13.98000000,2.424
1749267498,2.53800000,104.70000000,2.424
1749267498,2.54000000,419.60000000,2.424
1749267498,2.54100000,7.59000000,2.424
1749267498,2.54200000,399.18000000,2.424
1749267498,2.54300000,4.95000000,2.424
1749267498,2.54400000,15.80000000,2.424
1749267498,2.54500000,5.00000000,2.424
1749267498,2.54900000,6.29000000,2.424
1749267498,2.55000000,55.60000000,2.424
1749267498,2.55500000,5.82000000,2.424
1749267498,2.55600000,4.12000000,2.424
1749267498,2.55800000,24.49000000,2.424
1749267498,2.56000000,42.84000000,2.424
1749267498,2.56100000,2.18000000,2.424
1749267498,2.56300000,2.52000000,2.424
1749267498,2.56700000,10.53000000,2.424
1749267498,2.56800000,46.26000000,2.424
1749267800,2.42700000,49.25000000,2.427
1749267800,2.42800000,908.92000000,2.427
1749267800,2.42900000,980.92000000,2.427
1749267800,2.43000000,1231.78000000,2.427
1749267800,2.43100000,311.08000000,2.427
1749267800,2.43200000,345.39000000,2.427
1749267800,2.43300000,832.25000000,2.427
1749267800,2.43400000,1613.01000000,2.427
1749267800,2.43500000,323.34000000,2.427
1749267800,2.43600000,766.69000000,2.427
1749267800,2.43700000,105.21000000,2.427
1749267800,2.43800000,1633.38000000,2.427
1749267800,2.43900000,308.08000000,2.427
1749267800,2.44000000,109.70000000,2.427
1749267800,2.44100000,307.99000000,2.427
1749267800,2.44200000,2269.88000000,2.427
1749267800,2.44300000,162.92000000,2.427
1749267800,2.44400000,107.92000000,2.427
1749267800,2.44500000,711.43000000,2.427
1749267800,2.44600000,3.10000000,2.427
1749267800,2.44700000,112.98000000,2.427
1749267800,2.44800000,308.06000000,2.427
1749267800,2.45000000,4.34000000,2.427
1749267800,2.45100000,374.47000000,2.427
1749267800,2.45200000,101.52000000,2.427
1749267800,2.45300000,108.12000000,2.427
1749267800,2.45400000,2.18000000,2.427
1749267800,2.45800000,99.00000000,2.427
1749267800,2.46000000,110.64000000,2.427
1749267800,2.46100000,2235.29000000,2.427
1749267800,2.46200000,558.69000000,2.427
1749267800,2.46300000,301.61000000,2.427
1749267800,2.46400000,2201.31000000,2.427
1749267800,2.46500000,110.71000000,2.427
1749267800,2.46600000,2.18000000,2.427
1749267800,2.47000000,154.23000000,2.427
1749267800,2.47100000,6.84000000,2.427
1749267800,2.47300000,177.99000000,2.427
1749267800,2.47500000,22.65000000,2.427
1749267800,2.47600000,328.48000000,2.427
1749267800,2.47700000,2.85000000,2.427
1749267800,2.47800000,2.18000000,2.427
1749267800,2.47900000,32.93000000,2.427
1749267800,2.48000000,74.00000000,2.427
1749267800,2.48200000,2.48000000,2.427
1749267800,2.48700000,220.75000000,2.427
1749267800,2.48800000,78.39000000,2.427
1749267800,2.48900000,2.77000000,2.427
1749267800,2.49000000,423.42000000,2.427
1749267800,2.49100000,13.50000000,2.427
1749267800,2.49200000,399.60000000,2.427
1749267800,2.49500000,792.98000000,2.427
1749267800,2.49600000,98.73000000,2.427
1749267800,2.49700000,32.69000000,2.427
1749267800,2.49800000,24.06000000,2.427
1749267800,2.49900000,208.84000000,2.427
1749267800,2.50000000,407.00000000,2.427
1749267800,2.50100000,217.80000000,2.427
1749267800,2.50200000,2.18000000,2.427
1749267800,2.50300000,2.77000000,2.427
1749267800,2.50400000,2.08000000,2.427
1749267800,2.50700000,2.52000000,2.427
1749267800,2.50800000,21.93000000,2.427
1749267800,2.51000000,4.12000000,2.427
1749267800,2.51100000,2.23000000,2.427
1749267800,2.51300000,3.98000000,2.427
1749267800,2.51400000,34.65000000,2.427
1749267800,2.51500000,389.38000000,2.427
1749267800,2.51600000,10.36000000,2.427
1749267800,2.52000000,13.01000000,2.427
1749267800,2.52100000,14.47000000,2.427
1749267800,2.52200000,11.52000000,2.427
1749267800,2.52400000,6.29000000,2.427
1749267800,2.52500000,6.54000000,2.427
1749267800,2.52600000,2.18000000,2.427
1749267800,2.52700000,2.85000000,2.427
1749267800,2.52800000,2.48000000,2.427
1749267800,2.53000000,2.77000000,2.427
1749267800,2.53200000,36.44000000,2.427
1749267800,2.53300000,13.98000000,2.427
1749267800,2.53800000,104.70000000,2.427
1749267800,2.54000000,419.60000000,2.427
1749267800,2.54100000,7.59000000,2.427
1749267800,2.54200000,399.18000000,2.427
1749267800,2.54300000,4.95000000,2.427
1749267800,2.54400000,15.80000000,2.427
1749267800,2.54500000,5.00000000,2.427
1749267800,2.54900000,6.29000000,2.427
1749267800,2.55000000,55.60000000,2.427
1749267800,2.55500000,5.82000000,2.427
1749267800,2.55600000,4.12000000,2.427
1749267800,2.55800000,24.49000000,2.427
1749267800,2.56000000,42.84000000,2.427
1749267800,2.56100000,2.18000000,2.427
1749267800,2.56300000,2.52000000,2.427
1749267800,2.56700000,10.53000000,2.427
1749267800,2.56800000,46.26000000,2.427
1749267800,2.57200000,2.77000000,2.427
1749267800,2.57300000,8.47000000,2.427
1749267800,2.57500000,2.81000000,2.427
1749268102,2.43200000,306.87000000,2.432
1749268102,2.43300000,1634.53000000,2.432
1749268102,2.43400000,1467.51000000,2.432
1749268102,2.43500000,673.41000000,2.432
1749268102,2.43600000,715.08000000,2.432
1749268102,2.43700000,1425.30000000,2.432
1749268102,2.43800000,1248.12000000,2.432
1749268102,2.43900000,692.23000000,2.432
1749268102,2.44000000,288.61000000,2.432
1749268102,2.44100000,896.38000000,2.432
1749268102,2.44200000,493.21000000,2.432
1749268102,2.44300000,1735.55000000,2.432
1749268102,2.44400000,107.92000000,2.432
1749268102,2.44500000,2294.78000000,2.432
1749268102,2.44600000,3.10000000,2.432
1749268102,2.44700000,112.98000000,2.432
1749268102,2.44800000,308.06000000,2.432
1749268102,2.44900000,3.09000000,2.432
1749268102,2.45000000,475.64000000,2.432
1749268102,2.45100000,377.56000000,2.432
1749268102,2.45200000,104.61000000,2.432
1749268102,2.45300000,108.12000000,2.432
1749268102,2.45400000,257.99000000,2.432
1749268102,2.45800000,99.00000000,2.432
1749268102,2.46000000,110.64000000,2.432
1749268102,2.46100000,2.77000000,2.432
1749268102,2.46200000,33.16000000,2.432
1749268102,2.46300000,202.61000000,2.432
1749268102,2.46400000,2102.31000000,2.432
1749268102,2.46500000,2141.73000000,2.432
1749268102,2.46600000,2.18000000,2.432
1749268102,2.46700000,426.53000000,2.432
1749268102,2.47000000,55.23000000,2.432
1749268102,2.47100000,6.84000000,2.432
1749268102,2.47300000,78.99000000,2.432
1749268102,2.47500000,22.65000000,2.432
1749268102,2.47600000,9.12000000,2.432
1749268102,2.47700000,2.85000000,2.432
1749268102,2.47800000,2.18000000,2.432
