timestamp,price,volume,current_price
1749254642,2.37700000,99.00000000,2.377
1749254642,2.37800000,926.15000000,2.377
1749254642,2.37900000,1292.48000000,2.377
1749254642,2.38000000,1093.87000000,2.377
1749254642,2.38100000,777.13000000,2.377
1749254642,2.38200000,398.37000000,2.377
1749254642,2.38300000,956.56000000,2.377
1749254642,2.38400000,1614.29000000,2.377
1749254642,2.38500000,514.67000000,2.377
1749254642,2.38600000,402.11000000,2.377
1749254642,2.38700000,1140.39000000,2.377
1749254642,2.38800000,402.57000000,2.377
1749254642,2.38900000,186.00000000,2.377
1749254642,2.39000000,222.82000000,2.377
1749254642,2.39100000,2002.69000000,2.377
1749254642,2.39200000,222.82000000,2.377
1749254642,2.39300000,3.17000000,2.377
1749254642,2.39400000,1829.68000000,2.377
1749254642,2.39500000,79.50000000,2.377
1749254642,2.39600000,219.65000000,2.377
1749254642,2.39700000,388.47000000,2.377
1749254642,2.39800000,219.65000000,2.377
1749254642,2.39900000,92.77000000,2.377
1749254642,2.40000000,303.61000000,2.377
1749254642,2.40100000,3.16000000,2.377
1749254642,2.40200000,3.16000000,2.377
1749254642,2.40500000,21.32000000,2.377
1749254642,2.40700000,2.18000000,2.377
1749254642,2.40900000,69.50000000,2.377
1749254642,2.41000000,429.02000000,2.377
1749254642,2.41100000,2211.24000000,2.377
1749254642,2.41400000,2.49000000,2.377
1749254642,2.41500000,36.67000000,2.377
1749254642,2.41600000,10.11000000,2.377
1749254642,2.41800000,75.00000000,2.377
1749254642,2.41900000,2.18000000,2.377
1749254642,2.42800000,129.93000000,2.377
1749254642,2.43000000,2.18000000,2.377
1749254642,2.43300000,2.77000000,2.377
1749254642,2.43400000,2.52000000,2.377
1749254642,2.43500000,218.13000000,2.377
1749254642,2.43600000,2.48000000,2.377
1749254642,2.43800000,58.31000000,2.377
1749254642,2.43900000,220.36000000,2.377
1749254642,2.44000000,10.05000000,2.377
1749254642,2.44200000,6.30000000,2.377
1749254642,2.44400000,222.45000000,2.377
1749254642,2.44500000,33.39000000,2.377
1749254642,2.44700000,2.77000000,2.377
1749254642,2.44800000,98.73000000,2.377
1749254642,2.45000000,403.94000000,2.377
1749254642,2.45200000,2.52000000,2.377
1749254642,2.45300000,9.12000000,2.377
1749254642,2.45400000,2.18000000,2.377
1749254642,2.45700000,2.85000000,2.377
1749254642,2.45800000,3.25000000,2.377
1749254642,2.46000000,11.64000000,2.377
1749254642,2.46100000,6.02000000,2.377
1749254642,2.46200000,36.82000000,2.377
1749254642,2.46300000,174.40000000,2.377
1749254642,2.46400000,2105.56000000,2.377
1749254642,2.46500000,11.71000000,2.377
1749254642,2.46600000,2.18000000,2.377
1749254642,2.46800000,389.38000000,2.377
1749254642,2.47000000,55.23000000,2.377
1749254642,2.47100000,6.84000000,2.377
1749254642,2.47500000,22.65000000,2.377
1749254642,2.47600000,9.12000000,2.377
1749254642,2.47700000,2.85000000,2.377
1749254642,2.47800000,2.18000000,2.377
1749254642,2.47900000,32.93000000,2.377
1749254642,2.48000000,19.00000000,2.377
1749254642,2.48100000,25.00000000,2.377
1749254642,2.48200000,2.48000000,2.377
1749254642,2.48700000,4.12000000,2.377
1749254642,2.48800000,24.10000000,2.377
1749254642,2.48900000,2.77000000,2.377
1749254642,2.49000000,423.42000000,2.377
1749254642,2.49100000,13.50000000,2.377
1749254642,2.49200000,392.27000000,2.377
1749254642,2.49500000,792.98000000,2.377
1749254642,2.49600000,102.52000000,2.377
1749254642,2.49700000,32.69000000,2.377
1749254642,2.49800000,24.06000000,2.377
1749254642,2.49900000,208.84000000,2.377
1749254642,2.50000000,407.00000000,2.377
1749254642,2.50100000,217.80000000,2.377
1749254642,2.50200000,2.18000000,2.377
1749254642,2.50300000,2.77000000,2.377
1749254642,2.50400000,2.08000000,2.377
1749254642,2.50500000,7.18000000,2.377
1749254642,2.50700000,2.52000000,2.377
1749254642,2.50800000,21.93000000,2.377
1749254642,2.51000000,12.88000000,2.377
1749254642,2.51100000,2.23000000,2.377
1749254642,2.51300000,3.98000000,2.377
1749254642,2.51400000,34.65000000,2.377
1749254642,2.51600000,10.36000000,2.377
1749254642,2.52000000,13.01000000,2.377
1749254642,2.52100000,14.47000000,2.377
1749254960,2.38200000,99.00000000,2.381
1749254960,2.38300000,831.15000000,2.381
1749254960,2.38400000,1083.12000000,2.381
1749254960,2.38500000,1422.66000000,2.381
1749254960,2.38600000,938.75000000,2.381
1749254960,2.38700000,725.49000000,2.381
1749254960,2.38800000,1797.44000000,2.381
1749254960,2.38900000,690.85000000,2.381
1749254960,2.39000000,402.28000000,2.381
1749254960,2.39100000,603.90000000,2.381
1749254960,2.39200000,722.79000000,2.381
1749254960,2.39300000,185.69000000,2.381
1749254960,2.39400000,253.73000000,2.381
1749254960,2.39500000,258.79000000,2.381
1749254960,2.39600000,2212.23000000,2.381
1749254960,2.39700000,1960.91000000,2.381
1749254960,2.39800000,219.62000000,2.381
1749254960,2.39900000,92.77000000,2.381
1749254960,2.40000000,314.10000000,2.381
1749254960,2.40100000,3.16000000,2.381
1749254960,2.40200000,13.65000000,2.381
1749254960,2.40300000,3.15000000,2.381
1749254960,2.40400000,10.50000000,2.381
1749254960,2.40500000,21.32000000,2.381
1749254960,2.40700000,2.18000000,2.381
1749254960,2.40900000,69.50000000,2.381
1749254960,2.41000000,2.49000000,2.381
1749254960,2.41100000,33.86000000,2.381
1749254960,2.41400000,2.49000000,2.381
1749254960,2.41500000,2210.47000000,2.381
1749254960,2.41600000,436.64000000,2.381
1749254960,2.41800000,75.00000000,2.381
1749254960,2.41900000,2.18000000,2.381
1749254960,2.42800000,50.94000000,2.381
1749254960,2.43000000,2.18000000,2.381
1749254960,2.43300000,2.77000000,2.381
1749254960,2.43400000,2.52000000,2.381
1749254960,2.43500000,297.12000000,2.381
1749254960,2.43600000,2.48000000,2.381
1749254960,2.43800000,58.31000000,2.381
1749254960,2.43900000,220.36000000,2.381
1749254960,2.44000000,10.05000000,2.381
1749254960,2.44200000,6.30000000,2.381
1749254960,2.44400000,5.82000000,2.381
1749254960,2.44500000,33.39000000,2.381
1749254960,2.44700000,2.77000000,2.381
1749254960,2.45000000,403.94000000,2.381
1749254960,2.45100000,216.63000000,2.381
1749254960,2.45200000,2.52000000,2.381
1749254960,2.45300000,9.12000000,2.381
1749254960,2.45400000,2.18000000,2.381
1749254960,2.45500000,98.73000000,2.381
1749254960,2.45700000,2.85000000,2.381
1749254960,2.45800000,3.25000000,2.381
1749254960,2.46000000,11.64000000,2.381
1749254960,2.46100000,6.02000000,2.381
1749254960,2.46200000,36.82000000,2.381
1749254960,2.46300000,174.40000000,2.381
1749254960,2.46400000,2105.56000000,2.381
1749254960,2.46500000,11.71000000,2.381
1749254960,2.46600000,2.18000000,2.381
1749254960,2.47000000,55.23000000,2.381
1749254960,2.47100000,6.84000000,2.381
1749254960,2.47500000,412.03000000,2.381
1749254960,2.47600000,9.12000000,2.381
1749254960,2.47700000,2.85000000,2.381
1749254960,2.47800000,2.18000000,2.381
1749254960,2.47900000,32.93000000,2.381
1749254960,2.48000000,19.00000000,2.381
1749254960,2.48100000,25.00000000,2.381
1749254960,2.48200000,2.48000000,2.381
1749254960,2.48700000,4.12000000,2.381
1749254960,2.48800000,24.10000000,2.381
1749254960,2.48900000,2.77000000,2.381
1749254960,2.49000000,423.42000000,2.381
1749254960,2.49100000,13.50000000,2.381
1749254960,2.49200000,392.27000000,2.381
1749254960,2.49500000,792.98000000,2.381
1749254960,2.49600000,102.52000000,2.381
1749254960,2.49700000,32.69000000,2.381
1749254960,2.49800000,24.06000000,2.381
1749254960,2.49900000,208.84000000,2.381
1749254960,2.50000000,407.00000000,2.381
1749254960,2.50100000,217.80000000,2.381
1749254960,2.50200000,2.18000000,2.381
1749254960,2.50300000,2.77000000,2.381
1749254960,2.50400000,2.08000000,2.381
1749254960,2.50500000,7.18000000,2.381
1749254960,2.50700000,2.52000000,2.381
1749254960,2.50800000,21.93000000,2.381
1749254960,2.51000000,12.88000000,2.381
1749254960,2.51100000,2.23000000,2.381
1749254960,2.51300000,3.98000000,2.381
1749254960,2.51400000,34.65000000,2.381
1749254960,2.51600000,10.36000000,2.381
1749254960,2.52000000,13.01000000,2.381
1749254960,2.52100000,14.47000000,2.381
1749254960,2.52200000,11.52000000,2.381
1749254960,2.52400000,6.29000000,2.381
1749254960,2.52500000,6.54000000,2.381
