timestamp,price,volume,current_price
1749260676,394.60000000,41.90200000,394.6
1749260676,394.70000000,33.21800000,394.6
1749260676,394.80000000,52.31900000,394.6
1749260676,394.90000000,29.76500000,394.6
1749260676,395.00000000,37.50100000,394.6
1749260676,395.10000000,24.54300000,394.6
1749260676,395.20000000,21.90900000,394.6
1749260676,395.30000000,15.55800000,394.6
1749260676,395.40000000,19.50500000,394.6
1749260676,395.50000000,12.86500000,394.6
1749260676,395.60000000,7.08000000,394.6
1749260676,395.70000000,41.42900000,394.6
1749260676,395.80000000,3.71300000,394.6
1749260676,395.90000000,3.90900000,394.6
1749260676,396.00000000,7.11300000,394.6
1749260676,396.10000000,8.93600000,394.6
1749260676,396.20000000,31.94200000,394.6
1749260676,396.30000000,13.65600000,394.6
1749260676,396.40000000,4.59900000,394.6
1749260676,396.50000000,85.47500000,394.6
1749260676,396.60000000,5.36700000,394.6
1749260676,396.70000000,0.72400000,394.6
1749260676,396.80000000,120.28700000,394.6
1749260676,396.90000000,8.67400000,394.6
1749260676,397.00000000,4.57100000,394.6
1749260676,397.10000000,0.31200000,394.6
1749260676,397.20000000,9.87900000,394.6
1749260676,397.30000000,269.00700000,394.6
1749260676,397.40000000,2.05700000,394.6
1749260676,397.50000000,0.30400000,394.6
1749260676,397.60000000,7.36700000,394.6
1749260676,397.70000000,0.04700000,394.6
1749260676,397.80000000,4.56600000,394.6
1749260676,397.90000000,5.32700000,394.6
1749260676,398.00000000,3.50100000,394.6
1749260676,398.10000000,0.46800000,394.6
1749260676,398.20000000,5.57900000,394.6
1749260676,398.30000000,8.25800000,394.6
1749260676,398.40000000,11.20200000,394.6
1749260676,398.50000000,46.92400000,394.6
1749260676,398.60000000,3.73600000,394.6
1749260676,398.70000000,2.42900000,394.6
1749260676,398.80000000,5.10700000,394.6
1749260676,398.90000000,2.08700000,394.6
1749260676,399.00000000,0.43500000,394.6
1749260676,399.10000000,4.55200000,394.6
1749260676,399.20000000,0.11000000,394.6
1749260676,399.30000000,3.97100000,394.6
1749260676,399.40000000,9.23800000,394.6
1749260676,399.50000000,3.39300000,394.6
1749260676,399.60000000,0.05900000,394.6
1749260676,399.70000000,2.68000000,394.6
1749260676,399.80000000,2.19200000,394.6
1749260676,399.90000000,4.50500000,394.6
1749260676,400.00000000,20.27600000,394.6
1749260676,400.10000000,51.87700000,394.6
1749260676,400.20000000,0.06200000,394.6
1749260676,400.30000000,5.52900000,394.6
1749260676,400.40000000,0.39700000,394.6
1749260676,400.50000000,2.30600000,394.6
1749260676,400.60000000,0.08200000,394.6
1749260676,400.70000000,4.65700000,394.6
1749260676,400.80000000,2.64400000,394.6
1749260676,400.90000000,0.59300000,394.6
1749260676,401.00000000,2.98600000,394.6
1749260676,401.10000000,0.21700000,394.6
1749260676,401.20000000,2.61000000,394.6
1749260676,401.30000000,3.67400000,394.6
1749260676,401.40000000,4.58900000,394.6
1749260676,401.50000000,1.10900000,394.6
1749260676,401.60000000,2.23200000,394.6
1749260676,401.70000000,0.02600000,394.6
1749260676,401.80000000,2.29500000,394.6
1749260676,401.90000000,0.04900000,394.6
1749260676,402.00000000,23.18500000,394.6
1749260676,402.10000000,0.23100000,394.6
1749260676,402.20000000,2.03100000,394.6
1749260676,402.40000000,0.04100000,394.6
1749260676,402.50000000,0.03900000,394.6
1749260676,402.60000000,9.03700000,394.6
1749260676,402.80000000,1.73600000,394.6
1749260676,403.00000000,2.60100000,394.6
1749260676,403.10000000,0.03600000,394.6
1749260676,403.20000000,0.08300000,394.6
1749260676,403.30000000,0.48700000,394.6
1749260676,403.40000000,0.20500000,394.6
1749260676,403.50000000,1.49600000,394.6
1749260676,403.60000000,3.50700000,394.6
1749260676,403.70000000,0.06000000,394.6
1749260676,403.80000000,0.05100000,394.6
1749260676,403.90000000,0.01700000,394.6
1749260676,404.00000000,1.42300000,394.6
1749260676,404.10000000,0.09900000,394.6
1749260676,404.20000000,0.60100000,394.6
1749260676,404.40000000,0.36700000,394.6
1749260676,404.50000000,0.20500000,394.6
1749260676,404.60000000,3.00000000,394.6
1749260676,404.70000000,0.36800000,394.6
1749260676,404.80000000,0.08000000,394.6
1749260676,404.90000000,0.26500000,394.6
1749260984,394.90000000,5.14100000,394.9
1749260984,395.00000000,23.87200000,394.9
1749260984,395.10000000,32.48900000,394.9
1749260984,395.20000000,32.81100000,394.9
1749260984,395.30000000,24.02000000,394.9
1749260984,395.40000000,29.47300000,394.9
1749260984,395.50000000,43.98300000,394.9
1749260984,395.60000000,20.52800000,394.9
1749260984,395.70000000,21.38500000,394.9
1749260984,395.80000000,10.47400000,394.9
1749260984,395.90000000,10.89000000,394.9
1749260984,396.00000000,9.68900000,394.9
1749260984,396.10000000,5.22000000,394.9
1749260984,396.20000000,30.84300000,394.9
1749260984,396.30000000,18.14900000,394.9
1749260984,396.40000000,5.96500000,394.9
1749260984,396.50000000,10.24800000,394.9
1749260984,396.60000000,6.71700000,394.9
1749260984,396.70000000,32.41100000,394.9
1749260984,396.80000000,8.46000000,394.9
1749260984,396.90000000,2.83000000,394.9
1749260984,397.00000000,86.45700000,394.9
1749260984,397.10000000,1.61300000,394.9
1749260984,397.20000000,9.87900000,394.9
1749260984,397.30000000,241.09100000,394.9
1749260984,397.40000000,2.05700000,394.9
1749260984,397.50000000,0.30400000,394.9
1749260984,397.60000000,7.36700000,394.9
1749260984,397.70000000,5.87400000,394.9
1749260984,397.80000000,138.31700000,394.9
1749260984,397.90000000,5.32700000,394.9
1749260984,398.00000000,2.51000000,394.9
1749260984,398.10000000,0.46800000,394.9
1749260984,398.20000000,5.57900000,394.9
1749260984,398.30000000,8.25800000,394.9
1749260984,398.40000000,2.84600000,394.9
1749260984,398.50000000,4.78400000,394.9
1749260984,398.60000000,0.06300000,394.9
1749260984,398.70000000,2.42900000,394.9
1749260984,398.80000000,5.10700000,394.9
1749260984,398.90000000,2.08700000,394.9
1749260984,399.00000000,50.25400000,394.9
1749260984,399.10000000,4.55200000,394.9
1749260984,399.20000000,0.12400000,394.9
1749260984,399.30000000,3.97100000,394.9
1749260984,399.40000000,17.57300000,394.9
1749260984,399.50000000,3.39300000,394.9
1749260984,399.60000000,3.73200000,394.9
1749260984,399.70000000,3.71000000,394.9
1749260984,399.80000000,2.19200000,394.9
1749260984,399.90000000,1.99100000,394.9
1749260984,400.00000000,19.27700000,394.9
1749260984,400.10000000,51.87700000,394.9
1749260984,400.20000000,0.06200000,394.9
1749260984,400.30000000,5.52900000,394.9
1749260984,400.40000000,0.39700000,394.9
1749260984,400.50000000,2.30600000,394.9
1749260984,400.60000000,0.08200000,394.9
1749260984,400.70000000,4.65700000,394.9
1749260984,400.80000000,2.64400000,394.9
1749260984,400.90000000,0.59300000,394.9
1749260984,401.00000000,5.50000000,394.9
1749260984,401.10000000,0.21700000,394.9
1749260984,401.20000000,2.61000000,394.9
1749260984,401.30000000,2.55200000,394.9
1749260984,401.40000000,4.58900000,394.9
1749260984,401.50000000,1.10900000,394.9
1749260984,401.60000000,2.23200000,394.9
1749260984,401.70000000,0.02600000,394.9
1749260984,401.80000000,2.29500000,394.9
1749260984,401.90000000,0.04900000,394.9
1749260984,402.00000000,23.18500000,394.9
1749260984,402.10000000,0.23100000,394.9
1749260984,402.20000000,2.05700000,394.9
1749260984,402.30000000,0.02600000,394.9
1749260984,402.40000000,1.18900000,394.9
1749260984,402.50000000,0.03900000,394.9
1749260984,402.60000000,2.01300000,394.9
1749260984,402.80000000,1.73600000,394.9
1749260984,403.00000000,2.60100000,394.9
1749260984,403.10000000,0.03600000,394.9
1749260984,403.20000000,0.08300000,394.9
1749260984,403.30000000,0.48700000,394.9
1749260984,403.40000000,0.20500000,394.9
1749260984,403.50000000,1.49600000,394.9
1749260984,403.60000000,3.50700000,394.9
1749260984,403.70000000,7.08400000,394.9
1749260984,403.80000000,0.05100000,394.9
1749260984,403.90000000,0.01700000,394.9
1749260984,404.00000000,1.42300000,394.9
1749260984,404.10000000,0.09900000,394.9
1749260984,404.20000000,0.60100000,394.9
1749260984,404.40000000,0.36700000,394.9
1749260984,404.50000000,0.20500000,394.9
1749260984,404.60000000,3.00000000,394.9
1749260984,404.70000000,0.36800000,394.9
1749260984,404.80000000,0.08000000,394.9
1749260984,404.90000000,0.26500000,394.9
1749260984,405.00000000,12.50400000,394.9
1749260984,405.10000000,0.02000000,394.9
1749261290,394.80000000,2.19100000,394.8
1749261290,394.90000000,41.96500000,394.8
1749261290,395.00000000,28.59500000,394.8
1749261290,395.10000000,19.41400000,394.8
1749261290,395.20000000,26.89100000,394.8
1749261290,395.30000000,29.27600000,394.8
1749261290,395.40000000,31.21900000,394.8
1749261290,395.50000000,22.09300000,394.8
1749261290,395.60000000,22.16100000,394.8
1749261290,395.70000000,26.08400000,394.8
1749261290,395.80000000,6.51900000,394.8
1749261290,395.90000000,4.92300000,394.8
1749261290,396.00000000,32.99100000,394.8
1749261290,396.10000000,4.22000000,394.8
1749261290,396.20000000,6.55100000,394.8
1749261290,396.30000000,18.14900000,394.8
1749261290,396.40000000,5.96500000,394.8
1749261290,396.50000000,8.89800000,394.8
1749261290,396.60000000,5.36700000,394.8
1749261290,396.70000000,31.06100000,394.8
1749261290,396.80000000,7.11000000,394.8
1749261290,396.90000000,4.13100000,394.8
1749261290,397.00000000,86.45700000,394.8
1749261290,397.10000000,0.31200000,394.8
1749261290,397.20000000,9.87900000,394.8
1749261290,397.30000000,241.09100000,394.8
1749261290,397.40000000,7.89200000,394.8
1749261290,397.50000000,0.30400000,394.8
1749261290,397.60000000,7.36700000,394.8
1749261290,397.70000000,0.04700000,394.8
1749261290,397.80000000,138.31700000,394.8
1749261290,397.90000000,5.32700000,394.8
1749261290,398.00000000,2.51000000,394.8
1749261290,398.10000000,0.46800000,394.8
1749261290,398.20000000,5.57900000,394.8
1749261290,398.30000000,8.25800000,394.8
1749261290,398.40000000,2.84600000,394.8
1749261290,398.50000000,4.78400000,394.8
1749261290,398.60000000,0.06300000,394.8
1749261290,398.70000000,2.42900000,394.8
1749261290,398.80000000,5.10700000,394.8
1749261290,398.90000000,2.08700000,394.8
1749261290,399.00000000,50.25400000,394.8
1749261290,399.10000000,4.55200000,394.8
1749261290,399.20000000,0.12400000,394.8
1749261290,399.30000000,3.97100000,394.8
1749261290,399.40000000,17.57300000,394.8
1749261290,399.50000000,3.39300000,394.8
1749261290,399.60000000,3.73200000,394.8
1749261290,399.70000000,3.71000000,394.8
1749261290,399.80000000,2.19200000,394.8
1749261290,399.90000000,1.99100000,394.8
1749261290,400.00000000,19.27700000,394.8
1749261290,400.10000000,51.87700000,394.8
1749261290,400.20000000,0.06200000,394.8
1749261290,400.30000000,5.52900000,394.8
1749261290,400.40000000,0.39700000,394.8
1749261290,400.50000000,2.30600000,394.8
1749261290,400.60000000,0.08200000,394.8
1749261290,400.70000000,4.65700000,394.8
1749261290,400.80000000,2.64400000,394.8
1749261290,400.90000000,0.59300000,394.8
1749261290,401.00000000,5.50000000,394.8
1749261290,401.10000000,0.21700000,394.8
1749261290,401.20000000,2.61000000,394.8
1749261290,401.30000000,2.55200000,394.8
1749261290,401.40000000,4.58900000,394.8
1749261290,401.50000000,1.10900000,394.8
1749261290,401.60000000,2.23200000,394.8
1749261290,401.70000000,0.02600000,394.8
1749261290,401.80000000,2.29500000,394.8
1749261290,401.90000000,0.04900000,394.8
1749261290,402.00000000,23.18500000,394.8
1749261290,402.10000000,0.23100000,394.8
1749261290,402.20000000,2.05700000,394.8
1749261290,402.30000000,0.02600000,394.8
1749261290,402.40000000,1.16300000,394.8
1749261290,402.50000000,0.03900000,394.8
1749261290,402.60000000,2.01300000,394.8
1749261290,402.80000000,1.73600000,394.8
1749261290,403.00000000,2.60100000,394.8
1749261290,403.10000000,0.03600000,394.8
1749261290,403.20000000,0.08300000,394.8
1749261290,403.30000000,0.48700000,394.8
1749261290,403.40000000,0.20500000,394.8
1749261290,403.50000000,1.49600000,394.8
1749261290,403.60000000,3.50700000,394.8
1749261290,403.70000000,7.08400000,394.8
1749261290,403.80000000,0.05100000,394.8
1749261290,403.90000000,0.01700000,394.8
1749261290,404.00000000,1.42300000,394.8
1749261290,404.10000000,0.09900000,394.8
1749261290,404.20000000,0.60100000,394.8
1749261290,404.40000000,0.36700000,394.8
1749261290,404.50000000,0.20500000,394.8
1749261290,404.60000000,3.00000000,394.8
1749261290,404.70000000,0.36800000,394.8
1749261290,404.80000000,0.08000000,394.8
1749261290,404.90000000,0.26500000,394.8
1749261290,405.00000000,12.50400000,394.8
1749261592,394.60000000,16.85100000,394.6
1749261592,394.70000000,38.14500000,394.6
1749261592,394.80000000,34.37100000,394.6
1749261592,394.90000000,38.52100000,394.6
1749261592,395.00000000,25.97200000,394.6
1749261592,395.10000000,47.09700000,394.6
1749261592,395.20000000,19.89300000,394.6
1749261592,395.30000000,21.45100000,394.6
1749261592,395.40000000,17.28200000,394.6
1749261592,395.50000000,14.22300000,394.6
1749261592,395.60000000,21.54600000,394.6
1749261592,395.70000000,41.36800000,394.6
1749261592,395.80000000,3.44400000,394.6
1749261592,395.90000000,4.16300000,394.6
1749261592,396.00000000,8.47900000,394.6
1749261592,396.10000000,10.30200000,394.6
1749261592,396.20000000,6.80500000,394.6
1749261592,396.30000000,19.83100000,394.6
1749261592,396.40000000,4.86900000,394.6
1749261592,396.50000000,2.57000000,394.6
1749261592,396.60000000,5.62100000,394.6
1749261592,396.70000000,28.82200000,394.6
1749261592,396.80000000,7.11000000,394.6
1749261592,396.90000000,2.83100000,394.6
1749261592,397.00000000,86.44300000,394.6
1749261592,397.10000000,6.15300000,394.6
1749261592,397.20000000,9.88000000,394.6
1749261592,397.30000000,241.09100000,394.6
1749261592,397.40000000,2.05700000,394.6
1749261592,397.50000000,0.05100000,394.6
1749261592,397.60000000,7.11500000,394.6
1749261592,397.70000000,0.30100000,394.6
1749261592,397.80000000,138.31700000,394.6
1749261592,397.90000000,5.07500000,394.6
1749261592,398.00000000,2.25800000,394.6
1749261592,398.10000000,0.72200000,394.6
1749261592,398.20000000,5.57900000,394.6
1749261592,398.30000000,8.25800000,394.6
1749261592,398.40000000,2.59200000,394.6
1749261592,398.50000000,4.78400000,394.6
1749261592,398.60000000,0.06300000,394.6
1749261592,398.70000000,2.17500000,394.6
1749261592,398.80000000,5.10700000,394.6
1749261592,398.90000000,2.08700000,394.6
1749261592,399.00000000,50.25400000,394.6
1749261592,399.10000000,4.55200000,394.6
1749261592,399.20000000,0.12400000,394.6
1749261592,399.30000000,3.97100000,394.6
1749261592,399.40000000,17.57300000,394.6
1749261592,399.50000000,3.39300000,394.6
1749261592,399.60000000,3.73200000,394.6
1749261592,399.70000000,3.71000000,394.6
1749261592,399.80000000,2.19200000,394.6
1749261592,399.90000000,1.99100000,394.6
1749261592,400.00000000,19.27700000,394.6
1749261592,400.10000000,51.87700000,394.6
1749261592,400.20000000,0.06200000,394.6
1749261592,400.30000000,5.52900000,394.6
1749261592,400.40000000,0.39700000,394.6
1749261592,400.50000000,2.30600000,394.6
1749261592,400.60000000,0.08200000,394.6
1749261592,400.70000000,4.65700000,394.6
1749261592,400.80000000,2.64400000,394.6
1749261592,400.90000000,0.59300000,394.6
1749261592,401.00000000,5.50000000,394.6
1749261592,401.10000000,0.21700000,394.6
1749261592,401.20000000,2.61000000,394.6
1749261592,401.30000000,2.55200000,394.6
1749261592,401.40000000,4.58900000,394.6
1749261592,401.50000000,1.10900000,394.6
1749261592,401.60000000,2.23200000,394.6
1749261592,401.70000000,0.02600000,394.6
1749261592,401.80000000,2.29500000,394.6
1749261592,401.90000000,0.04900000,394.6
1749261592,402.00000000,23.18500000,394.6
1749261592,402.10000000,0.23100000,394.6
1749261592,402.20000000,2.03100000,394.6
1749261592,402.40000000,1.16300000,394.6
1749261592,402.50000000,0.03900000,394.6
1749261592,402.60000000,2.01300000,394.6
1749261592,402.80000000,1.73600000,394.6
1749261592,403.00000000,2.60100000,394.6
1749261592,403.10000000,0.03600000,394.6
1749261592,403.20000000,0.08300000,394.6
1749261592,403.30000000,0.48700000,394.6
1749261592,403.40000000,0.20500000,394.6
1749261592,403.50000000,1.49600000,394.6
1749261592,403.60000000,3.50700000,394.6
1749261592,403.70000000,7.08400000,394.6
1749261592,403.80000000,0.05100000,394.6
1749261592,403.90000000,0.01700000,394.6
1749261592,404.00000000,1.42300000,394.6
1749261592,404.10000000,0.09900000,394.6
1749261592,404.20000000,0.60100000,394.6
1749261592,404.40000000,0.36700000,394.6
1749261592,404.50000000,0.20500000,394.6
1749261592,404.60000000,3.00000000,394.6
1749261592,404.70000000,0.36800000,394.6
1749261592,404.80000000,0.08000000,394.6
1749261592,404.90000000,0.26500000,394.6
1749261893,394.50000000,7.88100000,394.4
1749261893,394.60000000,35.72200000,394.4
1749261893,394.70000000,26.62600000,394.4
1749261893,394.80000000,30.12100000,394.4
1749261893,394.90000000,33.23300000,394.4
1749261893,395.00000000,28.18800000,394.4
1749261893,395.10000000,20.55200000,394.4
1749261893,395.20000000,10.07400000,394.4
1749261893,395.30000000,11.46200000,394.4
1749261893,395.40000000,10.10000000,394.4
1749261893,395.50000000,4.43100000,394.4
1749261893,395.60000000,11.17200000,394.4
1749261893,395.70000000,43.50300000,394.4
1749261893,395.80000000,3.44400000,394.4
1749261893,395.90000000,7.53100000,394.4
1749261893,396.00000000,8.47900000,394.4
1749261893,396.10000000,4.20200000,394.4
1749261893,396.20000000,3.73800000,394.4
1749261893,396.30000000,11.38900000,394.4
1749261893,396.40000000,4.85000000,394.4
1749261893,396.50000000,2.57000000,394.4
1749261893,396.60000000,11.45900000,394.4
1749261893,396.70000000,27.52100000,394.4
1749261893,396.80000000,7.11000000,394.4
1749261893,396.90000000,3.99700000,394.4
1749261893,397.00000000,86.44300000,394.4
1749261893,397.10000000,0.31300000,394.4
1749261893,397.20000000,9.88000000,394.4
1749261893,397.30000000,241.09100000,394.4
1749261893,397.40000000,2.25200000,394.4
1749261893,397.50000000,0.05100000,394.4
1749261893,397.60000000,13.25000000,394.4
1749261893,397.70000000,0.30100000,394.4
1749261893,397.80000000,138.31700000,394.4
1749261893,397.90000000,2.56100000,394.4
1749261893,398.00000000,3.24900000,394.4
1749261893,398.10000000,0.72200000,394.4
1749261893,398.20000000,3.06500000,394.4
1749261893,398.30000000,10.55600000,394.4
1749261893,398.40000000,2.59200000,394.4
1749261893,398.50000000,4.58900000,394.4
1749261893,398.60000000,3.73600000,394.4
1749261893,398.70000000,2.17500000,394.4
1749261893,398.80000000,2.58400000,394.4
1749261893,398.90000000,2.08700000,394.4
1749261893,399.00000000,49.26300000,394.4
1749261893,399.10000000,4.55200000,394.4
1749261893,399.20000000,0.11000000,394.4
1749261893,399.30000000,3.97100000,394.4
1749261893,399.40000000,9.23800000,394.4
1749261893,399.50000000,3.39300000,394.4
1749261893,399.60000000,0.05900000,394.4
1749261893,399.70000000,3.71000000,394.4
1749261893,399.80000000,2.19200000,394.4
1749261893,399.90000000,4.50500000,394.4
1749261893,400.00000000,19.27700000,394.4
1749261893,400.10000000,51.87700000,394.4
1749261893,400.20000000,0.06200000,394.4
1749261893,400.30000000,5.52900000,394.4
1749261893,400.40000000,0.39700000,394.4
1749261893,400.50000000,2.30600000,394.4
1749261893,400.60000000,0.08200000,394.4
1749261893,400.70000000,4.65700000,394.4
1749261893,400.80000000,2.64400000,394.4
1749261893,400.90000000,0.59300000,394.4
1749261893,401.00000000,2.98600000,394.4
1749261893,401.10000000,0.21700000,394.4
1749261893,401.20000000,2.61000000,394.4
1749261893,401.30000000,2.55200000,394.4
1749261893,401.40000000,4.58900000,394.4
1749261893,401.50000000,1.10900000,394.4
1749261893,401.60000000,2.23200000,394.4
1749261893,401.70000000,0.02600000,394.4
1749261893,401.80000000,2.29500000,394.4
1749261893,401.90000000,0.04900000,394.4
1749261893,402.00000000,23.18500000,394.4
1749261893,402.10000000,0.20500000,394.4
1749261893,402.20000000,2.03100000,394.4
1749261893,402.40000000,1.16300000,394.4
1749261893,402.50000000,0.03900000,394.4
1749261893,402.60000000,9.03700000,394.4
1749261893,402.80000000,1.73600000,394.4
1749261893,403.00000000,2.60100000,394.4
1749261893,403.10000000,0.03600000,394.4
1749261893,403.20000000,0.08300000,394.4
1749261893,403.30000000,0.48700000,394.4
1749261893,403.40000000,0.20500000,394.4
1749261893,403.50000000,1.49600000,394.4
1749261893,403.60000000,3.50700000,394.4
1749261893,403.70000000,0.06000000,394.4
1749261893,403.80000000,0.05100000,394.4
1749261893,403.90000000,0.01700000,394.4
1749261893,404.00000000,1.42300000,394.4
1749261893,404.10000000,0.09900000,394.4
1749261893,404.20000000,0.60100000,394.4
1749261893,404.40000000,0.36700000,394.4
1749261893,404.50000000,0.20500000,394.4
1749261893,404.60000000,3.00000000,394.4
1749261893,404.70000000,0.36800000,394.4
1749261893,404.80000000,0.08000000,394.4
1749262194,395.10000000,11.77600000,395.0
1749262194,395.20000000,26.24400000,395.0
1749262194,395.30000000,27.65600000,395.0
1749262194,395.40000000,22.65300000,395.0
1749262194,395.50000000,22.59700000,395.0
1749262194,395.60000000,15.98900000,395.0
1749262194,395.70000000,27.27500000,395.0
1749262194,395.80000000,17.34100000,395.0
1749262194,395.90000000,13.37800000,395.0
1749262194,396.00000000,15.58300000,395.0
1749262194,396.10000000,28.52500000,395.0
1749262194,396.20000000,3.71700000,395.0
1749262194,396.30000000,11.62800000,395.0
1749262194,396.40000000,6.20000000,395.0
1749262194,396.50000000,9.99700000,395.0
1749262194,396.60000000,6.97100000,395.0
1749262194,396.70000000,32.17900000,395.0
1749262194,396.80000000,14.30400000,395.0
1749262194,396.90000000,3.99700000,395.0
1749262194,397.00000000,86.45700000,395.0
1749262194,397.10000000,0.31300000,395.0
1749262194,397.20000000,9.88000000,395.0
1749262194,397.30000000,241.09100000,395.0
1749262194,397.40000000,2.25200000,395.0
1749262194,397.50000000,0.05100000,395.0
1749262194,397.60000000,7.11500000,395.0
1749262194,397.70000000,0.30100000,395.0
1749262194,397.80000000,138.31700000,395.0
1749262194,397.90000000,2.56100000,395.0
1749262194,398.00000000,3.24900000,395.0
1749262194,398.10000000,0.72200000,395.0
1749262194,398.20000000,3.06500000,395.0
1749262194,398.30000000,16.67800000,395.0
1749262194,398.40000000,2.59200000,395.0
1749262194,398.50000000,4.58900000,395.0
1749262194,398.60000000,3.73600000,395.0
1749262194,398.70000000,2.42900000,395.0
1749262194,398.80000000,2.59800000,395.0
1749262194,398.90000000,2.08700000,395.0
1749262194,399.00000000,49.26300000,395.0
1749262194,399.10000000,4.55200000,395.0
1749262194,399.20000000,0.11000000,395.0
1749262194,399.30000000,3.97100000,395.0
1749262194,399.40000000,9.23800000,395.0
1749262194,399.50000000,3.39300000,395.0
1749262194,399.60000000,0.05900000,395.0
1749262194,399.70000000,3.71000000,395.0
1749262194,399.80000000,2.19200000,395.0
1749262194,399.90000000,4.50500000,395.0
1749262194,400.00000000,19.27700000,395.0
1749262194,400.10000000,51.87700000,395.0
1749262194,400.20000000,0.06200000,395.0
1749262194,400.30000000,5.52900000,395.0
1749262194,400.40000000,0.39700000,395.0
1749262194,400.50000000,2.30600000,395.0
1749262194,400.60000000,0.08200000,395.0
1749262194,400.70000000,4.65700000,395.0
1749262194,400.80000000,2.64400000,395.0
1749262194,400.90000000,0.59300000,395.0
1749262194,401.00000000,2.98600000,395.0
1749262194,401.10000000,0.21700000,395.0
1749262194,401.20000000,2.61000000,395.0
1749262194,401.30000000,2.16400000,395.0
1749262194,401.40000000,4.58900000,395.0
1749262194,401.50000000,1.10900000,395.0
1749262194,401.60000000,2.23200000,395.0
1749262194,401.70000000,0.02600000,395.0
1749262194,401.80000000,2.29500000,395.0
1749262194,401.90000000,0.04900000,395.0
1749262194,402.00000000,23.18500000,395.0
1749262194,402.10000000,0.23100000,395.0
1749262194,402.20000000,2.05700000,395.0
1749262194,402.30000000,0.02600000,395.0
1749262194,402.40000000,1.18900000,395.0
1749262194,402.50000000,0.06500000,395.0
1749262194,402.60000000,9.06300000,395.0
1749262194,402.80000000,1.73600000,395.0
1749262194,403.00000000,2.60100000,395.0
1749262194,403.10000000,0.03600000,395.0
1749262194,403.20000000,0.08300000,395.0
1749262194,403.30000000,0.48700000,395.0
1749262194,403.40000000,0.20500000,395.0
1749262194,403.50000000,1.49600000,395.0
1749262194,403.60000000,3.50700000,395.0
1749262194,403.70000000,0.06000000,395.0
1749262194,403.80000000,0.05100000,395.0
1749262194,403.90000000,0.01700000,395.0
1749262194,404.00000000,1.42300000,395.0
1749262194,404.10000000,0.09900000,395.0
1749262194,404.20000000,0.60100000,395.0
1749262194,404.40000000,0.36700000,395.0
1749262194,404.50000000,0.20500000,395.0
1749262194,404.60000000,3.00000000,395.0
1749262194,404.70000000,0.36800000,395.0
1749262194,404.80000000,0.08000000,395.0
1749262194,404.90000000,0.26500000,395.0
1749262194,405.00000000,12.50400000,395.0
1749262194,405.10000000,0.02000000,395.0
1749262194,405.20000000,0.31500000,395.0
1749262194,405.30000000,0.67800000,395.0
1749262500,395.10000000,15.53300000,395.0
1749262500,395.20000000,39.07100000,395.0
1749262500,395.30000000,57.66800000,395.0
1749262500,395.40000000,28.12500000,395.0
1749262500,395.50000000,20.34700000,395.0
1749262500,395.60000000,39.66100000,395.0
1749262500,395.70000000,27.60800000,395.0
1749262500,395.80000000,16.48200000,395.0
1749262500,395.90000000,13.86600000,395.0
1749262500,396.00000000,17.96400000,395.0
1749262500,396.10000000,6.61600000,395.0
1749262500,396.20000000,4.73600000,395.0
1749262500,396.30000000,42.37500000,395.0
1749262500,396.40000000,6.21900000,395.0
1749262500,396.50000000,3.92000000,395.0
1749262500,396.60000000,6.97100000,395.0
1749262500,396.70000000,32.20200000,395.0
1749262500,396.80000000,8.46000000,395.0
1749262500,396.90000000,12.71900000,395.0
1749262500,397.00000000,86.45700000,395.0
1749262500,397.10000000,1.66300000,395.0
1749262500,397.20000000,9.88000000,395.0
1749262500,397.30000000,241.09100000,395.0
1749262500,397.40000000,8.08500000,395.0
1749262500,397.50000000,0.05100000,395.0
1749262500,397.60000000,7.11500000,395.0
1749262500,397.70000000,0.30100000,395.0
1749262500,397.80000000,138.31700000,395.0
1749262500,397.90000000,2.56100000,395.0
1749262500,398.00000000,3.24900000,395.0
1749262500,398.10000000,0.72200000,395.0
1749262500,398.20000000,3.06500000,395.0
1749262500,398.30000000,8.32000000,395.0
1749262500,398.40000000,2.59200000,395.0
1749262500,398.50000000,4.58900000,395.0
1749262500,398.60000000,3.73600000,395.0
1749262500,398.70000000,2.42900000,395.0
1749262500,398.80000000,2.59800000,395.0
1749262500,398.90000000,2.34100000,395.0
1749262500,399.00000000,49.51700000,395.0
1749262500,399.10000000,12.89300000,395.0
1749262500,399.20000000,0.12400000,395.0
1749262500,399.30000000,3.97100000,395.0
1749262500,399.40000000,9.23800000,395.0
1749262500,399.50000000,3.39300000,395.0
1749262500,399.60000000,0.05900000,395.0
1749262500,399.70000000,3.71000000,395.0
1749262500,399.80000000,2.19200000,395.0
1749262500,399.90000000,4.50500000,395.0
1749262500,400.00000000,19.27700000,395.0
1749262500,400.10000000,51.87700000,395.0
1749262500,400.20000000,0.06200000,395.0
1749262500,400.30000000,5.52900000,395.0
1749262500,400.40000000,0.39700000,395.0
1749262500,400.50000000,2.30600000,395.0
1749262500,400.60000000,0.08200000,395.0
1749262500,400.70000000,4.65700000,395.0
1749262500,400.80000000,2.64400000,395.0
1749262500,400.90000000,0.59300000,395.0
1749262500,401.00000000,2.98600000,395.0
1749262500,401.10000000,0.21700000,395.0
1749262500,401.20000000,2.61000000,395.0
1749262500,401.30000000,2.16400000,395.0
1749262500,401.40000000,4.58900000,395.0
1749262500,401.50000000,1.10900000,395.0
1749262500,401.60000000,2.23200000,395.0
1749262500,401.70000000,0.02600000,395.0
1749262500,401.80000000,2.29500000,395.0
1749262500,401.90000000,0.04900000,395.0
1749262500,402.00000000,23.18500000,395.0
1749262500,402.10000000,0.23100000,395.0
1749262500,402.20000000,2.05700000,395.0
1749262500,402.30000000,0.02600000,395.0
1749262500,402.40000000,1.18900000,395.0
1749262500,402.50000000,0.06500000,395.0
1749262500,402.60000000,7.06300000,395.0
1749262500,402.80000000,1.73600000,395.0
1749262500,403.00000000,2.60100000,395.0
1749262500,403.10000000,0.03600000,395.0
1749262500,403.20000000,0.08300000,395.0
1749262500,403.30000000,0.48700000,395.0
1749262500,403.40000000,0.20500000,395.0
1749262500,403.50000000,1.49600000,395.0
1749262500,403.60000000,0.50700000,395.0
1749262500,403.70000000,0.06000000,395.0
1749262500,403.80000000,0.05100000,395.0
1749262500,403.90000000,0.01700000,395.0
1749262500,404.00000000,1.42300000,395.0
1749262500,404.10000000,0.09900000,395.0
1749262500,404.20000000,0.60100000,395.0
1749262500,404.40000000,0.36700000,395.0
1749262500,404.50000000,0.20500000,395.0
1749262500,404.60000000,1.00000000,395.0
1749262500,404.70000000,0.36800000,395.0
1749262500,404.80000000,0.08000000,395.0
1749262500,404.90000000,0.26500000,395.0
1749262500,405.00000000,12.50400000,395.0
1749262500,405.10000000,0.02000000,395.0
1749262500,405.20000000,0.31500000,395.0
1749262500,405.30000000,0.67800000,395.0
1749262802,395.50000000,2.16300000,395.5
1749262802,395.60000000,26.85500000,395.5
1749262802,395.70000000,36.28900000,395.5
1749262802,395.80000000,22.40600000,395.5
1749262802,395.90000000,18.88900000,395.5
1749262802,396.00000000,30.06200000,395.5
1749262802,396.10000000,35.08800000,395.5
1749262802,396.20000000,19.45000000,395.5
1749262802,396.30000000,24.77100000,395.5
1749262802,396.40000000,12.59500000,395.5
1749262802,396.50000000,6.31900000,395.5
1749262802,396.60000000,7.41800000,395.5
1749262802,396.70000000,30.33900000,395.5
1749262802,396.80000000,8.47900000,395.5
1749262802,396.90000000,4.20000000,395.5
1749262802,397.00000000,7.23600000,395.5
1749262802,397.10000000,0.31300000,395.5
1749262802,397.20000000,9.88000000,395.5
1749262802,397.30000000,161.91800000,395.5
1749262802,397.40000000,2.07100000,395.5
1749262802,397.50000000,3.63400000,395.5
1749262802,397.60000000,93.67700000,395.5
1749262802,397.70000000,1.08300000,395.5
1749262802,397.80000000,4.82000000,395.5
1749262802,397.90000000,115.02000000,395.5
1749262802,398.00000000,6.92900000,395.5
1749262802,398.10000000,0.72200000,395.5
1749262802,398.20000000,3.06500000,395.5
1749262802,398.30000000,2.19800000,395.5
1749262802,398.40000000,138.20200000,395.5
1749262802,398.50000000,4.78400000,395.5
1749262802,398.60000000,3.73600000,395.5
1749262802,398.70000000,2.42900000,395.5
1749262802,398.80000000,2.59800000,395.5
1749262802,398.90000000,4.85000000,395.5
1749262802,399.00000000,0.68900000,395.5
1749262802,399.10000000,18.92600000,395.5
1749262802,399.20000000,0.12400000,395.5
1749262802,399.30000000,3.97100000,395.5
1749262802,399.40000000,9.23800000,395.5
1749262802,399.50000000,3.39300000,395.5
1749262802,399.60000000,51.95300000,395.5
1749262802,399.70000000,3.71000000,395.5
1749262802,399.80000000,2.19200000,395.5
1749262802,399.90000000,1.99100000,395.5
1749262802,400.00000000,19.27700000,395.5
1749262802,400.10000000,51.87700000,395.5
1749262802,400.20000000,0.06200000,395.5
1749262802,400.30000000,5.52900000,395.5
1749262802,400.40000000,0.39700000,395.5
1749262802,400.50000000,2.30600000,395.5
1749262802,400.60000000,0.08200000,395.5
1749262802,400.70000000,2.03800000,395.5
1749262802,400.80000000,2.64400000,395.5
1749262802,400.90000000,0.59300000,395.5
1749262802,401.00000000,5.50000000,395.5
1749262802,401.10000000,0.21700000,395.5
1749262802,401.20000000,2.61000000,395.5
1749262802,401.30000000,2.16400000,395.5
1749262802,401.40000000,4.58900000,395.5
1749262802,401.50000000,1.10900000,395.5
1749262802,401.60000000,4.85100000,395.5
1749262802,401.70000000,0.02600000,395.5
1749262802,401.80000000,2.29500000,395.5
1749262802,401.90000000,0.04900000,395.5
1749262802,402.00000000,23.18500000,395.5
1749262802,402.10000000,0.23100000,395.5
1749262802,402.20000000,2.05700000,395.5
1749262802,402.30000000,0.02600000,395.5
1749262802,402.40000000,0.06700000,395.5
1749262802,402.50000000,0.06500000,395.5
1749262802,402.60000000,0.03900000,395.5
1749262802,402.70000000,0.02600000,395.5
1749262802,402.80000000,0.50500000,395.5
1749262802,402.90000000,0.02600000,395.5
1749262802,403.00000000,2.62700000,395.5
1749262802,403.10000000,0.03600000,395.5
1749262802,403.20000000,0.08300000,395.5
1749262802,403.30000000,0.48700000,395.5
1749262802,403.40000000,0.20500000,395.5
1749262802,403.50000000,2.61800000,395.5
1749262802,403.60000000,0.50700000,395.5
1749262802,403.70000000,7.08400000,395.5
1749262802,403.80000000,0.05100000,395.5
1749262802,403.90000000,0.01700000,395.5
1749262802,404.00000000,1.42300000,395.5
1749262802,404.10000000,1.35600000,395.5
1749262802,404.20000000,0.60100000,395.5
1749262802,404.40000000,0.36700000,395.5
1749262802,404.50000000,0.20500000,395.5
1749262802,404.60000000,1.00000000,395.5
1749262802,404.70000000,0.36800000,395.5
1749262802,404.80000000,0.08000000,395.5
1749262802,404.90000000,0.26500000,395.5
1749262802,405.00000000,12.50400000,395.5
1749262802,405.10000000,0.02000000,395.5
1749262802,405.20000000,0.31500000,395.5
1749262802,405.30000000,0.67800000,395.5
1749262802,405.40000000,2.50400000,395.5
1749262802,405.50000000,0.99700000,395.5
1749263103,395.50000000,21.65600000,395.5
1749263103,395.60000000,25.96000000,395.5
1749263103,395.70000000,21.10200000,395.5
1749263103,395.80000000,29.14900000,395.5
1749263103,395.90000000,52.19700000,395.5
1749263103,396.00000000,17.60700000,395.5
1749263103,396.10000000,13.31600000,395.5
1749263103,396.20000000,17.40600000,395.5
1749263103,396.30000000,24.84000000,395.5
1749263103,396.40000000,10.42800000,395.5
1749263103,396.50000000,7.62300000,395.5
1749263103,396.60000000,30.69400000,395.5
1749263103,396.70000000,1.39500000,395.5
1749263103,396.80000000,7.12900000,395.5
1749263103,396.90000000,8.91900000,395.5
1749263103,397.00000000,5.88600000,395.5
1749263103,397.10000000,3.64400000,395.5
1749263103,397.20000000,9.88000000,395.5
1749263103,397.30000000,155.84700000,395.5
1749263103,397.40000000,2.07100000,395.5
1749263103,397.50000000,0.30500000,395.5
1749263103,397.60000000,87.85300000,395.5
1749263103,397.70000000,1.08300000,395.5
1749263103,397.80000000,10.64300000,395.5
1749263103,397.90000000,115.02000000,395.5
1749263103,398.00000000,6.92900000,395.5
1749263103,398.10000000,0.72200000,395.5
1749263103,398.20000000,3.06500000,395.5
1749263103,398.30000000,2.19800000,395.5
1749263103,398.40000000,138.20200000,395.5
1749263103,398.50000000,4.78400000,395.5
1749263103,398.60000000,3.73600000,395.5
1749263103,398.70000000,2.42900000,395.5
1749263103,398.80000000,2.59800000,395.5
1749263103,398.90000000,4.85000000,395.5
1749263103,399.00000000,0.68900000,395.5
1749263103,399.10000000,20.82200000,395.5
1749263103,399.20000000,0.12400000,395.5
1749263103,399.30000000,2.07500000,395.5
1749263103,399.40000000,9.23800000,395.5
1749263103,399.50000000,3.39300000,395.5
1749263103,399.60000000,51.95300000,395.5
1749263103,399.70000000,3.71000000,395.5
1749263103,399.80000000,2.19200000,395.5
1749263103,399.90000000,1.99100000,395.5
1749263103,400.00000000,19.27700000,395.5
1749263103,400.10000000,51.87700000,395.5
1749263103,400.20000000,0.06200000,395.5
1749263103,400.30000000,5.52900000,395.5
1749263103,400.40000000,0.39700000,395.5
1749263103,400.50000000,2.30600000,395.5
1749263103,400.60000000,0.08200000,395.5
1749263103,400.70000000,2.03800000,395.5
1749263103,400.80000000,2.64400000,395.5
1749263103,400.90000000,0.59300000,395.5
1749263103,401.00000000,5.50000000,395.5
1749263103,401.10000000,0.21700000,395.5
1749263103,401.20000000,2.61000000,395.5
1749263103,401.30000000,2.16400000,395.5
1749263103,401.40000000,4.58900000,395.5
1749263103,401.50000000,1.10900000,395.5
1749263103,401.60000000,4.85100000,395.5
1749263103,401.70000000,0.02600000,395.5
1749263103,401.80000000,2.29500000,395.5
1749263103,401.90000000,0.04900000,395.5
1749263103,402.00000000,23.18500000,395.5
1749263103,402.10000000,0.23100000,395.5
1749263103,402.20000000,2.05700000,395.5
1749263103,402.30000000,0.02600000,395.5
1749263103,402.40000000,0.06700000,395.5
1749263103,402.50000000,0.06500000,395.5
1749263103,402.60000000,0.03900000,395.5
1749263103,402.70000000,0.02600000,395.5
1749263103,402.80000000,0.50500000,395.5
1749263103,402.90000000,0.02600000,395.5
1749263103,403.00000000,2.62700000,395.5
1749263103,403.10000000,0.03600000,395.5
1749263103,403.20000000,0.08300000,395.5
1749263103,403.30000000,0.48700000,395.5
1749263103,403.40000000,0.20500000,395.5
1749263103,403.50000000,2.61800000,395.5
1749263103,403.60000000,0.50700000,395.5
1749263103,403.70000000,7.08400000,395.5
1749263103,403.80000000,0.05100000,395.5
1749263103,403.90000000,0.01700000,395.5
1749263103,404.00000000,1.42300000,395.5
1749263103,404.10000000,1.35600000,395.5
1749263103,404.20000000,0.60100000,395.5
1749263103,404.40000000,0.36700000,395.5
1749263103,404.50000000,0.20500000,395.5
1749263103,404.60000000,1.00000000,395.5
1749263103,404.70000000,0.36800000,395.5
1749263103,404.80000000,0.08000000,395.5
1749263103,404.90000000,0.26500000,395.5
1749263103,405.00000000,12.50400000,395.5
1749263103,405.10000000,0.02000000,395.5
1749263103,405.20000000,0.31500000,395.5
1749263103,405.30000000,0.67800000,395.5
1749263103,405.40000000,2.50400000,395.5
1749263103,405.50000000,0.99700000,395.5
1749263405,395.70000000,10.73000000,395.7
1749263405,395.80000000,36.85800000,395.7
1749263405,395.90000000,21.45100000,395.7
1749263405,396.00000000,31.25300000,395.7
1749263405,396.10000000,45.18000000,395.7
1749263405,396.20000000,30.01800000,395.7
1749263405,396.30000000,25.52500000,395.7
1749263405,396.40000000,13.21600000,395.7
1749263405,396.50000000,9.78500000,395.7
1749263405,396.60000000,10.41700000,395.7
1749263405,396.70000000,6.07900000,395.7
1749263405,396.80000000,31.59400000,395.7
1749263405,396.90000000,8.90300000,395.7
1749263405,397.00000000,5.88600000,395.7
1749263405,397.10000000,3.64400000,395.7
1749263405,397.20000000,10.09000000,395.7
1749263405,397.30000000,155.84700000,395.7
1749263405,397.40000000,2.07100000,395.7
1749263405,397.50000000,0.30500000,395.7
1749263405,397.60000000,87.83700000,395.7
1749263405,397.70000000,6.90800000,395.7
1749263405,397.80000000,4.82000000,395.7
1749263405,397.90000000,115.02000000,395.7
1749263405,398.00000000,6.92900000,395.7
1749263405,398.10000000,0.72200000,395.7
1749263405,398.20000000,3.06500000,395.7
1749263405,398.30000000,2.19800000,395.7
1749263405,398.40000000,138.20200000,395.7
1749263405,398.50000000,4.76800000,395.7
1749263405,398.60000000,3.73600000,395.7
1749263405,398.70000000,2.42900000,395.7
1749263405,398.80000000,2.59800000,395.7
1749263405,398.90000000,4.85000000,395.7
1749263405,399.00000000,0.68900000,395.7
1749263405,399.10000000,20.82200000,395.7
1749263405,399.20000000,0.37800000,395.7
1749263405,399.30000000,2.07500000,395.7
1749263405,399.40000000,9.22200000,395.7
1749263405,399.50000000,3.39300000,395.7
1749263405,399.60000000,51.95300000,395.7
1749263405,399.70000000,3.71000000,395.7
1749263405,399.80000000,2.19200000,395.7
1749263405,399.90000000,1.99100000,395.7
1749263405,400.00000000,19.27700000,395.7
1749263405,400.10000000,51.87700000,395.7
1749263405,400.20000000,0.06200000,395.7
1749263405,400.30000000,5.52900000,395.7
1749263405,400.40000000,0.39700000,395.7
1749263405,400.50000000,2.30600000,395.7
1749263405,400.60000000,0.08200000,395.7
1749263405,400.70000000,2.03800000,395.7
1749263405,400.80000000,2.64400000,395.7
1749263405,400.90000000,0.59300000,395.7
1749263405,401.00000000,5.50000000,395.7
1749263405,401.10000000,0.21700000,395.7
1749263405,401.20000000,2.61000000,395.7
1749263405,401.30000000,2.16400000,395.7
1749263405,401.40000000,4.58900000,395.7
1749263405,401.50000000,1.10900000,395.7
1749263405,401.60000000,4.85100000,395.7
1749263405,401.70000000,0.02600000,395.7
1749263405,401.80000000,2.29500000,395.7
1749263405,401.90000000,0.04900000,395.7
1749263405,402.00000000,23.18500000,395.7
1749263405,402.10000000,0.23100000,395.7
1749263405,402.20000000,2.05700000,395.7
1749263405,402.30000000,0.02600000,395.7
1749263405,402.40000000,0.06700000,395.7
1749263405,402.50000000,0.06500000,395.7
1749263405,402.60000000,0.03900000,395.7
1749263405,402.70000000,0.02600000,395.7
1749263405,402.80000000,0.50500000,395.7
1749263405,402.90000000,0.02600000,395.7
1749263405,403.00000000,2.62700000,395.7
1749263405,403.10000000,0.06200000,395.7
1749263405,403.20000000,0.10900000,395.7
1749263405,403.30000000,0.48700000,395.7
1749263405,403.40000000,0.20500000,395.7
1749263405,403.50000000,2.61800000,395.7
1749263405,403.60000000,0.50700000,395.7
1749263405,403.70000000,7.08400000,395.7
1749263405,403.80000000,0.05100000,395.7
1749263405,403.90000000,0.01700000,395.7
1749263405,404.00000000,1.42300000,395.7
1749263405,404.10000000,1.35600000,395.7
1749263405,404.20000000,0.60100000,395.7
1749263405,404.40000000,0.36700000,395.7
1749263405,404.50000000,0.20500000,395.7
1749263405,404.60000000,1.00000000,395.7
1749263405,404.70000000,0.36800000,395.7
1749263405,404.80000000,0.08000000,395.7
1749263405,404.90000000,0.26500000,395.7
1749263405,405.00000000,12.50400000,395.7
1749263405,405.10000000,0.02000000,395.7
1749263405,405.20000000,0.31500000,395.7
1749263405,405.30000000,0.67800000,395.7
1749263405,405.40000000,2.50400000,395.7
1749263405,405.50000000,0.99700000,395.7
1749263405,405.60000000,0.01800000,395.7
1749263405,405.70000000,0.25600000,395.7
1749263707,395.20000000,16.48100000,395.2
1749263707,395.30000000,33.82300000,395.2
1749263707,395.40000000,36.05400000,395.2
1749263707,395.50000000,13.08400000,395.2
1749263707,395.60000000,24.01500000,395.2
1749263707,395.70000000,42.32400000,395.2
1749263707,395.80000000,18.29800000,395.2
1749263707,395.90000000,16.13200000,395.2
1749263707,396.00000000,15.13900000,395.2
1749263707,396.10000000,15.09400000,395.2
1749263707,396.20000000,16.95900000,395.2
1749263707,396.30000000,18.87300000,395.2
1749263707,396.40000000,30.70700000,395.2
1749263707,396.50000000,3.93900000,395.2
1749263707,396.60000000,4.85800000,395.2
1749263707,396.70000000,0.67700000,395.2
1749263707,396.80000000,8.64000000,395.2
1749263707,396.90000000,15.34300000,395.2
1749263707,397.00000000,4.58500000,395.2
1749263707,397.10000000,3.66400000,395.2
1749263707,397.20000000,9.88000000,395.2
1749263707,397.30000000,155.84700000,395.2
1749263707,397.40000000,7.90000000,395.2
1749263707,397.50000000,0.30500000,395.2
1749263707,397.60000000,87.83700000,395.2
1749263707,397.70000000,1.08300000,395.2
1749263707,397.80000000,7.33400000,395.2
1749263707,397.90000000,115.02000000,395.2
1749263707,398.00000000,6.92900000,395.2
1749263707,398.10000000,0.72200000,395.2
1749263707,398.20000000,3.06500000,395.2
1749263707,398.30000000,2.19800000,395.2
1749263707,398.40000000,138.20200000,395.2
1749263707,398.50000000,4.76800000,395.2
1749263707,398.60000000,3.73600000,395.2
1749263707,398.70000000,2.42900000,395.2
1749263707,398.80000000,2.59800000,395.2
1749263707,398.90000000,4.85000000,395.2
1749263707,399.00000000,0.68900000,395.2
1749263707,399.10000000,20.82200000,395.2
1749263707,399.20000000,0.37800000,395.2
1749263707,399.30000000,2.07500000,395.2
1749263707,399.40000000,9.22200000,395.2
1749263707,399.50000000,3.64700000,395.2
1749263707,399.60000000,51.95300000,395.2
1749263707,399.70000000,3.71000000,395.2
1749263707,399.80000000,2.19200000,395.2
1749263707,399.90000000,1.99100000,395.2
1749263707,400.00000000,19.27700000,395.2
1749263707,400.10000000,51.87700000,395.2
1749263707,400.20000000,0.06200000,395.2
1749263707,400.30000000,5.52900000,395.2
1749263707,400.40000000,0.39700000,395.2
1749263707,400.50000000,2.30600000,395.2
1749263707,400.60000000,0.08200000,395.2
1749263707,400.70000000,2.03800000,395.2
1749263707,400.80000000,2.64400000,395.2
1749263707,400.90000000,0.59300000,395.2
1749263707,401.00000000,5.50000000,395.2
1749263707,401.10000000,0.19700000,395.2
1749263707,401.20000000,2.61000000,395.2
1749263707,401.30000000,2.16400000,395.2
1749263707,401.40000000,4.58900000,395.2
1749263707,401.50000000,1.10900000,395.2
1749263707,401.60000000,4.85100000,395.2
1749263707,401.70000000,0.02600000,395.2
1749263707,401.80000000,2.29500000,395.2
1749263707,401.90000000,0.04900000,395.2
1749263707,402.00000000,23.18500000,395.2
1749263707,402.10000000,0.23100000,395.2
1749263707,402.20000000,2.05700000,395.2
1749263707,402.30000000,0.02600000,395.2
1749263707,402.40000000,0.04700000,395.2
1749263707,402.50000000,0.06500000,395.2
1749263707,402.60000000,0.03900000,395.2
1749263707,402.70000000,0.02600000,395.2
1749263707,402.80000000,0.47900000,395.2
1749263707,403.00000000,2.60100000,395.2
1749263707,403.10000000,0.03600000,395.2
1749263707,403.20000000,0.08300000,395.2
1749263707,403.30000000,0.48700000,395.2
1749263707,403.40000000,0.20500000,395.2
1749263707,403.50000000,2.61800000,395.2
1749263707,403.60000000,0.50700000,395.2
1749263707,403.70000000,7.08400000,395.2
1749263707,403.80000000,0.05100000,395.2
1749263707,403.90000000,0.01700000,395.2
1749263707,404.00000000,1.42300000,395.2
1749263707,404.10000000,1.35600000,395.2
1749263707,404.20000000,0.60100000,395.2
1749263707,404.40000000,0.36700000,395.2
1749263707,404.50000000,0.20500000,395.2
1749263707,404.60000000,1.00000000,395.2
1749263707,404.70000000,0.36800000,395.2
1749263707,404.80000000,0.08000000,395.2
1749263707,404.90000000,0.26500000,395.2
1749263707,405.00000000,12.47900000,395.2
1749263707,405.10000000,0.02000000,395.2
1749263707,405.20000000,0.31500000,395.2
1749263707,405.30000000,0.67800000,395.2
1749264008,395.50000000,18.93300000,395.4
1749264008,395.60000000,36.68100000,395.4
1749264008,395.70000000,23.74300000,395.4
1749264008,395.80000000,17.79800000,395.4
1749264008,395.90000000,43.30300000,395.4
1749264008,396.00000000,23.36400000,395.4
1749264008,396.10000000,12.99600000,395.4
1749264008,396.20000000,16.89900000,395.4
1749264008,396.30000000,22.38700000,395.4
1749264008,396.40000000,6.42900000,395.4
1749264008,396.50000000,3.93900000,395.4
1749264008,396.60000000,30.47500000,395.4
1749264008,396.70000000,3.76800000,395.4
1749264008,396.80000000,7.33900000,395.4
1749264008,396.90000000,15.34500000,395.4
1749264008,397.00000000,4.58500000,395.4
1749264008,397.10000000,4.97800000,395.4
1749264008,397.20000000,9.88000000,395.4
1749264008,397.30000000,155.84700000,395.4
1749264008,397.40000000,2.07100000,395.4
1749264008,397.50000000,0.30500000,395.4
1749264008,397.60000000,87.83700000,395.4
1749264008,397.70000000,1.08300000,395.4
1749264008,397.80000000,13.15700000,395.4
1749264008,397.90000000,115.02000000,395.4
1749264008,398.00000000,6.92900000,395.4
1749264008,398.10000000,0.72200000,395.4
1749264008,398.20000000,3.06500000,395.4
1749264008,398.30000000,2.19800000,395.4
1749264008,398.40000000,144.37200000,395.4
1749264008,398.50000000,4.76800000,395.4
1749264008,398.60000000,3.73600000,395.4
1749264008,398.70000000,2.42900000,395.4
1749264008,398.80000000,2.59800000,395.4
1749264008,398.90000000,4.85000000,395.4
1749264008,399.00000000,0.68900000,395.4
1749264008,399.10000000,14.78900000,395.4
1749264008,399.20000000,0.37800000,395.4
1749264008,399.30000000,2.07500000,395.4
1749264008,399.40000000,9.22200000,395.4
1749264008,399.50000000,3.39300000,395.4
1749264008,399.60000000,51.95300000,395.4
1749264008,399.70000000,3.71000000,395.4
1749264008,399.80000000,2.19200000,395.4
1749264008,399.90000000,1.99100000,395.4
1749264008,400.00000000,19.27700000,395.4
1749264008,400.10000000,51.87700000,395.4
1749264008,400.20000000,0.06200000,395.4
1749264008,400.30000000,5.52900000,395.4
1749264008,400.40000000,0.39700000,395.4
1749264008,400.50000000,2.30600000,395.4
1749264008,400.60000000,0.08200000,395.4
1749264008,400.70000000,2.03800000,395.4
1749264008,400.80000000,2.64400000,395.4
1749264008,400.90000000,0.59300000,395.4
1749264008,401.00000000,5.50000000,395.4
1749264008,401.10000000,0.19700000,395.4
1749264008,401.20000000,2.61000000,395.4
1749264008,401.30000000,2.16400000,395.4
1749264008,401.40000000,4.58900000,395.4
1749264008,401.50000000,1.10900000,395.4
1749264008,401.60000000,4.85100000,395.4
1749264008,401.70000000,0.02600000,395.4
1749264008,401.80000000,2.29500000,395.4
1749264008,401.90000000,0.04900000,395.4
1749264008,402.00000000,23.18500000,395.4
1749264008,402.10000000,0.23100000,395.4
1749264008,402.20000000,2.05700000,395.4
1749264008,402.30000000,0.02600000,395.4
1749264008,402.40000000,0.04700000,395.4
1749264008,402.50000000,0.06500000,395.4
1749264008,402.60000000,0.03900000,395.4
1749264008,402.70000000,0.02600000,395.4
1749264008,402.80000000,0.50500000,395.4
1749264008,402.90000000,0.02600000,395.4
1749264008,403.00000000,2.62700000,395.4
1749264008,403.10000000,0.03600000,395.4
1749264008,403.20000000,0.08300000,395.4
1749264008,403.30000000,0.48700000,395.4
1749264008,403.40000000,0.20500000,395.4
1749264008,403.50000000,2.61800000,395.4
1749264008,403.60000000,0.50700000,395.4
1749264008,403.70000000,7.08400000,395.4
1749264008,403.80000000,0.05100000,395.4
1749264008,403.90000000,0.01700000,395.4
1749264008,404.00000000,1.42300000,395.4
1749264008,404.10000000,1.35600000,395.4
1749264008,404.20000000,0.60100000,395.4
1749264008,404.40000000,0.36700000,395.4
1749264008,404.50000000,0.20500000,395.4
1749264008,404.60000000,1.00000000,395.4
1749264008,404.70000000,0.36800000,395.4
1749264008,404.80000000,0.08000000,395.4
1749264008,404.90000000,0.26500000,395.4
1749264008,405.00000000,12.47900000,395.4
1749264008,405.10000000,0.02000000,395.4
1749264008,405.20000000,0.31500000,395.4
1749264008,405.30000000,0.67800000,395.4
1749264008,405.40000000,2.48400000,395.4
1749264008,405.50000000,0.99700000,395.4
1749264310,395.30000000,16.71700000,395.2
1749264310,395.40000000,33.26500000,395.2
1749264310,395.50000000,26.97200000,395.2
1749264310,395.60000000,19.83900000,395.2
1749264310,395.70000000,21.44500000,395.2
1749264310,395.80000000,26.99900000,395.2
1749264310,395.90000000,52.57400000,395.2
1749264310,396.00000000,13.75100000,395.2
1749264310,396.10000000,13.93000000,395.2
1749264310,396.20000000,9.22800000,395.2
1749264310,396.30000000,19.30700000,395.2
1749264310,396.40000000,10.09700000,395.2
1749264310,396.50000000,3.92500000,395.2
1749264310,396.60000000,30.48800000,395.2
1749264310,396.70000000,0.04500000,395.2
1749264310,396.80000000,7.30400000,395.2
1749264310,396.90000000,18.02200000,395.2
1749264310,397.00000000,5.75100000,395.2
1749264310,397.10000000,0.75800000,395.2
1749264310,397.20000000,9.88000000,395.2
1749264310,397.30000000,155.84700000,395.2
1749264310,397.40000000,2.05700000,395.2
1749264310,397.50000000,0.30500000,395.2
1749264310,397.60000000,87.83700000,395.2
1749264310,397.70000000,1.08300000,395.2
1749264310,397.80000000,7.33400000,395.2
1749264310,397.90000000,114.57500000,395.2
1749264310,398.00000000,5.74900000,395.2
1749264310,398.10000000,0.72200000,395.2
1749264310,398.20000000,3.06500000,395.2
1749264310,398.30000000,2.19800000,395.2
1749264310,398.40000000,144.37200000,395.2
1749264310,398.50000000,4.57300000,395.2
1749264310,398.60000000,3.93100000,395.2
1749264310,398.70000000,2.42900000,395.2
1749264310,398.80000000,2.59800000,395.2
1749264310,398.90000000,4.85000000,395.2
1749264310,399.00000000,0.68900000,395.2
1749264310,399.10000000,12.89300000,395.2
1749264310,399.20000000,0.37800000,395.2
1749264310,399.30000000,2.07500000,395.2
1749264310,399.40000000,9.22200000,395.2
1749264310,399.50000000,3.37900000,395.2
1749264310,399.60000000,51.93900000,395.2
1749264310,399.70000000,3.71000000,395.2
1749264310,399.80000000,2.19200000,395.2
1749264310,399.90000000,4.50500000,395.2
1749264310,400.00000000,19.27700000,395.2
1749264310,400.10000000,51.87700000,395.2
1749264310,400.20000000,0.06200000,395.2
1749264310,400.30000000,5.52900000,395.2
1749264310,400.40000000,0.39700000,395.2
1749264310,400.50000000,2.30600000,395.2
1749264310,400.60000000,4.59700000,395.2
1749264310,400.70000000,2.03800000,395.2
1749264310,400.80000000,2.64400000,395.2
1749264310,400.90000000,0.59300000,395.2
1749264310,401.00000000,2.97200000,395.2
1749264310,401.10000000,0.19700000,395.2
1749264310,401.20000000,2.61000000,395.2
1749264310,401.30000000,2.16400000,395.2
1749264310,401.40000000,4.58900000,395.2
1749264310,401.50000000,1.10900000,395.2
1749264310,401.60000000,2.23200000,395.2
1749264310,401.70000000,0.02600000,395.2
1749264310,401.80000000,2.29500000,395.2
1749264310,401.90000000,0.04900000,395.2
1749264310,402.00000000,23.18500000,395.2
1749264310,402.10000000,0.23100000,395.2
1749264310,402.20000000,2.05700000,395.2
1749264310,402.30000000,0.02600000,395.2
1749264310,402.40000000,0.04700000,395.2
1749264310,402.50000000,0.05100000,395.2
1749264310,402.60000000,0.03900000,395.2
1749264310,402.70000000,0.02600000,395.2
1749264310,402.80000000,0.50500000,395.2
1749264310,403.00000000,3.85800000,395.2
1749264310,403.10000000,0.03600000,395.2
1749264310,403.20000000,0.08300000,395.2
1749264310,403.30000000,0.48700000,395.2
1749264310,403.40000000,0.20500000,395.2
1749264310,403.50000000,2.61800000,395.2
1749264310,403.60000000,0.50700000,395.2
1749264310,403.70000000,7.08400000,395.2
1749264310,403.80000000,0.05100000,395.2
1749264310,403.90000000,0.01700000,395.2
1749264310,404.00000000,1.40900000,395.2
1749264310,404.10000000,0.09900000,395.2
1749264310,404.20000000,0.60100000,395.2
1749264310,404.40000000,0.36700000,395.2
1749264310,404.50000000,0.20500000,395.2
1749264310,404.60000000,1.00000000,395.2
1749264310,404.70000000,0.36800000,395.2
1749264310,404.80000000,0.08000000,395.2
1749264310,404.90000000,0.26500000,395.2
1749264310,405.00000000,12.47900000,395.2
1749264310,405.10000000,0.02000000,395.2
1749264310,405.20000000,0.31500000,395.2
1749264310,405.30000000,0.67800000,395.2
1749264310,405.40000000,2.48400000,395.2
1749264612,395.60000000,2.16300000,395.6
1749264612,395.70000000,25.92400000,395.6
1749264612,395.80000000,27.60900000,395.6
1749264612,395.90000000,14.44700000,395.6
1749264612,396.00000000,40.97800000,395.6
1749264612,396.10000000,24.79600000,395.6
1749264612,396.20000000,19.94700000,395.6
1749264612,396.30000000,36.37500000,395.6
1749264612,396.40000000,13.95900000,395.6
1749264612,396.50000000,8.46100000,395.6
1749264612,396.60000000,7.20800000,395.6
1749264612,396.70000000,6.38000000,395.6
1749264612,396.80000000,32.93200000,395.6
1749264612,396.90000000,10.23400000,395.6
1749264612,397.00000000,7.11400000,395.6
1749264612,397.10000000,2.10800000,395.6
1749264612,397.20000000,11.44000000,395.6
1749264612,397.30000000,159.16700000,395.6
1749264612,397.40000000,3.42100000,395.6
1749264612,397.50000000,0.30500000,395.6
1749264612,397.60000000,87.83700000,395.6
1749264612,397.70000000,1.08300000,395.6
1749264612,397.80000000,7.33400000,395.6
1749264612,397.90000000,114.58800000,395.6
1749264612,398.00000000,11.56800000,395.6
1749264612,398.10000000,0.72200000,395.6
1749264612,398.20000000,3.06500000,395.6
1749264612,398.30000000,2.19800000,395.6
1749264612,398.40000000,138.20200000,395.6
1749264612,398.50000000,4.57300000,395.6
1749264612,398.60000000,3.93100000,395.6
1749264612,398.70000000,2.42900000,395.6
1749264612,398.80000000,2.59800000,395.6
1749264612,398.90000000,4.86300000,395.6
1749264612,399.00000000,0.68900000,395.6
1749264612,399.10000000,18.94700000,395.6
1749264612,399.20000000,0.37800000,395.6
1749264612,399.30000000,2.07500000,395.6
1749264612,399.40000000,9.22200000,395.6
1749264612,399.50000000,3.37900000,395.6
1749264612,399.60000000,51.95300000,395.6
1749264612,399.70000000,3.71000000,395.6
1749264612,399.80000000,2.20500000,395.6
1749264612,399.90000000,4.50500000,395.6
1749264612,400.00000000,19.27700000,395.6
1749264612,400.10000000,51.87700000,395.6
1749264612,400.20000000,0.06200000,395.6
1749264612,400.30000000,5.52900000,395.6
1749264612,400.40000000,0.39700000,395.6
1749264612,400.50000000,2.30600000,395.6
1749264612,400.60000000,1.97800000,395.6
1749264612,400.70000000,2.05100000,395.6
1749264612,400.80000000,2.64400000,395.6
1749264612,400.90000000,0.59300000,395.6
1749264612,401.00000000,2.97200000,395.6
1749264612,401.10000000,0.19700000,395.6
1749264612,401.20000000,2.61000000,395.6
1749264612,401.30000000,2.16400000,395.6
1749264612,401.40000000,7.20800000,395.6
1749264612,401.50000000,1.10900000,395.6
1749264612,401.60000000,2.24500000,395.6
1749264612,401.70000000,0.02600000,395.6
1749264612,401.80000000,2.29500000,395.6
1749264612,401.90000000,0.04900000,395.6
1749264612,402.00000000,23.18500000,395.6
1749264612,402.10000000,0.23100000,395.6
1749264612,402.20000000,2.05700000,395.6
1749264612,402.30000000,0.02600000,395.6
1749264612,402.40000000,0.04700000,395.6
1749264612,402.50000000,0.05100000,395.6
1749264612,402.60000000,0.05200000,395.6
1749264612,402.70000000,0.02600000,395.6
1749264612,402.80000000,0.50500000,395.6
1749264612,402.90000000,0.02600000,395.6
1749264612,403.00000000,3.88400000,395.6
1749264612,403.10000000,0.06200000,395.6
1749264612,403.20000000,0.08300000,395.6
1749264612,403.30000000,0.48700000,395.6
1749264612,403.40000000,0.20500000,395.6
1749264612,403.50000000,2.65300000,395.6
1749264612,403.60000000,0.50700000,395.6
1749264612,403.70000000,7.08400000,395.6
1749264612,403.80000000,0.05100000,395.6
1749264612,403.90000000,0.01700000,395.6
1749264612,404.00000000,1.40900000,395.6
1749264612,404.10000000,0.09900000,395.6
1749264612,404.20000000,0.60100000,395.6
1749264612,404.40000000,0.38000000,395.6
1749264612,404.50000000,0.20500000,395.6
1749264612,404.60000000,1.00000000,395.6
1749264612,404.70000000,0.36800000,395.6
1749264612,404.80000000,0.08000000,395.6
1749264612,404.90000000,0.26500000,395.6
1749264612,405.00000000,12.47900000,395.6
1749264612,405.10000000,0.02000000,395.6
1749264612,405.20000000,0.31500000,395.6
1749264612,405.30000000,0.69100000,395.6
1749264612,405.40000000,2.48400000,395.6
1749264612,405.50000000,0.98300000,395.6
1749264612,405.60000000,0.01800000,395.6
1749264913,396.60000000,9.51400000,396.6
1749264913,396.70000000,23.59700000,396.6
1749264913,396.80000000,24.99200000,396.6
1749264913,396.90000000,21.82800000,396.6
1749264913,397.00000000,28.82300000,396.6
1749264913,397.10000000,35.36400000,396.6
1749264913,397.20000000,58.17600000,396.6
1749264913,397.30000000,143.41700000,396.6
1749264913,397.40000000,6.64900000,396.6
1749264913,397.50000000,11.33600000,396.6
1749264913,397.60000000,11.01000000,396.6
1749264913,397.70000000,1.67000000,396.6
1749264913,397.80000000,8.69800000,396.6
1749264913,397.90000000,32.78800000,396.6
1749264913,398.00000000,31.68000000,396.6
1749264913,398.10000000,6.77500000,396.6
1749264913,398.20000000,7.38800000,396.6
1749264913,398.30000000,82.93600000,396.6
1749264913,398.40000000,6.70900000,396.6
1749264913,398.50000000,7.89200000,396.6
1749264913,398.60000000,4.13600000,396.6
1749264913,398.70000000,114.22500000,396.6
1749264913,398.80000000,5.11200000,396.6
1749264913,398.90000000,4.86300000,396.6
1749264913,399.00000000,1.68000000,396.6
1749264913,399.10000000,10.34600000,396.6
1749264913,399.20000000,0.37800000,396.6
1749264913,399.30000000,135.17100000,396.6
1749264913,399.40000000,2.81300000,396.6
1749264913,399.50000000,5.88800000,396.6
1749264913,399.60000000,55.62600000,396.6
1749264913,399.70000000,3.96300000,396.6
1749264913,399.80000000,8.60700000,396.6
1749264913,399.90000000,1.99100000,396.6
1749264913,400.00000000,21.31900000,396.6
1749264913,400.10000000,51.87700000,396.6
1749264913,400.20000000,0.31500000,396.6
1749264913,400.30000000,13.84500000,396.6
1749264913,400.40000000,0.41100000,396.6
1749264913,400.50000000,2.30600000,396.6
1749264913,400.60000000,1.97800000,396.6
1749264913,400.70000000,8.71400000,396.6
1749264913,400.80000000,2.64400000,396.6
1749264913,400.90000000,0.59300000,396.6
1749264913,401.00000000,2.97200000,396.6
1749264913,401.10000000,2.71100000,396.6
1749264913,401.20000000,2.61000000,396.6
1749264913,401.30000000,2.16400000,396.6
1749264913,401.40000000,4.58900000,396.6
1749264913,401.50000000,1.10900000,396.6
1749264913,401.60000000,2.24500000,396.6
1749264913,401.70000000,0.02600000,396.6
1749264913,401.80000000,2.29500000,396.6
1749264913,401.90000000,0.04900000,396.6
1749264913,402.00000000,23.18500000,396.6
1749264913,402.10000000,0.23100000,396.6
1749264913,402.20000000,4.67600000,396.6
1749264913,402.30000000,0.02600000,396.6
1749264913,402.40000000,0.04700000,396.6
1749264913,402.50000000,0.05100000,396.6
1749264913,402.60000000,0.05200000,396.6
1749264913,402.70000000,0.02600000,396.6
1749264913,402.80000000,0.50500000,396.6
1749264913,402.90000000,0.02600000,396.6
1749264913,403.00000000,2.60200000,396.6
1749264913,403.10000000,0.06200000,396.6
1749264913,403.20000000,0.10900000,396.6
1749264913,403.30000000,0.51300000,396.6
1749264913,403.40000000,0.23100000,396.6
1749264913,403.50000000,1.55700000,396.6
1749264913,403.60000000,0.53300000,396.6
1749264913,403.70000000,0.08600000,396.6
1749264913,403.80000000,0.07700000,396.6
1749264913,403.90000000,0.04300000,396.6
1749264913,404.00000000,1.43500000,396.6
1749264913,404.10000000,1.38200000,396.6
1749264913,404.20000000,0.57900000,396.6
1749264913,404.40000000,0.38000000,396.6
1749264913,404.50000000,0.20500000,396.6
1749264913,404.60000000,2.12200000,396.6
1749264913,404.70000000,0.36800000,396.6
1749264913,404.80000000,7.10400000,396.6
1749264913,404.90000000,0.26500000,396.6
1749264913,405.00000000,12.47900000,396.6
1749264913,405.10000000,0.02000000,396.6
1749264913,405.20000000,0.31500000,396.6
1749264913,405.30000000,0.05500000,396.6
1749264913,405.50000000,0.98300000,396.6
1749264913,405.60000000,0.01800000,396.6
1749264913,405.70000000,0.25600000,396.6
1749264913,405.80000000,0.08000000,396.6
1749264913,405.90000000,0.13000000,396.6
1749264913,406.00000000,5.25800000,396.6
1749264913,406.10000000,0.08800000,396.6
1749264913,406.20000000,0.55300000,396.6
1749264913,406.30000000,0.04700000,396.6
1749264913,406.40000000,1.20900000,396.6
1749264913,406.50000000,5.02100000,396.6
1749264913,406.60000000,2.75100000,396.6
1749264913,406.70000000,1.88600000,396.6
1749265220,396.80000000,2.09600000,396.8
1749265220,396.90000000,34.23200000,396.8
1749265220,397.00000000,28.09200000,396.8
1749265220,397.10000000,19.07300000,396.8
1749265220,397.20000000,74.70700000,396.8
1749265220,397.30000000,153.40000000,396.8
1749265220,397.40000000,19.44300000,396.8
1749265220,397.50000000,11.33600000,396.8
1749265220,397.60000000,11.01000000,396.8
1749265220,397.70000000,4.89300000,396.8
1749265220,397.80000000,8.71700000,396.8
1749265220,397.90000000,6.24400000,396.8
1749265220,398.00000000,7.50300000,396.8
1749265220,398.10000000,31.34000000,396.8
1749265220,398.20000000,6.03800000,396.8
1749265220,398.30000000,82.93600000,396.8
1749265220,398.40000000,5.56900000,396.8
1749265220,398.50000000,40.50400000,396.8
1749265220,398.60000000,2.78600000,396.8
1749265220,398.70000000,114.22500000,396.8
1749265220,398.80000000,5.11200000,396.8
1749265220,398.90000000,4.86300000,396.8
1749265220,399.00000000,1.68000000,396.8
1749265220,399.10000000,10.34300000,396.8
1749265220,399.20000000,0.37800000,396.8
1749265220,399.30000000,135.17100000,396.8
1749265220,399.40000000,2.81300000,396.8
1749265220,399.50000000,5.88800000,396.8
1749265220,399.60000000,3.74600000,396.8
1749265220,399.70000000,3.96300000,396.8
1749265220,399.80000000,8.60700000,396.8
1749265220,399.90000000,1.99100000,396.8
1749265220,400.00000000,21.31900000,396.8
1749265220,400.10000000,51.87700000,396.8
1749265220,400.20000000,0.31500000,396.8
1749265220,400.30000000,13.84500000,396.8
1749265220,400.40000000,0.41100000,396.8
1749265220,400.50000000,2.55900000,396.8
1749265220,400.60000000,1.97800000,396.8
1749265220,400.70000000,8.71400000,396.8
1749265220,400.80000000,2.65800000,396.8
1749265220,400.90000000,52.96000000,396.8
1749265220,401.00000000,2.97200000,396.8
1749265220,401.10000000,2.71100000,396.8
1749265220,401.20000000,2.61000000,396.8
1749265220,401.30000000,2.16400000,396.8
1749265220,401.40000000,4.58900000,396.8
1749265220,401.50000000,1.10900000,396.8
1749265220,401.60000000,2.24500000,396.8
1749265220,401.70000000,0.02600000,396.8
1749265220,401.80000000,2.29500000,396.8
1749265220,401.90000000,0.04900000,396.8
1749265220,402.00000000,23.18500000,396.8
1749265220,402.10000000,0.23100000,396.8
1749265220,402.20000000,4.67600000,396.8
1749265220,402.30000000,0.02600000,396.8
1749265220,402.40000000,0.04700000,396.8
1749265220,402.50000000,0.05100000,396.8
1749265220,402.60000000,0.05200000,396.8
1749265220,402.70000000,0.02600000,396.8
1749265220,402.80000000,0.50500000,396.8
1749265220,402.90000000,0.02600000,396.8
1749265220,403.00000000,2.60200000,396.8
1749265220,403.10000000,0.06200000,396.8
1749265220,403.20000000,0.10900000,396.8
1749265220,403.30000000,0.51300000,396.8
1749265220,403.40000000,0.23100000,396.8
1749265220,403.50000000,1.55700000,396.8
1749265220,403.60000000,0.53300000,396.8
1749265220,403.70000000,0.08600000,396.8
1749265220,403.80000000,0.07700000,396.8
1749265220,403.90000000,0.04300000,396.8
1749265220,404.00000000,1.43500000,396.8
1749265220,404.10000000,1.38200000,396.8
1749265220,404.20000000,0.60500000,396.8
1749265220,404.30000000,0.02600000,396.8
1749265220,404.40000000,0.38000000,396.8
1749265220,404.50000000,0.20500000,396.8
1749265220,404.60000000,2.12200000,396.8
1749265220,404.70000000,0.36800000,396.8
1749265220,404.80000000,7.10400000,396.8
1749265220,404.90000000,0.26500000,396.8
1749265220,405.00000000,12.47900000,396.8
1749265220,405.10000000,0.02000000,396.8
1749265220,405.20000000,0.31500000,396.8
1749265220,405.30000000,0.05500000,396.8
1749265220,405.50000000,0.98300000,396.8
1749265220,405.60000000,0.01800000,396.8
1749265220,405.70000000,0.25600000,396.8
1749265220,405.80000000,0.08000000,396.8
1749265220,405.90000000,0.13000000,396.8
1749265220,406.00000000,5.25800000,396.8
1749265220,406.10000000,0.08800000,396.8
1749265220,406.20000000,0.55300000,396.8
1749265220,406.30000000,0.04700000,396.8
1749265220,406.40000000,1.20900000,396.8
1749265220,406.50000000,5.02100000,396.8
1749265220,406.60000000,2.75100000,396.8
1749265220,406.70000000,1.88600000,396.8
1749265220,406.80000000,0.06300000,396.8
1749265522,398.10000000,8.87100000,398.1
1749265522,398.20000000,34.20900000,398.1
1749265522,398.30000000,33.10500000,398.1
1749265522,398.40000000,16.36900000,398.1
1749265522,398.50000000,23.58600000,398.1
1749265522,398.60000000,27.96400000,398.1
1749265522,398.70000000,40.40800000,398.1
1749265522,398.80000000,10.17100000,398.1
1749265522,398.90000000,12.48300000,398.1
1749265522,399.00000000,11.68800000,398.1
1749265522,399.10000000,8.22200000,398.1
1749265522,399.20000000,5.42700000,398.1
1749265522,399.30000000,9.88300000,398.1
1749265522,399.40000000,10.39400000,398.1
1749265522,399.50000000,31.36200000,398.1
1749265522,399.60000000,2.58700000,398.1
1749265522,399.70000000,8.64700000,398.1
1749265522,399.80000000,5.76800000,398.1
1749265522,399.90000000,15.74500000,398.1
1749265522,400.00000000,25.43600000,398.1
1749265522,400.10000000,53.04600000,398.1
1749265522,400.20000000,2.84300000,398.1
1749265522,400.30000000,144.09700000,398.1
1749265522,400.40000000,81.59400000,398.1
1749265522,400.50000000,2.55900000,398.1
1749265522,400.60000000,2.84900000,398.1
1749265522,400.70000000,10.70600000,398.1
1749265522,400.80000000,2.91100000,398.1
1749265522,400.90000000,4.28900000,398.1
1749265522,401.00000000,3.22500000,398.1
1749265522,401.10000000,133.29300000,398.1
1749265522,401.20000000,2.62400000,398.1
1749265522,401.30000000,2.61200000,398.1
1749265522,401.40000000,7.09800000,398.1
1749265522,401.50000000,1.36100000,398.1
1749265522,401.60000000,2.25900000,398.1
1749265522,401.70000000,0.27800000,398.1
1749265522,401.80000000,2.54700000,398.1
1749265522,401.90000000,8.68400000,398.1
1749265522,402.00000000,38.34300000,398.1
1749265522,402.10000000,2.99200000,398.1
1749265522,402.20000000,57.02400000,398.1
1749265522,402.30000000,1.92200000,398.1
1749265522,402.40000000,0.08000000,398.1
1749265522,402.50000000,2.56500000,398.1
1749265522,402.60000000,0.05200000,398.1
1749265522,402.70000000,0.02600000,398.1
1749265522,402.80000000,0.50500000,398.1
1749265522,402.90000000,0.02600000,398.1
1749265522,403.00000000,2.60200000,398.1
1749265522,403.10000000,2.57600000,398.1
1749265522,403.20000000,0.10900000,398.1
1749265522,403.30000000,0.51300000,398.1
1749265522,403.40000000,0.23100000,398.1
1749265522,403.50000000,1.55700000,398.1
1749265522,403.60000000,0.53300000,398.1
1749265522,403.70000000,0.08600000,398.1
1749265522,403.80000000,0.07700000,398.1
1749265522,403.90000000,0.04300000,398.1
1749265522,404.00000000,4.05400000,398.1
1749265522,404.10000000,0.12500000,398.1
1749265522,404.20000000,0.60500000,398.1
1749265522,404.30000000,0.02600000,398.1
1749265522,404.40000000,0.40600000,398.1
1749265522,404.50000000,0.23100000,398.1
1749265522,404.60000000,1.02600000,398.1
1749265522,404.70000000,0.39400000,398.1
1749265522,404.80000000,0.10600000,398.1
1749265522,404.90000000,0.29100000,398.1
1749265522,405.00000000,12.50500000,398.1
1749265522,405.10000000,0.04600000,398.1
1749265522,405.20000000,0.34100000,398.1
1749265522,405.30000000,0.08100000,398.1
1749265522,405.40000000,0.02600000,398.1
1749265522,405.50000000,1.00900000,398.1
1749265522,405.60000000,0.04400000,398.1
1749265522,405.70000000,1.37800000,398.1
1749265522,405.80000000,0.08000000,398.1
1749265522,405.90000000,7.15400000,398.1
1749265522,406.00000000,5.25800000,398.1
1749265522,406.10000000,0.08800000,398.1
1749265522,406.20000000,0.55300000,398.1
1749265522,406.30000000,1.30400000,398.1
1749265522,406.40000000,0.57300000,398.1
1749265522,406.50000000,5.02100000,398.1
1749265522,406.60000000,0.26700000,398.1
1749265522,406.70000000,1.88600000,398.1
1749265522,406.80000000,0.06300000,398.1
1749265522,406.90000000,0.51700000,398.1
1749265522,407.00000000,10.39300000,398.1
1749265522,407.10000000,0.02800000,398.1
1749265522,407.20000000,0.01300000,398.1
1749265522,407.30000000,0.04700000,398.1
1749265522,407.40000000,1.46000000,398.1
1749265522,407.50000000,5.10100000,398.1
1749265522,407.60000000,0.01600000,398.1
1749265522,407.70000000,0.01700000,398.1
1749265522,407.80000000,0.17100000,398.1
1749265522,408.00000000,17.35300000,398.1
1749265522,408.10000000,0.19700000,398.1
1749265824,398.70000000,1.64200000,398.6
1749265824,398.80000000,26.60800000,398.6
1749265824,398.90000000,23.17500000,398.6
1749265824,399.00000000,17.93600000,398.6
1749265824,399.10000000,50.19100000,398.6
1749265824,399.20000000,21.32900000,398.6
1749265824,399.30000000,19.43000000,398.6
1749265824,399.40000000,17.55700000,398.6
1749265824,399.50000000,15.35900000,398.6
1749265824,399.60000000,5.53300000,398.6
1749265824,399.70000000,5.36900000,398.6
1749265824,399.80000000,34.11400000,398.6
1749265824,399.90000000,3.27400000,398.6
1749265824,400.00000000,25.64500000,398.6
1749265824,400.10000000,51.69600000,398.6
1749265824,400.20000000,4.19300000,398.6
1749265824,400.30000000,34.60800000,398.6
1749265824,400.40000000,81.80300000,398.6
1749265824,400.50000000,13.29400000,398.6
1749265824,400.60000000,2.86300000,398.6
1749265824,400.70000000,6.30000000,398.6
1749265824,400.80000000,2.91100000,398.6
1749265824,400.90000000,6.42100000,398.6
1749265824,401.00000000,116.75300000,398.6
1749265824,401.10000000,133.29300000,398.6
1749265824,401.20000000,2.62400000,398.6
1749265824,401.30000000,8.35500000,398.6
1749265824,401.40000000,10.60300000,398.6
1749265824,401.50000000,1.36100000,398.6
1749265824,401.60000000,2.25900000,398.6
1749265824,401.70000000,0.27800000,398.6
1749265824,401.80000000,2.54700000,398.6
1749265824,401.90000000,8.68400000,398.6
1749265824,402.00000000,30.06200000,398.6
1749265824,402.10000000,2.99200000,398.6
1749265824,402.20000000,57.02400000,398.6
1749265824,402.30000000,1.92200000,398.6
1749265824,402.40000000,0.33200000,398.6
1749265824,402.50000000,2.56500000,398.6
1749265824,402.60000000,0.07100000,398.6
1749265824,402.70000000,0.02600000,398.6
1749265824,402.80000000,3.03300000,398.6
1749265824,402.90000000,8.28800000,398.6
1749265824,403.00000000,2.60200000,398.6
1749265824,403.10000000,2.57600000,398.6
1749265824,403.20000000,0.10900000,398.6
1749265824,403.30000000,0.51300000,398.6
1749265824,403.40000000,0.23100000,398.6
1749265824,403.50000000,1.55700000,398.6
1749265824,403.60000000,0.53300000,398.6
1749265824,403.70000000,2.60000000,398.6
1749265824,403.80000000,0.07700000,398.6
1749265824,403.90000000,0.04300000,398.6
1749265824,404.00000000,4.52400000,398.6
1749265824,404.10000000,0.12500000,398.6
1749265824,404.20000000,0.60500000,398.6
1749265824,404.30000000,0.02600000,398.6
1749265824,404.40000000,0.40600000,398.6
1749265824,404.50000000,0.23100000,398.6
1749265824,404.60000000,1.02600000,398.6
1749265824,404.70000000,0.39400000,398.6
1749265824,404.80000000,0.10600000,398.6
1749265824,404.90000000,0.29100000,398.6
1749265824,405.00000000,12.50500000,398.6
1749265824,405.10000000,0.04600000,398.6
1749265824,405.20000000,0.34100000,398.6
1749265824,405.30000000,0.08100000,398.6
1749265824,405.40000000,0.02600000,398.6
1749265824,405.50000000,1.00900000,398.6
1749265824,405.60000000,0.04400000,398.6
1749265824,405.70000000,1.40400000,398.6
1749265824,405.80000000,0.10600000,398.6
1749265824,405.90000000,7.18000000,398.6
1749265824,406.00000000,5.28400000,398.6
1749265824,406.10000000,0.11400000,398.6
1749265824,406.20000000,0.57900000,398.6
1749265824,406.30000000,1.30400000,398.6
1749265824,406.40000000,0.57300000,398.6
1749265824,406.50000000,5.02100000,398.6
1749265824,406.60000000,0.26700000,398.6
1749265824,406.70000000,1.88600000,398.6
1749265824,406.80000000,0.06300000,398.6
1749265824,406.90000000,0.51700000,398.6
1749265824,407.00000000,10.39300000,398.6
1749265824,407.10000000,0.02800000,398.6
1749265824,407.20000000,0.01300000,398.6
1749265824,407.30000000,0.04700000,398.6
1749265824,407.40000000,1.46000000,398.6
1749265824,407.50000000,5.10100000,398.6
1749265824,407.60000000,0.01600000,398.6
1749265824,407.70000000,0.01700000,398.6
1749265824,407.80000000,0.17100000,398.6
1749265824,408.00000000,17.35300000,398.6
1749265824,408.10000000,0.19700000,398.6
1749265824,408.20000000,0.28400000,398.6
1749265824,408.30000000,0.06400000,398.6
1749265824,408.40000000,0.05100000,398.6
1749265824,408.50000000,5.04800000,398.6
1749265824,408.60000000,0.01700000,398.6
1749265824,408.70000000,0.63600000,398.6
1749266125,398.90000000,0.77900000,398.9
1749266125,399.00000000,25.72500000,398.9
1749266125,399.10000000,32.12600000,398.9
1749266125,399.20000000,26.97700000,398.9
1749266125,399.30000000,19.62500000,398.9
1749266125,399.40000000,32.29200000,398.9
1749266125,399.50000000,40.15000000,398.9
1749266125,399.60000000,57.28400000,398.9
1749266125,399.70000000,17.29500000,398.9
1749266125,399.80000000,14.93800000,398.9
1749266125,399.90000000,14.04100000,398.9
1749266125,400.00000000,25.68100000,398.9
1749266125,400.10000000,75.77000000,398.9
1749266125,400.20000000,4.21200000,398.9
1749266125,400.30000000,34.60800000,398.9
1749266125,400.40000000,1.06400000,398.9
1749266125,400.50000000,11.94400000,398.9
1749266125,400.60000000,2.86300000,398.9
1749266125,400.70000000,4.56000000,398.9
1749266125,400.80000000,2.91100000,398.9
1749266125,400.90000000,5.07100000,398.9
1749266125,401.00000000,115.99500000,398.9
1749266125,401.10000000,214.03100000,398.9
1749266125,401.20000000,2.62400000,398.9
1749266125,401.30000000,2.61200000,398.9
1749266125,401.40000000,10.60300000,398.9
1749266125,401.50000000,7.09800000,398.9
1749266125,401.60000000,2.25900000,398.9
1749266125,401.70000000,0.27800000,398.9
1749266125,401.80000000,5.06100000,398.9
1749266125,401.90000000,8.68400000,398.9
1749266125,402.00000000,30.06200000,398.9
1749266125,402.10000000,2.99200000,398.9
1749266125,402.20000000,57.02400000,398.9
1749266125,402.30000000,1.92200000,398.9
1749266125,402.40000000,0.33200000,398.9
1749266125,402.50000000,2.95500000,398.9
1749266125,402.60000000,0.07100000,398.9
1749266125,402.70000000,0.27800000,398.9
1749266125,402.80000000,3.29800000,398.9
1749266125,402.90000000,0.04100000,398.9
1749266125,403.00000000,2.62100000,398.9
1749266125,403.10000000,2.57600000,398.9
1749266125,403.20000000,0.12800000,398.9
1749266125,403.30000000,0.51300000,398.9
1749266125,403.40000000,0.23100000,398.9
1749266125,403.50000000,1.55700000,398.9
1749266125,403.60000000,0.53300000,398.9
1749266125,403.70000000,2.60000000,398.9
1749266125,403.80000000,0.07700000,398.9
1749266125,403.90000000,8.28500000,398.9
1749266125,404.00000000,1.90500000,398.9
1749266125,404.10000000,0.12500000,398.9
1749266125,404.20000000,0.60500000,398.9
1749266125,404.30000000,2.54000000,398.9
1749266125,404.40000000,0.40600000,398.9
1749266125,404.50000000,0.23100000,398.9
1749266125,404.60000000,1.02600000,398.9
1749266125,404.70000000,0.39400000,398.9
1749266125,404.80000000,0.10600000,398.9
1749266125,404.90000000,2.91000000,398.9
1749266125,405.00000000,12.50500000,398.9
1749266125,405.10000000,0.04600000,398.9
1749266125,405.20000000,0.34100000,398.9
1749266125,405.30000000,0.08100000,398.9
1749266125,405.40000000,0.02600000,398.9
1749266125,405.50000000,0.02600000,398.9
1749266125,405.60000000,0.04400000,398.9
1749266125,405.70000000,0.28200000,398.9
1749266125,405.80000000,0.10600000,398.9
1749266125,405.90000000,0.15600000,398.9
1749266125,406.00000000,5.28400000,398.9
1749266125,406.10000000,0.11400000,398.9
1749266125,406.20000000,0.57900000,398.9
1749266125,406.30000000,1.33000000,398.9
1749266125,406.40000000,0.59900000,398.9
1749266125,406.50000000,5.02100000,398.9
1749266125,406.60000000,0.26700000,398.9
1749266125,406.70000000,0.01300000,398.9
1749266125,406.80000000,1.18500000,398.9
1749266125,406.90000000,0.51700000,398.9
1749266125,407.00000000,17.41700000,398.9
1749266125,407.10000000,0.02800000,398.9
1749266125,407.20000000,0.01300000,398.9
1749266125,407.30000000,0.04700000,398.9
1749266125,407.40000000,1.46000000,398.9
1749266125,407.50000000,5.10100000,398.9
1749266125,407.60000000,0.01600000,398.9
1749266125,407.70000000,0.01700000,398.9
1749266125,407.80000000,0.17100000,398.9
1749266125,408.00000000,17.35300000,398.9
1749266125,408.10000000,0.19700000,398.9
1749266125,408.20000000,0.28400000,398.9
1749266125,408.30000000,0.06400000,398.9
1749266125,408.40000000,0.05100000,398.9
1749266125,408.50000000,5.04800000,398.9
1749266125,408.60000000,0.01700000,398.9
1749266125,408.70000000,0.63600000,398.9
1749266125,408.80000000,4.44300000,398.9
1749266125,408.90000000,0.02100000,398.9
1749266427,398.10000000,4.89700000,398.1
1749266427,398.20000000,27.00400000,398.1
1749266427,398.30000000,31.92100000,398.1
1749266427,398.40000000,22.51600000,398.1
1749266427,398.50000000,32.50000000,398.1
1749266427,398.60000000,15.28300000,398.1
1749266427,398.70000000,32.41100000,398.1
1749266427,398.80000000,29.53000000,398.1
1749266427,398.90000000,40.26000000,398.1
1749266427,399.00000000,17.50200000,398.1
1749266427,399.10000000,14.82600000,398.1
1749266427,399.20000000,10.40900000,398.1
1749266427,399.30000000,35.24600000,398.1
1749266427,399.40000000,8.46800000,398.1
1749266427,399.50000000,18.41800000,398.1
1749266427,399.60000000,6.67300000,398.1
1749266427,399.70000000,11.38300000,398.1
1749266427,399.80000000,6.35500000,398.1
1749266427,399.90000000,9.73200000,398.1
1749266427,400.00000000,24.12300000,398.1
1749266427,400.10000000,54.98900000,398.1
1749266427,400.20000000,35.19000000,398.1
1749266427,400.30000000,7.68600000,398.1
1749266427,400.40000000,0.87700000,398.1
1749266427,400.50000000,2.55900000,398.1
1749266427,400.60000000,2.84900000,398.1
1749266427,400.70000000,4.58100000,398.1
1749266427,400.80000000,5.42500000,398.1
1749266427,400.90000000,5.07100000,398.1
1749266427,401.00000000,115.98100000,398.1
1749266427,401.10000000,80.93500000,398.1
1749266427,401.20000000,2.62400000,398.1
1749266427,401.30000000,2.63300000,398.1
1749266427,401.40000000,9.61200000,398.1
1749266427,401.50000000,1.36100000,398.1
1749266427,401.60000000,2.25900000,398.1
1749266427,401.70000000,0.27800000,398.1
1749266427,401.80000000,5.06100000,398.1
1749266427,401.90000000,8.68400000,398.1
1749266427,402.00000000,163.17900000,398.1
1749266427,402.10000000,2.99200000,398.1
1749266427,402.20000000,57.02400000,398.1
1749266427,402.30000000,1.92200000,398.1
1749266427,402.40000000,0.33200000,398.1
1749266427,402.50000000,2.95500000,398.1
1749266427,402.60000000,0.07100000,398.1
1749266427,402.70000000,0.27800000,398.1
1749266427,402.80000000,11.56200000,398.1
1749266427,402.90000000,0.06200000,398.1
1749266427,403.00000000,2.62100000,398.1
1749266427,403.10000000,2.57600000,398.1
1749266427,403.20000000,0.12800000,398.1
1749266427,403.30000000,0.51300000,398.1
1749266427,403.40000000,0.23100000,398.1
1749266427,403.50000000,1.55700000,398.1
1749266427,403.60000000,0.53300000,398.1
1749266427,403.70000000,2.60000000,398.1
1749266427,403.80000000,0.07700000,398.1
1749266427,403.90000000,0.06400000,398.1
1749266427,404.00000000,1.90500000,398.1
1749266427,404.10000000,2.74400000,398.1
1749266427,404.20000000,0.60500000,398.1
1749266427,404.30000000,2.54000000,398.1
1749266427,404.40000000,0.40600000,398.1
1749266427,404.50000000,0.23100000,398.1
1749266427,404.60000000,1.02600000,398.1
1749266427,404.70000000,0.39400000,398.1
1749266427,404.80000000,0.10600000,398.1
1749266427,404.90000000,0.29100000,398.1
1749266427,405.00000000,12.56800000,398.1
1749266427,405.10000000,0.04600000,398.1
1749266427,405.20000000,0.34100000,398.1
1749266427,405.30000000,0.08100000,398.1
1749266427,405.40000000,0.02600000,398.1
1749266427,405.50000000,0.02600000,398.1
1749266427,405.60000000,0.04400000,398.1
1749266427,405.70000000,0.25600000,398.1
1749266427,405.80000000,0.08000000,398.1
1749266427,405.90000000,0.13000000,398.1
1749266427,406.00000000,5.25800000,398.1
1749266427,406.10000000,0.08800000,398.1
1749266427,406.20000000,0.55300000,398.1
1749266427,406.30000000,1.30400000,398.1
1749266427,406.40000000,0.57300000,398.1
1749266427,406.50000000,5.02100000,398.1
1749266427,406.60000000,0.26700000,398.1
1749266427,406.70000000,0.01300000,398.1
1749266427,406.80000000,1.18500000,398.1
1749266427,406.90000000,0.51700000,398.1
1749266427,407.00000000,17.41700000,398.1
1749266427,407.10000000,0.02800000,398.1
1749266427,407.20000000,0.01300000,398.1
1749266427,407.30000000,0.04700000,398.1
1749266427,407.40000000,1.46000000,398.1
1749266427,407.50000000,5.10100000,398.1
1749266427,407.60000000,0.01600000,398.1
1749266427,407.70000000,0.01700000,398.1
1749266427,407.80000000,0.17100000,398.1
1749266427,408.00000000,17.35300000,398.1
1749266427,408.10000000,0.19700000,398.1
1749266729,398.50000000,2.87000000,398.5
1749266729,398.60000000,13.97300000,398.5
1749266729,398.70000000,26.93000000,398.5
1749266729,398.80000000,34.34400000,398.5
1749266729,398.90000000,30.13500000,398.5
1749266729,399.00000000,23.61700000,398.5
1749266729,399.10000000,29.84100000,398.5
1749266729,399.20000000,55.35200000,398.5
1749266729,399.30000000,18.66700000,398.5
1749266729,399.40000000,19.62800000,398.5
1749266729,399.50000000,22.21700000,398.5
1749266729,399.60000000,31.74800000,398.5
1749266729,399.70000000,6.67700000,398.5
1749266729,399.80000000,6.35500000,398.5
1749266729,399.90000000,9.75300000,398.5
1749266729,400.00000000,25.68200000,398.5
1749266729,400.10000000,61.01300000,398.5
1749266729,400.20000000,30.77700000,398.5
1749266729,400.30000000,7.68600000,398.5
1749266729,400.40000000,0.87700000,398.5
1749266729,400.50000000,2.55900000,398.5
1749266729,400.60000000,2.86300000,398.5
1749266729,400.70000000,4.58100000,398.5
1749266729,400.80000000,5.42500000,398.5
1749266729,400.90000000,5.07100000,398.5
1749266729,401.00000000,121.72700000,398.5
1749266729,401.10000000,80.93500000,398.5
1749266729,401.20000000,2.62400000,398.5
1749266729,401.30000000,2.63300000,398.5
1749266729,401.40000000,9.61200000,398.5
1749266729,401.50000000,1.36100000,398.5
1749266729,401.60000000,2.24100000,398.5
1749266729,401.70000000,0.27800000,398.5
1749266729,401.80000000,5.06100000,398.5
1749266729,401.90000000,8.68400000,398.5
1749266729,402.00000000,163.17900000,398.5
1749266729,402.10000000,2.99200000,398.5
1749266729,402.20000000,57.02400000,398.5
1749266729,402.30000000,1.92200000,398.5
1749266729,402.40000000,0.33200000,398.5
1749266729,402.50000000,2.95500000,398.5
1749266729,402.60000000,0.07100000,398.5
1749266729,402.70000000,0.27800000,398.5
1749266729,402.80000000,11.56200000,398.5
1749266729,402.90000000,0.06200000,398.5
1749266729,403.00000000,2.62100000,398.5
1749266729,403.10000000,2.57600000,398.5
1749266729,403.20000000,0.12800000,398.5
1749266729,403.30000000,0.51300000,398.5
1749266729,403.40000000,0.23100000,398.5
1749266729,403.50000000,1.55700000,398.5
1749266729,403.60000000,0.53300000,398.5
1749266729,403.70000000,2.60000000,398.5
1749266729,403.80000000,0.07700000,398.5
1749266729,403.90000000,0.06400000,398.5
1749266729,404.00000000,1.90500000,398.5
1749266729,404.10000000,2.74400000,398.5
1749266729,404.20000000,0.60500000,398.5
1749266729,404.30000000,2.54000000,398.5
1749266729,404.40000000,0.40600000,398.5
1749266729,404.50000000,0.23100000,398.5
1749266729,404.60000000,1.02600000,398.5
1749266729,404.70000000,0.39400000,398.5
1749266729,404.80000000,0.10600000,398.5
1749266729,404.90000000,0.29100000,398.5
1749266729,405.00000000,12.56800000,398.5
1749266729,405.10000000,0.04600000,398.5
1749266729,405.20000000,0.34100000,398.5
1749266729,405.30000000,0.08100000,398.5
1749266729,405.40000000,0.02600000,398.5
1749266729,405.50000000,0.02600000,398.5
1749266729,405.60000000,0.04400000,398.5
1749266729,405.70000000,0.28200000,398.5
1749266729,405.80000000,0.10600000,398.5
1749266729,405.90000000,0.15600000,398.5
1749266729,406.00000000,5.28400000,398.5
1749266729,406.10000000,0.08800000,398.5
1749266729,406.20000000,0.55300000,398.5
1749266729,406.30000000,1.30400000,398.5
1749266729,406.40000000,0.57300000,398.5
1749266729,406.50000000,5.02100000,398.5
1749266729,406.60000000,0.26700000,398.5
1749266729,406.70000000,0.01300000,398.5
1749266729,406.80000000,1.18500000,398.5
1749266729,406.90000000,0.51700000,398.5
1749266729,407.00000000,17.41700000,398.5
1749266729,407.10000000,0.02800000,398.5
1749266729,407.20000000,0.01300000,398.5
1749266729,407.30000000,0.04700000,398.5
1749266729,407.40000000,1.46000000,398.5
1749266729,407.50000000,5.10100000,398.5
1749266729,407.60000000,0.01600000,398.5
1749266729,407.70000000,0.01700000,398.5
1749266729,407.80000000,0.17100000,398.5
1749266729,408.00000000,17.35300000,398.5
1749266729,408.10000000,0.19700000,398.5
1749266729,408.20000000,0.28400000,398.5
1749266729,408.30000000,0.06400000,398.5
1749266729,408.40000000,0.05100000,398.5
1749266729,408.50000000,5.04800000,398.5
1749267030,398.10000000,12.51100000,398.0
1749267030,398.20000000,33.47200000,398.0
1749267030,398.30000000,46.45400000,398.0
1749267030,398.40000000,20.40700000,398.0
1749267030,398.50000000,46.01000000,398.0
1749267030,398.60000000,17.28500000,398.0
1749267030,398.70000000,29.16900000,398.0
1749267030,398.80000000,20.15500000,398.0
1749267030,398.90000000,16.27200000,398.0
1749267030,399.00000000,17.54700000,398.0
1749267030,399.10000000,40.09700000,398.0
1749267030,399.20000000,11.40900000,398.0
1749267030,399.30000000,11.44900000,398.0
1749267030,399.40000000,7.21000000,398.0
1749267030,399.50000000,18.40400000,398.0
1749267030,399.60000000,6.67300000,398.0
1749267030,399.70000000,11.40400000,398.0
1749267030,399.80000000,6.35500000,398.0
1749267030,399.90000000,3.31400000,398.0
1749267030,400.00000000,25.47300000,398.0
1749267030,400.10000000,135.72700000,398.0
1749267030,400.20000000,29.42700000,398.0
1749267030,400.30000000,7.68600000,398.0
1749267030,400.40000000,6.63600000,398.0
1749267030,400.50000000,2.55900000,398.0
1749267030,400.60000000,2.84900000,398.0
1749267030,400.70000000,4.58100000,398.0
1749267030,400.80000000,5.42500000,398.0
1749267030,400.90000000,5.07100000,398.0
1749267030,401.00000000,115.98100000,398.0
1749267030,401.10000000,0.19700000,398.0
1749267030,401.20000000,2.62400000,398.0
1749267030,401.30000000,2.63300000,398.0
1749267030,401.40000000,9.61200000,398.0
1749267030,401.50000000,1.36100000,398.0
1749267030,401.60000000,2.24100000,398.0
1749267030,401.70000000,0.27800000,398.0
1749267030,401.80000000,5.06100000,398.0
1749267030,401.90000000,8.68400000,398.0
1749267030,402.00000000,163.17900000,398.0
1749267030,402.10000000,2.99200000,398.0
1749267030,402.20000000,57.02400000,398.0
1749267030,402.30000000,1.92200000,398.0
1749267030,402.40000000,0.33200000,398.0
1749267030,402.50000000,2.95500000,398.0
1749267030,402.60000000,0.07100000,398.0
1749267030,402.70000000,0.27800000,398.0
1749267030,402.80000000,11.56200000,398.0
1749267030,402.90000000,0.06200000,398.0
1749267030,403.00000000,2.62100000,398.0
1749267030,403.10000000,2.57600000,398.0
1749267030,403.20000000,0.12800000,398.0
1749267030,403.30000000,0.51300000,398.0
1749267030,403.40000000,0.23100000,398.0
1749267030,403.50000000,1.55700000,398.0
1749267030,403.60000000,0.53300000,398.0
1749267030,403.70000000,2.60000000,398.0
1749267030,403.80000000,0.07700000,398.0
1749267030,403.90000000,0.06400000,398.0
1749267030,404.00000000,1.90500000,398.0
1749267030,404.10000000,2.74400000,398.0
1749267030,404.20000000,0.60500000,398.0
1749267030,404.30000000,2.54000000,398.0
1749267030,404.40000000,0.40600000,398.0
1749267030,404.50000000,0.23100000,398.0
1749267030,404.60000000,1.02600000,398.0
1749267030,404.70000000,0.39400000,398.0
1749267030,404.80000000,0.10600000,398.0
1749267030,404.90000000,0.29100000,398.0
1749267030,405.00000000,12.56800000,398.0
1749267030,405.10000000,0.04600000,398.0
1749267030,405.20000000,0.34100000,398.0
1749267030,405.30000000,0.08100000,398.0
1749267030,405.40000000,0.02600000,398.0
1749267030,405.50000000,0.02600000,398.0
1749267030,405.60000000,0.04400000,398.0
1749267030,405.70000000,0.25600000,398.0
1749267030,405.80000000,0.08000000,398.0
1749267030,405.90000000,0.13000000,398.0
1749267030,406.00000000,5.25800000,398.0
1749267030,406.10000000,0.08800000,398.0
1749267030,406.20000000,0.55300000,398.0
1749267030,406.30000000,1.30400000,398.0
1749267030,406.40000000,0.57300000,398.0
1749267030,406.50000000,5.02100000,398.0
1749267030,406.60000000,0.26700000,398.0
1749267030,406.70000000,0.01300000,398.0
1749267030,406.80000000,1.18500000,398.0
1749267030,406.90000000,0.51700000,398.0
1749267030,407.00000000,17.41700000,398.0
1749267030,407.10000000,0.02800000,398.0
1749267030,407.20000000,0.01300000,398.0
1749267030,407.30000000,0.04700000,398.0
1749267030,407.40000000,1.46000000,398.0
1749267030,407.50000000,5.10100000,398.0
1749267030,407.60000000,0.01600000,398.0
1749267030,407.70000000,0.01700000,398.0
1749267030,407.80000000,0.17100000,398.0
1749267030,408.00000000,17.35300000,398.0
1749267030,408.10000000,0.19700000,398.0
1749267332,397.70000000,26.82000000,397.6
1749267332,397.80000000,47.70500000,397.6
1749267332,397.90000000,25.01100000,397.6
1749267332,398.00000000,20.38800000,397.6
1749267332,398.10000000,41.14900000,397.6
1749267332,398.20000000,16.27900000,397.6
1749267332,398.30000000,24.26000000,397.6
1749267332,398.40000000,34.33400000,397.6
1749267332,398.50000000,16.21600000,397.6
1749267332,398.60000000,15.74600000,397.6
1749267332,398.70000000,13.16100000,397.6
1749267332,398.80000000,36.52700000,397.6
1749267332,398.90000000,4.67200000,397.6
1749267332,399.00000000,4.95900000,397.6
1749267332,399.10000000,9.84300000,397.6
1749267332,399.20000000,7.89100000,397.6
1749267332,399.30000000,19.49700000,397.6
1749267332,399.40000000,7.21000000,397.6
1749267332,399.50000000,34.29300000,397.6
1749267332,399.60000000,6.44600000,397.6
1749267332,399.70000000,4.02400000,397.6
1749267332,399.80000000,11.54100000,397.6
1749267332,399.90000000,1.94500000,397.6
1749267332,400.00000000,34.77800000,397.6
1749267332,400.10000000,132.43400000,397.6
1749267332,400.20000000,2.85000000,397.6
1749267332,400.30000000,6.53700000,397.6
1749267332,400.40000000,0.87700000,397.6
1749267332,400.50000000,2.55900000,397.6
1749267332,400.60000000,2.84900000,397.6
1749267332,400.70000000,4.58100000,397.6
1749267332,400.80000000,138.52100000,397.6
1749267332,400.90000000,4.28900000,397.6
1749267332,401.00000000,115.98100000,397.6
1749267332,401.10000000,0.19700000,397.6
1749267332,401.20000000,8.79300000,397.6
1749267332,401.30000000,0.62600000,397.6
1749267332,401.40000000,9.61200000,397.6
1749267332,401.50000000,1.36100000,397.6
1749267332,401.60000000,2.24100000,397.6
1749267332,401.70000000,0.27800000,397.6
1749267332,401.80000000,2.54700000,397.6
1749267332,401.90000000,2.56300000,397.6
1749267332,402.00000000,30.08300000,397.6
1749267332,402.10000000,2.99200000,397.6
1749267332,402.20000000,57.02400000,397.6
1749267332,402.30000000,1.92200000,397.6
1749267332,402.40000000,0.31800000,397.6
1749267332,402.50000000,2.95500000,397.6
1749267332,402.60000000,0.07100000,397.6
1749267332,402.70000000,0.02600000,397.6
1749267332,402.80000000,11.29700000,397.6
1749267332,402.90000000,0.06200000,397.6
1749267332,403.00000000,2.62100000,397.6
1749267332,403.10000000,2.57600000,397.6
1749267332,403.20000000,0.12800000,397.6
1749267332,403.30000000,0.51300000,397.6
1749267332,403.40000000,0.23100000,397.6
1749267332,403.50000000,1.55700000,397.6
1749267332,403.60000000,0.53300000,397.6
1749267332,403.70000000,2.60000000,397.6
1749267332,403.80000000,0.07700000,397.6
1749267332,403.90000000,0.06400000,397.6
1749267332,404.00000000,1.90500000,397.6
1749267332,404.10000000,2.74400000,397.6
1749267332,404.20000000,0.60500000,397.6
1749267332,404.30000000,2.54000000,397.6
1749267332,404.40000000,0.40600000,397.6
1749267332,404.50000000,0.23100000,397.6
1749267332,404.60000000,1.02600000,397.6
1749267332,404.70000000,0.39400000,397.6
1749267332,404.80000000,0.10600000,397.6
1749267332,404.90000000,0.29100000,397.6
1749267332,405.00000000,12.56800000,397.6
1749267332,405.10000000,0.04600000,397.6
1749267332,405.20000000,0.34100000,397.6
1749267332,405.30000000,0.05500000,397.6
1749267332,405.60000000,0.01800000,397.6
1749267332,405.70000000,1.37800000,397.6
1749267332,405.80000000,0.08000000,397.6
1749267332,405.90000000,7.15400000,397.6
1749267332,406.00000000,5.25800000,397.6
1749267332,406.10000000,0.08800000,397.6
1749267332,406.20000000,0.55300000,397.6
1749267332,406.30000000,1.30400000,397.6
1749267332,406.40000000,0.57300000,397.6
1749267332,406.50000000,5.02100000,397.6
1749267332,406.60000000,0.26700000,397.6
1749267332,406.70000000,0.01300000,397.6
1749267332,406.80000000,0.06300000,397.6
1749267332,406.90000000,0.51700000,397.6
1749267332,407.00000000,10.39300000,397.6
1749267332,407.10000000,0.02800000,397.6
1749267332,407.20000000,0.01300000,397.6
1749267332,407.30000000,0.04700000,397.6
1749267332,407.40000000,1.46000000,397.6
1749267332,407.50000000,5.10100000,397.6
1749267332,407.60000000,0.01600000,397.6
1749267332,407.70000000,0.01700000,397.6
1749267332,407.80000000,0.17100000,397.6
1749267633,397.90000000,0.85700000,397.9
1749267633,398.00000000,23.22100000,397.9
1749267633,398.10000000,46.33000000,397.9
1749267633,398.20000000,21.25000000,397.9
1749267633,398.30000000,27.70800000,397.9
1749267633,398.40000000,24.10600000,397.9
1749267633,398.50000000,37.90500000,397.9
1749267633,398.60000000,20.83600000,397.9
1749267633,398.70000000,20.43100000,397.9
1749267633,398.80000000,20.44900000,397.9
1749267633,398.90000000,4.67200000,397.9
1749267633,399.00000000,4.95900000,397.9
1749267633,399.10000000,33.96500000,397.9
1749267633,399.20000000,8.98300000,397.9
1749267633,399.30000000,16.18400000,397.9
1749267633,399.40000000,7.21000000,397.9
1749267633,399.50000000,34.29300000,397.9
1749267633,399.60000000,6.44600000,397.9
1749267633,399.70000000,7.36100000,397.9
1749267633,399.80000000,5.76800000,397.9
1749267633,399.90000000,1.94500000,397.9
1749267633,400.00000000,145.79200000,397.9
1749267633,400.10000000,138.20200000,397.9
1749267633,400.20000000,2.85000000,397.9
1749267633,400.30000000,6.53700000,397.9
1749267633,400.40000000,0.87700000,397.9
1749267633,400.50000000,2.55900000,397.9
1749267633,400.60000000,2.84900000,397.9
1749267633,400.70000000,4.58100000,397.9
1749267633,400.80000000,138.52100000,397.9
1749267633,400.90000000,4.28900000,397.9
1749267633,401.00000000,4.96700000,397.9
1749267633,401.10000000,0.19700000,397.9
1749267633,401.20000000,8.79300000,397.9
1749267633,401.30000000,0.62600000,397.9
1749267633,401.40000000,9.61200000,397.9
1749267633,401.50000000,1.36100000,397.9
1749267633,401.60000000,2.24100000,397.9
1749267633,401.70000000,0.27800000,397.9
1749267633,401.80000000,2.54700000,397.9
1749267633,401.90000000,2.56300000,397.9
1749267633,402.00000000,30.08300000,397.9
1749267633,402.10000000,2.99200000,397.9
1749267633,402.20000000,57.02400000,397.9
1749267633,402.30000000,1.92200000,397.9
1749267633,402.40000000,0.31800000,397.9
1749267633,402.50000000,2.95500000,397.9
1749267633,402.60000000,0.07100000,397.9
1749267633,402.70000000,0.02600000,397.9
1749267633,402.80000000,11.29700000,397.9
1749267633,402.90000000,0.06200000,397.9
1749267633,403.00000000,2.62100000,397.9
1749267633,403.10000000,2.57600000,397.9
1749267633,403.20000000,0.12800000,397.9
1749267633,403.30000000,0.51300000,397.9
1749267633,403.40000000,0.23100000,397.9
1749267633,403.50000000,1.55700000,397.9
1749267633,403.60000000,0.53300000,397.9
1749267633,403.70000000,2.60000000,397.9
1749267633,403.80000000,0.07700000,397.9
1749267633,403.90000000,0.06400000,397.9
1749267633,404.00000000,1.90500000,397.9
1749267633,404.10000000,2.74400000,397.9
1749267633,404.20000000,0.60500000,397.9
1749267633,404.30000000,2.54000000,397.9
