timestamp,price,volume,current_price
1749258253,395.40000000,8.39800000,395.4
1749258253,395.50000000,25.70900000,395.4
1749258253,395.60000000,30.79900000,395.4
1749258253,395.70000000,11.40900000,395.4
1749258253,395.80000000,21.42400000,395.4
1749258253,395.90000000,37.66300000,395.4
1749258253,396.00000000,36.36400000,395.4
1749258253,396.10000000,14.28800000,395.4
1749258253,396.20000000,16.89500000,395.4
1749258253,396.30000000,24.23700000,395.4
1749258253,396.40000000,10.24000000,395.4
1749258253,396.50000000,8.90600000,395.4
1749258253,396.60000000,31.29800000,395.4
1749258253,396.70000000,1.64800000,395.4
1749258253,396.80000000,8.46300000,395.4
1749258253,396.90000000,16.77000000,395.4
1749258253,397.00000000,5.95400000,395.4
1749258253,397.10000000,1.68100000,395.4
1749258253,397.20000000,11.29200000,395.4
1749258253,397.30000000,129.30000000,395.4
1749258253,397.40000000,3.42100000,395.4
1749258253,397.50000000,0.36700000,395.4
1749258253,397.60000000,7.35100000,395.4
1749258253,397.70000000,0.82900000,395.4
1749258253,397.80000000,5.07400000,395.4
1749258253,397.90000000,5.34300000,395.4
1749258253,398.00000000,30.08000000,395.4
1749258253,398.10000000,0.53100000,395.4
1749258253,398.20000000,11.39600000,395.4
1749258253,398.30000000,84.74800000,395.4
1749258253,398.40000000,2.90900000,395.4
1749258253,398.50000000,7.28200000,395.4
1749258253,398.60000000,111.60200000,395.4
1749258253,398.70000000,2.42900000,395.4
1749258253,398.80000000,6.66200000,395.4
1749258253,398.90000000,2.08700000,395.4
1749258253,399.00000000,0.68900000,395.4
1749258253,399.10000000,145.48200000,395.4
1749258253,399.20000000,0.12400000,395.4
1749258253,399.30000000,4.22400000,395.4
1749258253,399.40000000,9.47500000,395.4
1749258253,399.50000000,3.39300000,395.4
1749258253,399.60000000,0.07300000,395.4
1749258253,399.70000000,2.68000000,395.4
1749258253,399.80000000,2.19200000,395.4
1749258253,399.90000000,2.98200000,395.4
1749258253,400.00000000,19.39000000,395.4
1749258253,400.10000000,51.87700000,395.4
1749258253,400.20000000,0.06200000,395.4
1749258253,400.30000000,45.89900000,395.4
1749258253,400.40000000,0.39700000,395.4
1749258253,400.50000000,2.30600000,395.4
1749258253,400.60000000,0.08200000,395.4
1749258253,400.70000000,5.71100000,395.4
1749258253,400.80000000,2.64400000,395.4
1749258253,400.90000000,0.59300000,395.4
1749258253,401.00000000,2.98600000,395.4
1749258253,401.10000000,0.21700000,395.4
1749258253,401.20000000,2.61000000,395.4
1749258253,401.30000000,2.55200000,395.4
1749258253,401.40000000,4.58900000,395.4
1749258253,401.50000000,1.10900000,395.4
1749258253,401.60000000,2.23200000,395.4
1749258253,401.70000000,2.64500000,395.4
1749258253,401.80000000,2.29500000,395.4
1749258253,401.90000000,0.04900000,395.4
1749258253,402.00000000,23.18500000,395.4
1749258253,402.10000000,0.23100000,395.4
1749258253,402.20000000,2.05700000,395.4
1749258253,402.30000000,0.02600000,395.4
1749258253,402.40000000,0.06700000,395.4
1749258253,402.50000000,0.06500000,395.4
1749258253,402.60000000,2.03900000,395.4
1749258253,402.70000000,8.29200000,395.4
1749258253,402.80000000,0.50500000,395.4
1749258253,402.90000000,0.02600000,395.4
1749258253,403.00000000,2.60100000,395.4
1749258253,403.10000000,0.03600000,395.4
1749258253,403.20000000,2.59700000,395.4
1749258253,403.30000000,0.48700000,395.4
1749258253,403.40000000,0.20500000,395.4
1749258253,403.50000000,2.61800000,395.4
1749258253,403.60000000,3.50700000,395.4
1749258253,403.70000000,7.08400000,395.4
1749258253,403.80000000,0.05100000,395.4
1749258253,403.90000000,1.27400000,395.4
1749258253,404.00000000,1.42300000,395.4
1749258253,404.10000000,0.09900000,395.4
1749258253,404.20000000,0.60100000,395.4
1749258253,404.40000000,0.36700000,395.4
1749258253,404.50000000,0.20500000,395.4
1749258253,404.60000000,3.00000000,395.4
1749258253,404.70000000,0.36800000,395.4
1749258253,404.80000000,0.08000000,395.4
1749258253,404.90000000,0.26500000,395.4
1749258253,405.00000000,12.50400000,395.4
1749258253,405.10000000,0.02000000,395.4
1749258253,405.20000000,0.31500000,395.4
1749258253,405.30000000,0.04200000,395.4
1749258253,405.40000000,0.02000000,395.4
1749258565,395.30000000,10.54200000,395.2
1749258565,395.40000000,37.03100000,395.2
1749258565,395.50000000,36.05300000,395.2
1749258565,395.60000000,22.65500000,395.2
1749258565,395.70000000,19.92300000,395.2
1749258565,395.80000000,20.09700000,395.2
1749258565,395.90000000,28.31900000,395.2
1749258565,396.00000000,14.93800000,395.2
1749258565,396.10000000,10.77800000,395.2
1749258565,396.20000000,9.41700000,395.2
1749258565,396.30000000,18.61600000,395.2
1749258565,396.40000000,11.69900000,395.2
1749258565,396.50000000,34.56100000,395.2
1749258565,396.60000000,5.97000000,395.2
1749258565,396.70000000,4.97700000,395.2
1749258565,396.80000000,8.46300000,395.2
1749258565,396.90000000,4.19900000,395.2
1749258565,397.00000000,32.55300000,395.2
1749258565,397.10000000,0.31200000,395.2
1749258565,397.20000000,9.87900000,395.2
1749258565,397.30000000,209.98100000,395.2
1749258565,397.40000000,2.05700000,395.2
1749258565,397.50000000,0.30400000,395.2
1749258565,397.60000000,117.34600000,395.2
1749258565,397.70000000,0.82900000,395.2
1749258565,397.80000000,5.01100000,395.2
1749258565,397.90000000,5.34300000,395.2
1749258565,398.00000000,2.51000000,395.2
1749258565,398.10000000,141.14800000,395.2
1749258565,398.20000000,5.57900000,395.2
1749258565,398.30000000,8.30100000,395.2
1749258565,398.40000000,4.14700000,395.2
1749258565,398.50000000,7.28200000,395.2
1749258565,398.60000000,0.06300000,395.2
1749258565,398.70000000,2.42900000,395.2
1749258565,398.80000000,5.36100000,395.2
1749258565,398.90000000,2.08700000,395.2
1749258565,399.00000000,0.68900000,395.2
1749258565,399.10000000,4.55200000,395.2
1749258565,399.20000000,0.12400000,395.2
1749258565,399.30000000,55.27100000,395.2
1749258565,399.40000000,9.22200000,395.2
1749258565,399.50000000,3.39300000,395.2
1749258565,399.60000000,0.07300000,395.2
1749258565,399.70000000,2.68000000,395.2
1749258565,399.80000000,2.19200000,395.2
1749258565,399.90000000,2.98200000,395.2
1749258565,400.00000000,20.27600000,395.2
1749258565,400.10000000,51.87700000,395.2
1749258565,400.20000000,0.06200000,395.2
1749258565,400.30000000,5.52900000,395.2
1749258565,400.40000000,0.39700000,395.2
1749258565,400.50000000,2.30600000,395.2
1749258565,400.60000000,0.08200000,395.2
1749258565,400.70000000,5.71100000,395.2
1749258565,400.80000000,5.26300000,395.2
1749258565,400.90000000,0.59300000,395.2
1749258565,401.00000000,2.98600000,395.2
1749258565,401.10000000,0.21700000,395.2
1749258565,401.20000000,2.61000000,395.2
1749258565,401.30000000,2.55200000,395.2
1749258565,401.40000000,4.58900000,395.2
1749258565,401.50000000,1.10900000,395.2
1749258565,401.60000000,10.52100000,395.2
1749258565,401.70000000,0.02600000,395.2
1749258565,401.80000000,2.29500000,395.2
1749258565,401.90000000,0.04900000,395.2
1749258565,402.00000000,23.18500000,395.2
1749258565,402.10000000,0.23100000,395.2
1749258565,402.20000000,2.05700000,395.2
1749258565,402.30000000,0.02600000,395.2
1749258565,402.40000000,1.18900000,395.2
1749258565,402.50000000,0.06500000,395.2
1749258565,402.60000000,2.03900000,395.2
1749258565,402.70000000,0.02600000,395.2
1749258565,402.80000000,0.50500000,395.2
1749258565,403.00000000,2.60100000,395.2
1749258565,403.10000000,0.03600000,395.2
1749258565,403.20000000,2.59700000,395.2
1749258565,403.30000000,0.48700000,395.2
1749258565,403.40000000,0.20500000,395.2
1749258565,403.50000000,1.49600000,395.2
1749258565,403.60000000,3.50700000,395.2
1749258565,403.70000000,7.08400000,395.2
1749258565,403.80000000,0.05100000,395.2
1749258565,403.90000000,1.27400000,395.2
1749258565,404.00000000,1.42300000,395.2
1749258565,404.10000000,0.09900000,395.2
1749258565,404.20000000,0.60100000,395.2
1749258565,404.40000000,0.36700000,395.2
1749258565,404.50000000,0.20500000,395.2
1749258565,404.60000000,3.00000000,395.2
1749258565,404.70000000,0.36800000,395.2
1749258565,404.80000000,0.08000000,395.2
1749258565,404.90000000,0.26500000,395.2
1749258565,405.00000000,12.50400000,395.2
1749258565,405.10000000,0.02000000,395.2
1749258565,405.20000000,0.31500000,395.2
1749258565,405.30000000,0.67800000,395.2
1749258565,405.40000000,2.50400000,395.2
1749258876,395.60000000,30.05600000,395.5
1749258876,395.70000000,32.99900000,395.5
1749258876,395.80000000,34.66000000,395.5
1749258876,395.90000000,40.47800000,395.5
1749258876,396.00000000,19.86500000,395.5
1749258876,396.10000000,19.06600000,395.5
1749258876,396.20000000,40.92100000,395.5
1749258876,396.30000000,40.01200000,395.5
1749258876,396.40000000,12.90000000,395.5
1749258876,396.50000000,9.21900000,395.5
1749258876,396.60000000,7.03300000,395.5
1749258876,396.70000000,1.66200000,395.5
1749258876,396.80000000,8.46300000,395.5
1749258876,396.90000000,10.63800000,395.5
1749258876,397.00000000,56.80500000,395.5
1749258876,397.10000000,1.66200000,395.5
1749258876,397.20000000,11.29200000,395.5
1749258876,397.30000000,216.04700000,395.5
1749258876,397.40000000,3.42100000,395.5
1749258876,397.50000000,3.57600000,395.5
1749258876,397.60000000,117.34600000,395.5
1749258876,397.70000000,0.82900000,395.5
1749258876,397.80000000,5.07400000,395.5
1749258876,397.90000000,5.34300000,395.5
1749258876,398.00000000,2.51000000,395.5
1749258876,398.10000000,135.32700000,395.5
1749258876,398.20000000,5.57900000,395.5
1749258876,398.30000000,2.19800000,395.5
1749258876,398.40000000,2.90900000,395.5
1749258876,398.50000000,13.09200000,395.5
1749258876,398.60000000,1.36400000,395.5
1749258876,398.70000000,2.42900000,395.5
1749258876,398.80000000,5.36100000,395.5
1749258876,398.90000000,2.08700000,395.5
1749258876,399.00000000,6.80200000,395.5
1749258876,399.10000000,4.55200000,395.5
1749258876,399.20000000,0.12400000,395.5
1749258876,399.30000000,55.27100000,395.5
1749258876,399.40000000,9.22200000,395.5
1749258876,399.50000000,3.39300000,395.5
1749258876,399.60000000,0.13600000,395.5
1749258876,399.70000000,2.68000000,395.5
1749258876,399.80000000,2.19200000,395.5
1749258876,399.90000000,2.98200000,395.5
1749258876,400.00000000,20.27600000,395.5
1749258876,400.10000000,51.87700000,395.5
1749258876,400.20000000,0.12500000,395.5
1749258876,400.30000000,5.52900000,395.5
1749258876,400.40000000,0.39700000,395.5
1749258876,400.50000000,2.30600000,395.5
1749258876,400.60000000,0.08200000,395.5
1749258876,400.70000000,5.71100000,395.5
1749258876,400.80000000,2.70700000,395.5
1749258876,400.90000000,0.59300000,395.5
1749258876,401.00000000,2.98600000,395.5
1749258876,401.10000000,0.21700000,395.5
1749258876,401.20000000,2.61000000,395.5
1749258876,401.30000000,2.55200000,395.5
1749258876,401.40000000,4.65200000,395.5
1749258876,401.50000000,1.10900000,395.5
1749258876,401.60000000,13.14000000,395.5
1749258876,401.70000000,0.02600000,395.5
1749258876,401.80000000,2.29500000,395.5
1749258876,401.90000000,0.04900000,395.5
1749258876,402.00000000,23.24800000,395.5
1749258876,402.10000000,0.23100000,395.5
1749258876,402.20000000,2.05700000,395.5
1749258876,402.30000000,0.02600000,395.5
1749258876,402.40000000,1.18900000,395.5
1749258876,402.50000000,0.06500000,395.5
1749258876,402.60000000,2.03900000,395.5
1749258876,402.70000000,0.02600000,395.5
1749258876,402.80000000,0.50500000,395.5
1749258876,402.90000000,0.02600000,395.5
1749258876,403.00000000,2.62700000,395.5
1749258876,403.10000000,0.06200000,395.5
1749258876,403.20000000,2.59700000,395.5
1749258876,403.30000000,0.48700000,395.5
1749258876,403.40000000,0.20500000,395.5
1749258876,403.50000000,1.49600000,395.5
1749258876,403.60000000,3.50700000,395.5
1749258876,403.70000000,7.08400000,395.5
1749258876,403.80000000,0.05100000,395.5
1749258876,403.90000000,1.27400000,395.5
1749258876,404.00000000,1.42300000,395.5
1749258876,404.10000000,0.09900000,395.5
1749258876,404.20000000,0.60100000,395.5
1749258876,404.40000000,0.36700000,395.5
1749258876,404.50000000,0.20500000,395.5
1749258876,404.60000000,3.00000000,395.5
1749258876,404.70000000,0.36800000,395.5
1749258876,404.80000000,0.08000000,395.5
1749258876,404.90000000,0.26500000,395.5
1749258876,405.00000000,12.50400000,395.5
1749258876,405.10000000,0.02000000,395.5
1749258876,405.20000000,0.31500000,395.5
1749258876,405.30000000,0.67800000,395.5
1749258876,405.40000000,2.50400000,395.5
1749258876,405.50000000,0.99700000,395.5
1749258876,405.60000000,0.01800000,395.5
1749259178,395.60000000,9.68200000,395.5
1749259178,395.70000000,25.58600000,395.5
1749259178,395.80000000,34.87900000,395.5
1749259178,395.90000000,53.01900000,395.5
1749259178,396.00000000,31.90300000,395.5
1749259178,396.10000000,34.65500000,395.5
1749259178,396.20000000,18.99900000,395.5
1749259178,396.30000000,24.17500000,395.5
1749259178,396.40000000,12.12300000,395.5
1749259178,396.50000000,8.41000000,395.5
1749259178,396.60000000,7.03300000,395.5
1749259178,396.70000000,6.33200000,395.5
1749259178,396.80000000,33.71700000,395.5
1749259178,396.90000000,10.63800000,395.5
1749259178,397.00000000,32.55300000,395.5
1749259178,397.10000000,1.66200000,395.5
1749259178,397.20000000,9.94200000,395.5
1749259178,397.30000000,216.04700000,395.5
1749259178,397.40000000,2.07100000,395.5
1749259178,397.50000000,3.59200000,395.5
1749259178,397.60000000,117.34600000,395.5
1749259178,397.70000000,0.82900000,395.5
1749259178,397.80000000,5.07400000,395.5
1749259178,397.90000000,11.16400000,395.5
1749259178,398.00000000,2.51000000,395.5
1749259178,398.10000000,135.32700000,395.5
1749259178,398.20000000,5.57900000,395.5
1749259178,398.30000000,3.49900000,395.5
1749259178,398.40000000,2.90900000,395.5
1749259178,398.50000000,7.28200000,395.5
1749259178,398.60000000,0.06300000,395.5
1749259178,398.70000000,2.42900000,395.5
1749259178,398.80000000,5.36100000,395.5
1749259178,398.90000000,2.08700000,395.5
1749259178,399.00000000,6.80200000,395.5
1749259178,399.10000000,4.55200000,395.5
1749259178,399.20000000,0.12400000,395.5
1749259178,399.30000000,55.27100000,395.5
1749259178,399.40000000,9.22200000,395.5
1749259178,399.50000000,3.39300000,395.5
1749259178,399.60000000,0.13600000,395.5
1749259178,399.70000000,2.68000000,395.5
1749259178,399.80000000,2.19200000,395.5
1749259178,399.90000000,2.98200000,395.5
1749259178,400.00000000,20.27600000,395.5
1749259178,400.10000000,60.19700000,395.5
1749259178,400.20000000,0.12500000,395.5
1749259178,400.30000000,5.52900000,395.5
1749259178,400.40000000,0.39700000,395.5
1749259178,400.50000000,2.30600000,395.5
1749259178,400.60000000,0.08200000,395.5
1749259178,400.70000000,5.71100000,395.5
1749259178,400.80000000,2.70700000,395.5
1749259178,400.90000000,0.59300000,395.5
1749259178,401.00000000,2.98600000,395.5
1749259178,401.10000000,0.21700000,395.5
1749259178,401.20000000,2.61000000,395.5
1749259178,401.30000000,2.55200000,395.5
1749259178,401.40000000,4.65200000,395.5
1749259178,401.50000000,1.10900000,395.5
1749259178,401.60000000,4.85100000,395.5
1749259178,401.70000000,0.02600000,395.5
1749259178,401.80000000,2.29500000,395.5
1749259178,401.90000000,0.04900000,395.5
1749259178,402.00000000,23.24800000,395.5
1749259178,402.10000000,2.74500000,395.5
1749259178,402.20000000,2.05700000,395.5
1749259178,402.30000000,0.02600000,395.5
1749259178,402.40000000,1.18900000,395.5
1749259178,402.50000000,0.06500000,395.5
1749259178,402.60000000,2.03900000,395.5
1749259178,402.70000000,0.02600000,395.5
1749259178,402.80000000,0.50500000,395.5
1749259178,402.90000000,0.02600000,395.5
1749259178,403.00000000,2.62700000,395.5
1749259178,403.10000000,0.06200000,395.5
1749259178,403.20000000,0.08300000,395.5
1749259178,403.30000000,0.48700000,395.5
1749259178,403.40000000,0.20500000,395.5
1749259178,403.50000000,1.49600000,395.5
1749259178,403.60000000,3.50700000,395.5
1749259178,403.70000000,7.08400000,395.5
1749259178,403.80000000,0.05100000,395.5
1749259178,403.90000000,1.27400000,395.5
1749259178,404.00000000,1.42300000,395.5
1749259178,404.10000000,0.09900000,395.5
1749259178,404.20000000,0.60100000,395.5
1749259178,404.40000000,0.36700000,395.5
1749259178,404.50000000,0.20500000,395.5
1749259178,404.60000000,3.00000000,395.5
1749259178,404.70000000,0.36800000,395.5
1749259178,404.80000000,0.08000000,395.5
1749259178,404.90000000,0.26500000,395.5
1749259178,405.00000000,12.50400000,395.5
1749259178,405.10000000,0.02000000,395.5
1749259178,405.20000000,0.31500000,395.5
1749259178,405.30000000,0.67800000,395.5
1749259178,405.40000000,2.50400000,395.5
1749259178,405.50000000,0.99700000,395.5
1749259178,405.60000000,0.01800000,395.5
