timestamp,price,volume,current_price
1749258462,0.08660000,18517.40000000,0.0866
1749258462,0.08670000,90109.50000000,0.0866
1749258462,0.08680000,67238.50000000,0.0866
1749258462,0.08690000,81839.90000000,0.0866
1749258462,0.08700000,68374.30000000,0.0866
1749258462,0.08710000,131518.80000000,0.0866
1749258462,0.08720000,96340.20000000,0.0866
1749258462,0.08730000,13762.50000000,0.0866
1749258462,0.08740000,20648.20000000,0.0866
1749258462,0.08750000,40128.00000000,0.0866
1749258462,0.08760000,16057.50000000,0.0866
1749258462,0.08770000,18473.50000000,0.0866
1749258462,0.08780000,9323.30000000,0.0866
1749258462,0.08790000,5921.70000000,0.0866
1749258462,0.08800000,5921.50000000,0.0866
1749258462,0.08810000,5921.40000000,0.0866
1749258462,0.08820000,5921.30000000,0.0866
1749258462,0.08830000,6057.20000000,0.0866
1749258462,0.08840000,12037.30000000,0.0866
1749258462,0.08850000,11698.00000000,0.0866
1749258462,0.08860000,5920.90000000,0.0866
1749258462,0.08870000,12254.10000000,0.0866
1749258462,0.08880000,9262.00000000,0.0866
1749258462,0.08890000,116.60000000,0.0866
1749258462,0.08900000,116.60000000,0.0866
1749258462,0.08910000,16098.90000000,0.0866
1749258462,0.08920000,116.60000000,0.0866
1749258462,0.08930000,116.60000000,0.0866
1749258462,0.08940000,116.60000000,0.0866
1749258462,0.08950000,116.60000000,0.0866
1749258462,0.08960000,116.60000000,0.0866
1749258462,0.08970000,116.60000000,0.0866
1749258462,0.08980000,116.60000000,0.0866
1749258462,0.08990000,27506.50000000,0.0866
1749258462,0.09000000,305.50000000,0.0866
1749258462,0.09010000,692.00000000,0.0866
1749258462,0.09020000,11782.90000000,0.0866
1749258462,0.09030000,116.60000000,0.0866
1749258462,0.09040000,116.60000000,0.0866
1749258462,0.09050000,116.60000000,0.0866
1749258462,0.09060000,27439.80000000,0.0866
1749258462,0.09070000,116.60000000,0.0866
1749258462,0.09080000,657.20000000,0.0866
1749258462,0.09090000,116.60000000,0.0866
1749258462,0.09100000,11842.60000000,0.0866
1749258462,0.09110000,3017.30000000,0.0866
1749258462,0.09120000,116.60000000,0.0866
1749258462,0.09130000,177.90000000,0.0866
1749258462,0.09140000,204.10000000,0.0866
1749258462,0.09150000,225.90000000,0.0866
1749258462,0.09160000,116.60000000,0.0866
1749258462,0.09170000,225.70000000,0.0866
1749258462,0.09180000,356.20000000,0.0866
1749258462,0.09190000,116.60000000,0.0866
1749258462,0.09200000,116.60000000,0.0866
1749258462,0.09210000,116.60000000,0.0866
1749258462,0.09220000,116.60000000,0.0866
1749258462,0.09230000,116.60000000,0.0866
1749258462,0.09240000,116.60000000,0.0866
1749258462,0.09250000,117.70000000,0.0866
1749258462,0.09260000,117.70000000,0.0866
1749258462,0.09270000,117.60000000,0.0866
1749258462,0.09280000,117.40000000,0.0866
1749258462,0.09290000,117.30000000,0.0866
1749258462,0.09300000,278.50000000,0.0866
1749258462,0.09310000,117.00000000,0.0866
1749258462,0.09320000,116.90000000,0.0866
1749258462,0.09330000,116.70000000,0.0866
1749258462,0.09340000,116.60000000,0.0866
1749258462,0.09350000,116.50000000,0.0866
1749258462,0.09360000,116.30000000,0.0866
1749258462,0.09370000,176.00000000,0.0866
1749258462,0.09380000,116.10000000,0.0866
1749258462,0.09390000,115.90000000,0.0866
1749258462,0.09400000,4213.50000000,0.0866
1749258462,0.09410000,115.50000000,0.0866
1749258462,0.09470000,72.90000000,0.0866
1749258462,0.09500000,11808.00000000,0.0866
1749258462,0.09560000,1004.20000000,0.0866
1749258462,0.09600000,81.30000000,0.0866
1749258462,0.09640000,58.10000000,0.0866
1749258462,0.09740000,154.00000000,0.0866
1749258462,0.09750000,984.70000000,0.0866
1749258462,0.09800000,66.50000000,0.0866
1749258462,0.09890000,1404.20000000,0.0866
1749258462,0.09900000,1114.50000000,0.0866
1749258462,0.09940000,56.30000000,0.0866
1749258462,0.09950000,964.90000000,0.0866
1749258462,0.09960000,69.20000000,0.0866
1749258462,0.09980000,2454.90000000,0.0866
1749258462,0.09990000,220.40000000,0.0866
1749258462,0.10000000,10544.30000000,0.0866
1749258462,0.10020000,1000.00000000,0.0866
1749258462,0.10070000,5182.50000000,0.0866
1749258462,0.10100000,9318.90000000,0.0866
1749258462,0.10130000,108.00000000,0.0866
1749258462,0.10140000,2919.10000000,0.0866
1749258462,0.10250000,146.30000000,0.0866
1749258462,0.10270000,54.50000000,0.0866
1749258462,0.10310000,43842.70000000,0.0866
1749258829,0.08670000,57567.50000000,0.0867
1749258829,0.08680000,129024.90000000,0.0867
1749258829,0.08690000,88376.70000000,0.0867
1749258829,0.08700000,150473.60000000,0.0867
1749258829,0.08710000,142444.50000000,0.0867
1749258829,0.08720000,95524.50000000,0.0867
1749258829,0.08730000,43488.10000000,0.0867
1749258829,0.08740000,17739.70000000,0.0867
1749258829,0.08750000,17140.70000000,0.0867
1749258829,0.08760000,20065.00000000,0.0867
1749258829,0.08770000,6008.40000000,0.0867
1749258829,0.08780000,11345.60000000,0.0867
1749258829,0.08790000,5921.70000000,0.0867
1749258829,0.08800000,6210.30000000,0.0867
1749258829,0.08810000,5921.40000000,0.0867
1749258829,0.08820000,12340.20000000,0.0867
1749258829,0.08830000,6622.80000000,0.0867
1749258829,0.08840000,6210.20000000,0.0867
1749258829,0.08850000,5921.00000000,0.0867
1749258829,0.08860000,6210.00000000,0.0867
1749258829,0.08870000,5920.80000000,0.0867
1749258829,0.08880000,9262.00000000,0.0867
1749258829,0.08890000,116.60000000,0.0867
1749258829,0.08900000,116.60000000,0.0867
1749258829,0.08910000,16098.90000000,0.0867
1749258829,0.08920000,116.60000000,0.0867
1749258829,0.08930000,116.60000000,0.0867
1749258829,0.08940000,116.60000000,0.0867
1749258829,0.08950000,116.60000000,0.0867
1749258829,0.08960000,116.60000000,0.0867
1749258829,0.08970000,116.60000000,0.0867
1749258829,0.08980000,116.60000000,0.0867
1749258829,0.08990000,27506.50000000,0.0867
1749258829,0.09000000,305.50000000,0.0867
1749258829,0.09010000,692.00000000,0.0867
1749258829,0.09020000,11782.90000000,0.0867
1749258829,0.09030000,116.60000000,0.0867
1749258829,0.09040000,116.60000000,0.0867
1749258829,0.09050000,116.60000000,0.0867
1749258829,0.09060000,27439.80000000,0.0867
1749258829,0.09070000,116.60000000,0.0867
1749258829,0.09080000,657.20000000,0.0867
1749258829,0.09090000,116.60000000,0.0867
1749258829,0.09100000,11842.60000000,0.0867
1749258829,0.09110000,3017.30000000,0.0867
1749258829,0.09120000,116.60000000,0.0867
1749258829,0.09130000,177.90000000,0.0867
1749258829,0.09140000,204.10000000,0.0867
1749258829,0.09150000,225.90000000,0.0867
1749258829,0.09160000,116.60000000,0.0867
1749258829,0.09170000,225.70000000,0.0867
1749258829,0.09180000,356.20000000,0.0867
1749258829,0.09190000,116.60000000,0.0867
1749258829,0.09200000,116.60000000,0.0867
1749258829,0.09210000,116.60000000,0.0867
1749258829,0.09220000,116.60000000,0.0867
1749258829,0.09230000,116.60000000,0.0867
1749258829,0.09240000,116.60000000,0.0867
1749258829,0.09250000,117.70000000,0.0867
1749258829,0.09260000,117.70000000,0.0867
1749258829,0.09270000,117.60000000,0.0867
1749258829,0.09280000,117.40000000,0.0867
1749258829,0.09290000,117.30000000,0.0867
1749258829,0.09300000,278.50000000,0.0867
1749258829,0.09310000,117.00000000,0.0867
1749258829,0.09320000,116.90000000,0.0867
1749258829,0.09330000,116.70000000,0.0867
1749258829,0.09340000,116.60000000,0.0867
1749258829,0.09350000,116.50000000,0.0867
1749258829,0.09360000,116.30000000,0.0867
1749258829,0.09370000,176.00000000,0.0867
1749258829,0.09380000,116.10000000,0.0867
1749258829,0.09390000,115.90000000,0.0867
1749258829,0.09400000,4213.50000000,0.0867
1749258829,0.09410000,115.70000000,0.0867
1749258829,0.09420000,115.50000000,0.0867
1749258829,0.09470000,72.90000000,0.0867
1749258829,0.09500000,11808.00000000,0.0867
1749258829,0.09560000,1004.20000000,0.0867
1749258829,0.09600000,1671.10000000,0.0867
1749258829,0.09640000,58.10000000,0.0867
1749258829,0.09740000,154.00000000,0.0867
1749258829,0.09750000,984.70000000,0.0867
1749258829,0.09800000,66.50000000,0.0867
1749258829,0.09890000,1404.20000000,0.0867
1749258829,0.09900000,1114.50000000,0.0867
1749258829,0.09940000,56.30000000,0.0867
1749258829,0.09950000,964.90000000,0.0867
1749258829,0.09960000,69.20000000,0.0867
1749258829,0.09980000,2454.90000000,0.0867
1749258829,0.09990000,220.40000000,0.0867
1749258829,0.10000000,10544.30000000,0.0867
1749258829,0.10020000,1000.00000000,0.0867
1749258829,0.10070000,5182.50000000,0.0867
1749258829,0.10100000,9318.90000000,0.0867
1749258829,0.10130000,108.00000000,0.0867
1749258829,0.10140000,2919.10000000,0.0867
1749258829,0.10250000,146.30000000,0.0867
1749258829,0.10270000,54.50000000,0.0867
1749258829,0.10310000,43842.70000000,0.0867
1749259136,0.08650000,17862.70000000,0.0864
1749259136,0.08660000,95665.60000000,0.0864
1749259136,0.08670000,143678.10000000,0.0864
1749259136,0.08680000,142937.50000000,0.0864
1749259136,0.08690000,162404.10000000,0.0864
1749259136,0.08700000,45726.60000000,0.0864
1749259136,0.08710000,34433.30000000,0.0864
1749259136,0.08720000,25139.70000000,0.0864
1749259136,0.08730000,43488.10000000,0.0864
1749259136,0.08740000,12907.70000000,0.0864
1749259136,0.08750000,6008.70000000,0.0864
1749259136,0.08760000,12727.10000000,0.0864
1749259136,0.08770000,6008.40000000,0.0864
1749259136,0.08780000,12455.00000000,0.0864
1749259136,0.08790000,5921.70000000,0.0864
1749259136,0.08800000,6210.30000000,0.0864
1749259136,0.08810000,5921.40000000,0.0864
1749259136,0.08820000,6210.10000000,0.0864
1749259136,0.08830000,6622.80000000,0.0864
1749259136,0.08840000,6210.20000000,0.0864
1749259136,0.08850000,5921.00000000,0.0864
1749259136,0.08860000,6210.00000000,0.0864
1749259136,0.08870000,5920.80000000,0.0864
1749259136,0.08880000,10836.40000000,0.0864
1749259136,0.08890000,116.60000000,0.0864
1749259136,0.08900000,116.60000000,0.0864
1749259136,0.08910000,14524.50000000,0.0864
1749259136,0.08920000,116.60000000,0.0864
1749259136,0.08930000,116.60000000,0.0864
1749259136,0.08940000,116.60000000,0.0864
1749259136,0.08950000,116.60000000,0.0864
1749259136,0.08960000,116.60000000,0.0864
1749259136,0.08970000,116.60000000,0.0864
1749259136,0.08980000,116.60000000,0.0864
1749259136,0.08990000,39172.80000000,0.0864
1749259136,0.09000000,305.50000000,0.0864
1749259136,0.09010000,692.00000000,0.0864
1749259136,0.09020000,116.60000000,0.0864
1749259136,0.09030000,116.60000000,0.0864
1749259136,0.09040000,116.60000000,0.0864
1749259136,0.09050000,116.60000000,0.0864
1749259136,0.09060000,27439.80000000,0.0864
1749259136,0.09070000,11598.80000000,0.0864
1749259136,0.09080000,3557.90000000,0.0864
1749259136,0.09090000,116.60000000,0.0864
1749259136,0.09100000,360.40000000,0.0864
1749259136,0.09110000,116.60000000,0.0864
1749259136,0.09120000,116.60000000,0.0864
1749259136,0.09130000,177.90000000,0.0864
1749259136,0.09140000,204.10000000,0.0864
1749259136,0.09150000,225.90000000,0.0864
1749259136,0.09160000,116.60000000,0.0864
1749259136,0.09170000,225.70000000,0.0864
1749259136,0.09180000,356.20000000,0.0864
1749259136,0.09190000,116.60000000,0.0864
1749259136,0.09200000,116.60000000,0.0864
1749259136,0.09210000,116.60000000,0.0864
1749259136,0.09220000,116.60000000,0.0864
1749259136,0.09230000,116.60000000,0.0864
1749259136,0.09240000,116.60000000,0.0864
1749259136,0.09250000,117.70000000,0.0864
1749259136,0.09260000,117.70000000,0.0864
1749259136,0.09270000,117.60000000,0.0864
1749259136,0.09280000,117.40000000,0.0864
1749259136,0.09290000,117.30000000,0.0864
1749259136,0.09300000,278.50000000,0.0864
1749259136,0.09310000,117.00000000,0.0864
1749259136,0.09320000,116.90000000,0.0864
1749259136,0.09330000,116.70000000,0.0864
1749259136,0.09340000,116.60000000,0.0864
1749259136,0.09350000,116.50000000,0.0864
1749259136,0.09360000,116.30000000,0.0864
1749259136,0.09370000,176.00000000,0.0864
1749259136,0.09380000,116.10000000,0.0864
1749259136,0.09390000,115.90000000,0.0864
1749259136,0.09400000,4213.50000000,0.0864
1749259136,0.09470000,72.90000000,0.0864
1749259136,0.09500000,11808.00000000,0.0864
1749259136,0.09560000,1004.20000000,0.0864
1749259136,0.09600000,1671.10000000,0.0864
1749259136,0.09640000,58.10000000,0.0864
1749259136,0.09740000,154.00000000,0.0864
1749259136,0.09750000,984.70000000,0.0864
1749259136,0.09800000,66.50000000,0.0864
1749259136,0.09890000,1404.20000000,0.0864
1749259136,0.09900000,1114.50000000,0.0864
1749259136,0.09940000,56.30000000,0.0864
1749259136,0.09950000,964.90000000,0.0864
1749259136,0.09960000,69.20000000,0.0864
1749259136,0.09980000,2454.90000000,0.0864
1749259136,0.09990000,220.40000000,0.0864
1749259136,0.10000000,10544.30000000,0.0864
1749259136,0.10020000,1000.00000000,0.0864
1749259136,0.10070000,5182.50000000,0.0864
1749259136,0.10100000,9318.90000000,0.0864
1749259136,0.10130000,108.00000000,0.0864
1749259136,0.10140000,2919.10000000,0.0864
1749259136,0.10250000,146.30000000,0.0864
1749259136,0.10270000,54.50000000,0.0864
1749259136,0.10310000,43842.70000000,0.0864
