timestamp,price,volume,current_price
1749260672,642.98000000,25.38200000,642.97
1749260672,642.99000000,1.51100000,642.97
1749260672,643.00000000,4.77300000,642.97
1749260672,643.01000000,0.01700000,642.97
1749260672,643.02000000,2.81800000,642.97
1749260672,643.03000000,1.75600000,642.97
1749260672,643.04000000,3.05400000,642.97
1749260672,643.05000000,4.92800000,642.97
1749260672,643.06000000,2.41700000,642.97
1749260672,643.07000000,4.49500000,642.97
1749260672,643.08000000,6.59900000,642.97
1749260672,643.09000000,0.02600000,642.97
1749260672,643.10000000,9.22600000,642.97
1749260672,643.11000000,11.63900000,642.97
1749260672,643.12000000,12.67100000,642.97
1749260672,643.13000000,4.98400000,642.97
1749260672,643.14000000,33.17700000,642.97
1749260672,643.15000000,33.39100000,642.97
1749260672,643.16000000,48.47000000,642.97
1749260672,643.17000000,33.66600000,642.97
1749260672,643.18000000,0.00800000,642.97
1749260672,643.20000000,38.43500000,642.97
1749260672,643.21000000,17.71600000,642.97
1749260672,643.22000000,7.68800000,642.97
1749260672,643.23000000,0.14500000,642.97
1749260672,643.24000000,0.09400000,642.97
1749260672,643.25000000,0.56200000,642.97
1749260672,643.26000000,19.22200000,642.97
1749260672,643.27000000,29.83500000,642.97
1749260672,643.28000000,2.86500000,642.97
1749260672,643.29000000,3.34300000,642.97
1749260672,643.30000000,10.89100000,642.97
1749260672,643.31000000,0.15600000,642.97
1749260672,643.32000000,5.73600000,642.97
1749260672,643.33000000,3.87800000,642.97
1749260672,643.34000000,1.85700000,642.97
1749260672,643.35000000,12.26800000,642.97
1749260672,643.36000000,9.31000000,642.97
1749260672,643.37000000,8.07300000,642.97
1749260672,643.38000000,1.11100000,642.97
1749260672,643.39000000,16.06000000,642.97
1749260672,643.40000000,20.98100000,642.97
1749260672,643.41000000,4.16500000,642.97
1749260672,643.42000000,0.06200000,642.97
1749260672,643.43000000,0.00900000,642.97
1749260672,643.44000000,6.97200000,642.97
1749260672,643.45000000,3.11700000,642.97
1749260672,643.46000000,7.74800000,642.97
1749260672,643.47000000,0.33900000,642.97
1749260672,643.48000000,0.04600000,642.97
1749260672,643.49000000,0.55300000,642.97
1749260672,643.50000000,12.25500000,642.97
1749260672,643.51000000,26.95500000,642.97
1749260672,643.52000000,13.97400000,642.97
1749260672,643.53000000,0.68900000,642.97
1749260672,643.54000000,0.03800000,642.97
1749260672,643.55000000,0.72400000,642.97
1749260672,643.56000000,6.44600000,642.97
1749260672,643.57000000,10.70100000,642.97
1749260672,643.58000000,11.49300000,642.97
1749260672,643.59000000,3.88400000,642.97
1749260672,643.60000000,12.78300000,642.97
1749260672,643.61000000,1.02300000,642.97
1749260672,643.62000000,0.38500000,642.97
1749260672,643.63000000,3.52000000,642.97
1749260672,643.64000000,7.79500000,642.97
1749260672,643.65000000,4.87500000,642.97
1749260672,643.66000000,6.10200000,642.97
1749260672,643.67000000,10.89700000,642.97
1749260672,643.68000000,9.39500000,642.97
1749260672,643.69000000,0.06800000,642.97
1749260672,643.70000000,7.36000000,642.97
1749260672,643.71000000,19.37200000,642.97
1749260672,643.72000000,25.49700000,642.97
1749260672,643.73000000,0.55300000,642.97
1749260672,643.74000000,10.77100000,642.97
1749260672,643.75000000,15.92900000,642.97
1749260672,643.76000000,7.99700000,642.97
1749260672,643.77000000,9.44300000,642.97
1749260672,643.78000000,14.82400000,642.97
1749260672,643.79000000,7.41000000,642.97
1749260672,643.80000000,9.23600000,642.97
1749260672,643.82000000,2.84700000,642.97
1749260672,643.83000000,21.27600000,642.97
1749260672,643.84000000,23.54800000,642.97
1749260672,643.85000000,3.24500000,642.97
1749260672,643.86000000,7.51300000,642.97
1749260672,643.87000000,0.55300000,642.97
1749260672,643.88000000,0.07600000,642.97
1749260672,643.89000000,2.36600000,642.97
1749260672,643.90000000,7.58500000,642.97
1749260672,643.92000000,6.67700000,642.97
1749260672,643.93000000,15.82200000,642.97
1749260672,643.94000000,7.37700000,642.97
1749260672,643.95000000,0.08800000,642.97
1749260672,643.96000000,1.12900000,642.97
1749260672,643.97000000,3.52000000,642.97
1749260672,643.98000000,9.32500000,642.97
1749260672,643.99000000,3.10000000,642.97
1749260672,644.00000000,22.63200000,642.97
1749260974,643.16000000,49.56300000,643.13
1749260974,643.19000000,1.57100000,643.13
1749260974,643.20000000,0.01700000,643.13
1749260974,643.21000000,11.37300000,643.13
1749260974,643.22000000,1.00900000,643.13
1749260974,643.23000000,30.15700000,643.13
1749260974,643.24000000,13.98600000,643.13
1749260974,643.25000000,13.64100000,643.13
1749260974,643.26000000,0.00900000,643.13
1749260974,643.27000000,0.02400000,643.13
1749260974,643.28000000,0.00800000,643.13
1749260974,643.29000000,0.02900000,643.13
1749260974,643.30000000,3.29700000,643.13
1749260974,643.31000000,2.49400000,643.13
1749260974,643.32000000,13.36500000,643.13
1749260974,643.33000000,20.24100000,643.13
1749260974,643.34000000,0.02400000,643.13
1749260974,643.35000000,4.70000000,643.13
1749260974,643.36000000,12.36800000,643.13
1749260974,643.37000000,0.02400000,643.13
1749260974,643.38000000,21.67500000,643.13
1749260974,643.39000000,20.23300000,643.13
1749260974,643.40000000,12.00900000,643.13
1749260974,643.41000000,0.78100000,643.13
1749260974,643.42000000,20.22500000,643.13
1749260974,643.43000000,43.50200000,643.13
1749260974,643.44000000,18.82700000,643.13
1749260974,643.45000000,9.62700000,643.13
1749260974,643.46000000,0.01600000,643.13
1749260974,643.47000000,4.15700000,643.13
1749260974,643.48000000,2.95500000,643.13
1749260974,643.49000000,8.45500000,643.13
1749260974,643.50000000,6.42200000,643.13
1749260974,643.51000000,8.83400000,643.13
1749260974,643.52000000,10.31700000,643.13
1749260974,643.53000000,15.63800000,643.13
1749260974,643.54000000,1.90200000,643.13
1749260974,643.55000000,3.51000000,643.13
1749260974,643.56000000,0.09800000,643.13
1749260974,643.57000000,4.12400000,643.13
1749260974,643.58000000,12.63500000,643.13
1749260974,643.59000000,3.61500000,643.13
1749260974,643.60000000,10.74400000,643.13
1749260974,643.61000000,0.02000000,643.13
1749260974,643.62000000,8.20600000,643.13
1749260974,643.63000000,7.65600000,643.13
1749260974,643.64000000,8.08000000,643.13
1749260974,643.65000000,11.05500000,643.13
1749260974,643.66000000,1.30800000,643.13
1749260974,643.67000000,5.42800000,643.13
1749260974,643.68000000,10.36300000,643.13
1749260974,643.69000000,0.62000000,643.13
1749260974,643.70000000,0.34800000,643.13
1749260974,643.71000000,3.12100000,643.13
1749260974,643.72000000,0.04600000,643.13
1749260974,643.73000000,3.48900000,643.13
1749260974,643.74000000,11.63100000,643.13
1749260974,643.75000000,2.70600000,643.13
1749260974,643.76000000,9.23600000,643.13
1749260974,643.77000000,9.45500000,643.13
1749260974,643.78000000,7.42800000,643.13
1749260974,643.79000000,7.42200000,643.13
1749260974,643.80000000,9.46000000,643.13
1749260974,643.81000000,0.10000000,643.13
1749260974,643.82000000,2.63200000,643.13
1749260974,643.83000000,27.90300000,643.13
1749260974,643.84000000,5.94700000,643.13
1749260974,643.85000000,24.12800000,643.13
1749260974,643.86000000,13.64900000,643.13
1749260974,643.87000000,17.46100000,643.13
1749260974,643.88000000,0.07600000,643.13
1749260974,643.89000000,8.03000000,643.13
1749260974,643.90000000,16.90400000,643.13
1749260974,643.91000000,4.05500000,643.13
1749260974,643.92000000,9.43800000,643.13
1749260974,643.93000000,8.43800000,643.13
1749260974,643.94000000,8.23900000,643.13
1749260974,643.95000000,0.10000000,643.13
1749260974,643.96000000,1.12600000,643.13
1749260974,643.97000000,3.52000000,643.13
1749260974,643.98000000,9.32500000,643.13
1749260974,643.99000000,3.10000000,643.13
1749260974,644.00000000,22.63200000,643.13
1749260974,644.01000000,1.85400000,643.13
1749260974,644.02000000,13.83200000,643.13
1749260974,644.03000000,8.44100000,643.13
1749260974,644.04000000,36.97900000,643.13
1749260974,644.05000000,2.86700000,643.13
1749260974,644.06000000,7.69800000,643.13
1749260974,644.07000000,7.05900000,643.13
1749260974,644.08000000,7.61000000,643.13
1749260974,644.09000000,15.83400000,643.13
1749260974,644.10000000,3.58500000,643.13
1749260974,644.11000000,4.03800000,643.13
1749260974,644.12000000,0.24900000,643.13
1749260974,644.13000000,9.97800000,643.13
1749260974,644.14000000,7.95700000,643.13
1749260974,644.15000000,0.02400000,643.13
1749260974,644.16000000,5.64800000,643.13
1749260974,644.17000000,4.05900000,643.13
1749261276,643.11000000,69.15400000,643.1
1749261276,643.12000000,22.36900000,643.1
1749261276,643.13000000,9.37900000,643.1
1749261276,643.14000000,1.57000000,643.1
1749261276,643.15000000,7.83300000,643.1
1749261276,643.16000000,11.74900000,643.1
1749261276,643.17000000,20.03700000,643.1
1749261276,643.18000000,19.12100000,643.1
1749261276,643.19000000,1.00900000,643.1
1749261276,643.20000000,9.23000000,643.1
1749261276,643.21000000,19.78900000,643.1
1749261276,643.22000000,20.37500000,643.1
1749261276,643.23000000,23.37600000,643.1
1749261276,643.24000000,0.01600000,643.1
1749261276,643.25000000,6.74200000,643.1
1749261276,643.26000000,3.01100000,643.1
1749261276,643.27000000,5.66900000,643.1
1749261276,643.28000000,0.33200000,643.1
1749261276,643.29000000,10.06100000,643.1
1749261276,643.30000000,1.01600000,643.1
1749261276,643.31000000,16.37200000,643.1
1749261276,643.32000000,31.95900000,643.1
1749261276,643.33000000,16.95000000,643.1
1749261276,643.34000000,0.01600000,643.1
1749261276,643.35000000,30.02700000,643.1
1749261276,643.36000000,4.58500000,643.1
1749261276,643.37000000,0.04100000,643.1
1749261276,643.38000000,48.01900000,643.1
1749261276,643.39000000,2.14800000,643.1
1749261276,643.40000000,13.84900000,643.1
1749261276,643.41000000,16.23100000,643.1
1749261276,643.42000000,7.70000000,643.1
1749261276,643.43000000,8.90600000,643.1
1749261276,643.44000000,9.86100000,643.1
1749261276,643.45000000,4.65700000,643.1
1749261276,643.46000000,0.01600000,643.1
1749261276,643.47000000,5.01100000,643.1
1749261276,643.48000000,15.04000000,643.1
1749261276,643.50000000,2.71700000,643.1
1749261276,643.51000000,6.19400000,643.1
1749261276,643.52000000,4.04200000,643.1
1749261276,643.53000000,18.46900000,643.1
1749261276,643.54000000,3.61600000,643.1
1749261276,643.55000000,11.15400000,643.1
1749261276,643.56000000,5.23400000,643.1
1749261276,643.58000000,9.52600000,643.1
1749261276,643.59000000,13.24400000,643.1
1749261276,643.60000000,7.68200000,643.1
1749261276,643.61000000,16.03800000,643.1
1749261276,643.62000000,0.27400000,643.1
1749261276,643.63000000,6.12400000,643.1
1749261276,643.64000000,9.83500000,643.1
1749261276,643.65000000,10.47900000,643.1
1749261276,643.66000000,0.42800000,643.1
1749261276,643.67000000,3.54300000,643.1
1749261276,643.68000000,11.90700000,643.1
1749261276,643.69000000,0.06800000,643.1
1749261276,643.70000000,1.90000000,643.1
1749261276,643.71000000,6.62400000,643.1
1749261276,643.72000000,0.05500000,643.1
1749261276,643.73000000,0.76100000,643.1
1749261276,643.74000000,11.63100000,643.1
1749261276,643.75000000,2.39300000,643.1
1749261276,643.76000000,8.85600000,643.1
1749261276,643.77000000,18.27600000,643.1
1749261276,643.78000000,7.15800000,643.1
1749261276,643.79000000,29.14400000,643.1
1749261276,643.80000000,13.12700000,643.1
1749261276,643.81000000,0.10000000,643.1
1749261276,643.82000000,0.16700000,643.1
1749261276,643.83000000,12.60200000,643.1
1749261276,643.84000000,5.94700000,643.1
1749261276,643.85000000,3.24500000,643.1
1749261276,643.86000000,7.51300000,643.1
1749261276,643.88000000,0.07400000,643.1
1749261276,643.89000000,3.92100000,643.1
1749261276,643.90000000,7.57500000,643.1
1749261276,643.91000000,4.05500000,643.1
1749261276,643.92000000,8.11500000,643.1
1749261276,643.93000000,7.64400000,643.1
1749261276,643.94000000,16.71300000,643.1
1749261276,643.95000000,1.18300000,643.1
1749261276,643.96000000,0.06200000,643.1
1749261276,643.97000000,3.52000000,643.1
1749261276,643.98000000,9.32500000,643.1
1749261276,643.99000000,3.10000000,643.1
1749261276,644.00000000,22.63200000,643.1
1749261276,644.01000000,0.02800000,643.1
1749261276,644.02000000,12.86300000,643.1
1749261276,644.03000000,12.02400000,643.1
1749261276,644.04000000,36.12500000,643.1
1749261276,644.05000000,2.31500000,643.1
1749261276,644.06000000,7.69800000,643.1
1749261276,644.07000000,7.05900000,643.1
1749261276,644.08000000,7.61000000,643.1
1749261276,644.09000000,15.83400000,643.1
1749261276,644.10000000,1.33500000,643.1
1749261276,644.11000000,4.03800000,643.1
1749261276,644.12000000,0.24900000,643.1
1749261276,644.13000000,4.48900000,643.1
1749261577,643.28000000,22.76000000,643.27
1749261577,643.29000000,2.94900000,643.27
1749261577,643.30000000,2.42000000,643.27
1749261577,643.31000000,5.05400000,643.27
1749261577,643.32000000,2.96400000,643.27
1749261577,643.34000000,0.00800000,643.27
1749261577,643.35000000,1.37800000,643.27
1749261577,643.36000000,1.68300000,643.27
1749261577,643.37000000,2.72800000,643.27
1749261577,643.38000000,17.50400000,643.27
1749261577,643.39000000,3.51800000,643.27
1749261577,643.40000000,33.11700000,643.27
1749261577,643.41000000,8.99600000,643.27
1749261577,643.42000000,1.23900000,643.27
1749261577,643.43000000,4.02400000,643.27
1749261577,643.44000000,6.49700000,643.27
1749261577,643.45000000,0.00800000,643.27
1749261577,643.46000000,0.01600000,643.27
1749261577,643.47000000,48.77200000,643.27
1749261577,643.48000000,40.03600000,643.27
1749261577,643.50000000,49.81700000,643.27
1749261577,643.51000000,8.57200000,643.27
1749261577,643.52000000,20.66700000,643.27
1749261577,643.53000000,5.17100000,643.27
1749261577,643.54000000,8.42300000,643.27
1749261577,643.55000000,7.84600000,643.27
1749261577,643.56000000,5.07100000,643.27
1749261577,643.57000000,5.47800000,643.27
1749261577,643.58000000,17.59800000,643.27
1749261577,643.59000000,10.67300000,643.27
1749261577,643.60000000,7.68200000,643.27
1749261577,643.61000000,0.59000000,643.27
1749261577,643.62000000,0.27400000,643.27
1749261577,643.63000000,8.09500000,643.27
1749261577,643.64000000,15.72400000,643.27
1749261577,643.65000000,4.20700000,643.27
1749261577,643.66000000,6.73800000,643.27
1749261577,643.67000000,3.53400000,643.27
1749261577,643.68000000,12.02900000,643.27
1749261577,643.69000000,1.73700000,643.27
1749261577,643.70000000,0.12600000,643.27
1749261577,643.71000000,6.62400000,643.27
1749261577,643.72000000,0.05500000,643.27
1749261577,643.74000000,13.93500000,643.27
1749261577,643.75000000,5.07400000,643.27
1749261577,643.76000000,7.87700000,643.27
1749261577,643.77000000,7.31300000,643.27
1749261577,643.78000000,15.39800000,643.27
1749261577,643.79000000,7.42200000,643.27
1749261577,643.80000000,19.34800000,643.27
1749261577,643.81000000,1.39900000,643.27
1749261577,643.82000000,0.08200000,643.27
1749261577,643.83000000,37.45300000,643.27
1749261577,643.84000000,5.94700000,643.27
1749261577,643.85000000,3.24500000,643.27
1749261577,643.86000000,7.51300000,643.27
1749261577,643.87000000,1.20400000,643.27
1749261577,643.88000000,0.86600000,643.27
1749261577,643.89000000,4.23100000,643.27
1749261577,643.90000000,7.57500000,643.27
1749261577,643.91000000,6.73300000,643.27
1749261577,643.92000000,8.23800000,643.27
1749261577,643.93000000,7.64400000,643.27
1749261577,643.94000000,18.31600000,643.27
1749261577,643.95000000,0.10000000,643.27
1749261577,643.96000000,1.84600000,643.27
1749261577,643.97000000,4.30200000,643.27
1749261577,643.98000000,10.78600000,643.27
1749261577,643.99000000,3.08100000,643.27
1749261577,644.00000000,22.67000000,643.27
1749261577,644.01000000,0.02800000,643.27
1749261577,644.02000000,9.83100000,643.27
1749261577,644.03000000,7.58700000,643.27
1749261577,644.04000000,10.69300000,643.27
1749261577,644.05000000,3.51100000,643.27
1749261577,644.06000000,10.27400000,643.27
1749261577,644.07000000,2.55200000,643.27
1749261577,644.08000000,7.61000000,643.27
1749261577,644.10000000,1.32700000,643.27
1749261577,644.11000000,4.03800000,643.27
1749261577,644.12000000,1.32900000,643.27
1749261577,644.13000000,2.42600000,643.27
1749261577,644.14000000,7.95700000,643.27
1749261577,644.15000000,0.01600000,643.27
1749261577,644.16000000,4.21600000,643.27
1749261577,644.17000000,4.05900000,643.27
1749261577,644.18000000,3.64500000,643.27
1749261577,644.19000000,10.12700000,643.27
1749261577,644.20000000,15.23500000,643.27
1749261577,644.21000000,7.64400000,643.27
1749261577,644.22000000,0.47500000,643.27
1749261577,644.23000000,4.51700000,643.27
1749261577,644.24000000,7.40500000,643.27
1749261577,644.25000000,3.52000000,643.27
1749261577,644.26000000,3.64700000,643.27
1749261577,644.27000000,4.12800000,643.27
1749261577,644.28000000,11.40800000,643.27
1749261577,644.29000000,8.24800000,643.27
1749261577,644.30000000,4.53900000,643.27
1749261577,644.31000000,4.61300000,643.27
1749261888,643.13000000,36.08100000,643.12
1749261888,643.14000000,32.96600000,643.12
1749261888,643.15000000,20.05700000,643.12
1749261888,643.16000000,14.89100000,643.12
1749261888,643.17000000,14.37800000,643.12
1749261888,643.18000000,1.56900000,643.12
1749261888,643.20000000,15.89500000,643.12
1749261888,643.21000000,1.31400000,643.12
1749261888,643.22000000,4.32700000,643.12
1749261888,643.23000000,0.02900000,643.12
1749261888,643.24000000,9.21100000,643.12
1749261888,643.25000000,7.91200000,643.12
1749261888,643.26000000,25.11100000,643.12
1749261888,643.27000000,7.71300000,643.12
1749261888,643.28000000,0.48900000,643.12
1749261888,643.29000000,0.18300000,643.12
1749261888,643.30000000,0.27100000,643.12
1749261888,643.31000000,0.02400000,643.12
1749261888,643.32000000,0.02500000,643.12
1749261888,643.34000000,10.70500000,643.12
1749261888,643.35000000,29.82100000,643.12
1749261888,643.36000000,28.14500000,643.12
1749261888,643.37000000,20.04900000,643.12
1749261888,643.38000000,27.97500000,643.12
1749261888,643.39000000,28.03000000,643.12
1749261888,643.40000000,60.82400000,643.12
1749261888,643.41000000,0.79800000,643.12
1749261888,643.42000000,3.74100000,643.12
1749261888,643.43000000,2.19200000,643.12
1749261888,643.44000000,7.65300000,643.12
1749261888,643.45000000,3.80000000,643.12
1749261888,643.46000000,8.05800000,643.12
1749261888,643.47000000,3.54700000,643.12
1749261888,643.48000000,1.92100000,643.12
1749261888,643.49000000,3.75400000,643.12
1749261888,643.50000000,10.18000000,643.12
1749261888,643.51000000,2.64800000,643.12
1749261888,643.52000000,4.04300000,643.12
1749261888,643.53000000,5.91400000,643.12
1749261888,643.54000000,8.12500000,643.12
1749261888,643.55000000,3.51000000,643.12
1749261888,643.56000000,3.24000000,643.12
1749261888,643.57000000,11.63400000,643.12
1749261888,643.58000000,16.04600000,643.12
1749261888,643.59000000,14.49500000,643.12
1749261888,643.60000000,9.99500000,643.12
1749261888,643.61000000,3.25100000,643.12
1749261888,643.62000000,6.92800000,643.12
1749261888,643.63000000,8.27100000,643.12
1749261888,643.64000000,15.72400000,643.12
1749261888,643.65000000,6.14500000,643.12
1749261888,643.66000000,4.92500000,643.12
1749261888,643.67000000,5.26400000,643.12
1749261888,643.68000000,8.10300000,643.12
1749261888,643.69000000,7.61800000,643.12
1749261888,643.70000000,21.01200000,643.12
1749261888,643.71000000,8.69000000,643.12
1749261888,643.72000000,3.70800000,643.12
1749261888,643.73000000,2.27200000,643.12
1749261888,643.74000000,15.39700000,643.12
1749261888,643.75000000,0.04500000,643.12
1749261888,643.76000000,8.65400000,643.12
1749261888,643.77000000,7.31300000,643.12
1749261888,643.78000000,7.15800000,643.12
1749261888,643.79000000,7.42200000,643.12
1749261888,643.80000000,15.68000000,643.12
1749261888,643.81000000,10.09100000,643.12
1749261888,643.82000000,0.84300000,643.12
1749261888,643.83000000,15.56900000,643.12
1749261888,643.84000000,7.00400000,643.12
1749261888,643.85000000,4.69000000,643.12
1749261888,643.86000000,8.57000000,643.12
1749261888,643.88000000,0.09300000,643.12
1749261888,643.89000000,3.92100000,643.12
1749261888,643.90000000,7.57500000,643.12
1749261888,643.91000000,4.07600000,643.12
1749261888,643.92000000,5.56800000,643.12
1749261888,643.93000000,7.64400000,643.12
1749261888,643.94000000,7.38500000,643.12
1749261888,643.95000000,0.10000000,643.12
1749261888,643.96000000,1.17000000,643.12
1749261888,643.97000000,3.52000000,643.12
1749261888,643.98000000,14.48300000,643.12
1749261888,643.99000000,18.90700000,643.12
1749261888,644.00000000,22.67000000,643.12
1749261888,644.01000000,0.02800000,643.12
1749261888,644.02000000,12.57300000,643.12
1749261888,644.03000000,33.31700000,643.12
1749261888,644.04000000,15.45400000,643.12
1749261888,644.05000000,4.45600000,643.12
1749261888,644.06000000,7.69800000,643.12
1749261888,644.07000000,2.55200000,643.12
1749261888,644.08000000,7.61000000,643.12
1749261888,644.10000000,1.33500000,643.12
1749261888,644.11000000,4.03800000,643.12
1749261888,644.12000000,0.27000000,643.12
1749261888,644.13000000,4.56200000,643.12
1749261888,644.14000000,7.95700000,643.12
1749261888,644.15000000,8.12200000,643.12
1749261888,644.16000000,4.21600000,643.12
1749262189,643.25000000,31.21600000,643.25
1749262189,643.26000000,13.95500000,643.25
1749262189,643.27000000,12.12600000,643.25
1749262189,643.28000000,19.21500000,643.25
1749262189,643.29000000,13.12000000,643.25
1749262189,643.30000000,72.29100000,643.25
1749262189,643.31000000,209.96600000,643.25
1749262189,643.32000000,7.88500000,643.25
1749262189,643.33000000,11.46700000,643.25
1749262189,643.34000000,0.09300000,643.25
1749262189,643.35000000,6.13900000,643.25
1749262189,643.36000000,20.23100000,643.25
1749262189,643.37000000,0.13500000,643.25
1749262189,643.38000000,6.97800000,643.25
1749262189,643.39000000,15.74500000,643.25
1749262189,643.40000000,9.22600000,643.25
1749262189,643.41000000,0.81400000,643.25
1749262189,643.42000000,0.02400000,643.25
1749262189,643.43000000,1.89300000,643.25
1749262189,643.44000000,10.01000000,643.25
1749262189,643.45000000,0.02700000,643.25
1749262189,643.46000000,20.30700000,643.25
1749262189,643.47000000,38.32800000,643.25
1749262189,643.48000000,13.27300000,643.25
1749262189,643.49000000,21.76600000,643.25
1749262189,643.50000000,10.27400000,643.25
1749262189,643.51000000,15.90400000,643.25
1749262189,643.52000000,43.92500000,643.25
1749262189,643.53000000,5.89000000,643.25
1749262189,643.54000000,9.13200000,643.25
1749262189,643.55000000,11.75000000,643.25
1749262189,643.56000000,10.94100000,643.25
1749262189,643.57000000,4.06800000,643.25
1749262189,643.58000000,16.04600000,643.25
1749262189,643.59000000,13.89700000,643.25
1749262189,643.60000000,8.48500000,643.25
1749262189,643.61000000,1.54500000,643.25
1749262189,643.62000000,8.43800000,643.25
1749262189,643.63000000,0.03100000,643.25
1749262189,643.64000000,16.72300000,643.25
1749262189,643.65000000,8.20900000,643.25
1749262189,643.66000000,2.50600000,643.25
1749262189,643.67000000,3.53400000,643.25
1749262189,643.68000000,9.86900000,643.25
1749262189,643.69000000,2.11600000,643.25
1749262189,643.70000000,3.73200000,643.25
1749262189,643.71000000,0.04000000,643.25
1749262189,643.72000000,0.05500000,643.25
1749262189,643.73000000,3.72100000,643.25
1749262189,643.74000000,16.17800000,643.25
1749262189,643.75000000,2.10400000,643.25
1749262189,643.76000000,9.15200000,643.25
1749262189,643.77000000,7.31300000,643.25
1749262189,643.78000000,8.63500000,643.25
1749262189,643.79000000,7.42200000,643.25
1749262189,643.80000000,11.62800000,643.25
1749262189,643.81000000,1.17300000,643.25
1749262189,643.82000000,3.80700000,643.25
1749262189,643.83000000,13.47200000,643.25
1749262189,643.84000000,5.94700000,643.25
1749262189,643.85000000,3.24500000,643.25
1749262189,643.86000000,7.51300000,643.25
1749262189,643.88000000,0.62600000,643.25
1749262189,643.89000000,9.60900000,643.25
1749262189,643.90000000,7.56300000,643.25
1749262189,643.91000000,4.07600000,643.25
1749262189,643.92000000,26.45200000,643.25
1749262189,643.93000000,10.19000000,643.25
1749262189,643.94000000,7.38500000,643.25
1749262189,643.95000000,8.84300000,643.25
1749262189,643.96000000,0.10600000,643.25
1749262189,643.97000000,4.31900000,643.25
1749262189,643.98000000,34.81300000,643.25
1749262189,643.99000000,3.08100000,643.25
1749262189,644.00000000,22.68100000,643.25
1749262189,644.01000000,9.35300000,643.25
1749262189,644.02000000,5.70500000,643.25
1749262189,644.03000000,7.58700000,643.25
1749262189,644.04000000,11.25300000,643.25
1749262189,644.05000000,2.33200000,643.25
1749262189,644.06000000,7.69800000,643.25
1749262189,644.07000000,2.54800000,643.25
1749262189,644.08000000,7.61000000,643.25
1749262189,644.10000000,2.60400000,643.25
1749262189,644.11000000,8.27500000,643.25
1749262189,644.12000000,0.27000000,643.25
1749262189,644.13000000,2.42700000,643.25
1749262189,644.14000000,7.95700000,643.25
1749262189,644.15000000,0.01600000,643.25
1749262189,644.16000000,7.67500000,643.25
1749262189,644.17000000,4.05900000,643.25
1749262189,644.18000000,3.62700000,643.25
1749262189,644.19000000,27.50100000,643.25
1749262189,644.20000000,15.20000000,643.25
1749262189,644.21000000,15.81600000,643.25
1749262189,644.22000000,0.47500000,643.25
1749262189,644.23000000,3.44100000,643.25
1749262189,644.24000000,7.39300000,643.25
1749262189,644.25000000,10.38500000,643.25
1749262189,644.26000000,8.52600000,643.25
1749262496,643.75000000,19.47600000,643.6
1749262496,643.76000000,0.02700000,643.6
1749262496,643.77000000,0.01800000,643.6
1749262496,643.78000000,0.02600000,643.6
1749262496,643.79000000,1.64600000,643.6
1749262496,643.80000000,11.11000000,643.6
1749262496,643.81000000,5.38300000,643.6
1749262496,643.82000000,8.52600000,643.6
1749262496,643.83000000,11.39400000,643.6
1749262496,643.84000000,2.75600000,643.6
1749262496,643.85000000,9.37100000,643.6
1749262496,643.86000000,2.35500000,643.6
1749262496,643.87000000,0.81400000,643.6
1749262496,643.88000000,2.58000000,643.6
1749262496,643.89000000,4.44000000,643.6
1749262496,643.90000000,11.14100000,643.6
1749262496,643.91000000,4.09500000,643.6
1749262496,643.92000000,8.20400000,643.6
1749262496,643.93000000,20.21000000,643.6
1749262496,643.94000000,0.04600000,643.6
1749262496,643.95000000,12.99800000,643.6
1749262496,643.96000000,0.10600000,643.6
1749262496,643.97000000,46.17000000,643.6
1749262496,643.98000000,0.04700000,643.6
1749262496,643.99000000,9.15400000,643.6
1749262496,644.00000000,32.36900000,643.6
1749262496,644.01000000,8.83200000,643.6
1749262496,644.02000000,51.94100000,643.6
1749262496,644.03000000,23.49100000,643.6
1749262496,644.04000000,16.09600000,643.6
1749262496,644.05000000,1.57700000,643.6
1749262496,644.06000000,5.16400000,643.6
1749262496,644.07000000,4.10100000,643.6
1749262496,644.08000000,4.73200000,643.6
1749262496,644.10000000,9.83800000,643.6
1749262496,644.11000000,4.12200000,643.6
1749262496,644.12000000,0.07500000,643.6
1749262496,644.13000000,3.78300000,643.6
1749262496,644.14000000,9.53400000,643.6
1749262496,644.15000000,0.01600000,643.6
1749262496,644.16000000,8.53300000,643.6
1749262496,644.17000000,4.15300000,643.6
1749262496,644.18000000,4.61700000,643.6
1749262496,644.19000000,24.16900000,643.6
1749262496,644.20000000,15.20800000,643.6
1749262496,644.21000000,0.39600000,643.6
1749262496,644.22000000,6.66600000,643.6
1749262496,644.23000000,8.60000000,643.6
1749262496,644.24000000,8.49500000,643.6
1749262496,644.25000000,3.54100000,643.6
1749262496,644.26000000,5.93400000,643.6
1749262496,644.27000000,13.26600000,643.6
1749262496,644.28000000,7.49700000,643.6
1749262496,644.29000000,2.98700000,643.6
1749262496,644.30000000,8.10600000,643.6
1749262496,644.31000000,6.45600000,643.6
1749262496,644.32000000,4.34000000,643.6
1749262496,644.33000000,3.89300000,643.6
1749262496,644.34000000,14.64400000,643.6
1749262496,644.35000000,9.69900000,643.6
1749262496,644.36000000,1.80600000,643.6
1749262496,644.37000000,11.40200000,643.6
1749262496,644.38000000,0.03800000,643.6
1749262496,644.39000000,3.57000000,643.6
1749262496,644.40000000,15.97800000,643.6
1749262496,644.41000000,2.65300000,643.6
1749262496,644.42000000,1.43600000,643.6
1749262496,644.43000000,13.42600000,643.6
1749262496,644.44000000,22.81600000,643.6
1749262496,644.45000000,0.01600000,643.6
1749262496,644.46000000,17.13400000,643.6
1749262496,644.47000000,12.89400000,643.6
1749262496,644.48000000,1.19500000,643.6
1749262496,644.49000000,18.93600000,643.6
1749262496,644.50000000,5.06300000,643.6
1749262496,644.51000000,1.45300000,643.6
1749262496,644.52000000,7.52000000,643.6
1749262496,644.53000000,1.74200000,643.6
1749262496,644.54000000,1.43600000,643.6
1749262496,644.55000000,4.37200000,643.6
1749262496,644.56000000,1.97600000,643.6
1749262496,644.57000000,7.49800000,643.6
1749262496,644.58000000,0.03800000,643.6
1749262496,644.59000000,27.53200000,643.6
1749262496,644.60000000,7.85500000,643.6
1749262496,644.61000000,35.94000000,643.6
1749262496,644.62000000,9.26900000,643.6
1749262496,644.63000000,0.06000000,643.6
1749262496,644.64000000,6.61900000,643.6
1749262496,644.65000000,14.64400000,643.6
1749262496,644.66000000,6.13700000,643.6
1749262496,644.67000000,2.54900000,643.6
1749262496,644.68000000,4.08000000,643.6
1749262496,644.69000000,3.54600000,643.6
1749262496,644.70000000,2.98200000,643.6
1749262496,644.71000000,8.18100000,643.6
1749262496,644.72000000,0.05400000,643.6
1749262496,644.73000000,5.39500000,643.6
1749262496,644.74000000,7.70400000,643.6
1749262496,644.75000000,3.55700000,643.6
1749262797,644.10000000,61.11600000,644.1
1749262797,644.11000000,1.74300000,644.1
1749262797,644.12000000,0.08500000,644.1
1749262797,644.13000000,0.01800000,644.1
1749262797,644.14000000,0.02700000,644.1
1749262797,644.15000000,0.01700000,644.1
1749262797,644.16000000,0.43600000,644.1
1749262797,644.17000000,4.93700000,644.1
1749262797,644.18000000,6.12600000,644.1
1749262797,644.19000000,15.99900000,644.1
1749262797,644.20000000,7.44700000,644.1
1749262797,644.21000000,4.62300000,644.1
1749262797,644.22000000,4.27800000,644.1
1749262797,644.23000000,0.01600000,644.1
1749262797,644.24000000,4.02400000,644.1
1749262797,644.25000000,6.68900000,644.1
1749262797,644.26000000,9.14300000,644.1
1749262797,644.27000000,20.22300000,644.1
1749262797,644.28000000,18.15600000,644.1
1749262797,644.29000000,20.20700000,644.1
1749262797,644.30000000,8.56500000,644.1
1749262797,644.31000000,12.68400000,644.1
1749262797,644.32000000,8.45500000,644.1
1749262797,644.33000000,8.31400000,644.1
1749262797,644.34000000,40.27300000,644.1
1749262797,644.35000000,24.26800000,644.1
1749262797,644.36000000,8.62000000,644.1
1749262797,644.37000000,40.00900000,644.1
1749262797,644.38000000,5.32700000,644.1
1749262797,644.39000000,8.31000000,644.1
1749262797,644.40000000,15.91700000,644.1
1749262797,644.41000000,0.55100000,644.1
1749262797,644.42000000,1.24200000,644.1
1749262797,644.43000000,4.06000000,644.1
1749262797,644.44000000,5.08400000,644.1
1749262797,644.45000000,12.04600000,644.1
1749262797,644.46000000,6.13000000,644.1
1749262797,644.47000000,1.92300000,644.1
1749262797,644.48000000,6.21200000,644.1
1749262797,644.49000000,3.93600000,644.1
1749262797,644.50000000,11.91100000,644.1
1749262797,644.51000000,0.02500000,644.1
1749262797,644.52000000,5.32500000,644.1
1749262797,644.53000000,0.31800000,644.1
1749262797,644.54000000,1.54200000,644.1
1749262797,644.55000000,4.95900000,644.1
1749262797,644.56000000,6.30400000,644.1
1749262797,644.57000000,16.04500000,644.1
1749262797,644.58000000,5.13300000,644.1
1749262797,644.59000000,4.09700000,644.1
1749262797,644.60000000,0.05400000,644.1
1749262797,644.61000000,10.54400000,644.1
1749262797,644.62000000,8.91600000,644.1
1749262797,644.63000000,2.05600000,644.1
1749262797,644.64000000,3.68200000,644.1
1749262797,644.65000000,7.60300000,644.1
1749262797,644.66000000,3.56400000,644.1
1749262797,644.67000000,5.91300000,644.1
1749262797,644.68000000,4.08000000,644.1
1749262797,644.69000000,13.24700000,644.1
1749262797,644.70000000,2.98200000,644.1
1749262797,644.71000000,8.19000000,644.1
1749262797,644.72000000,0.15600000,644.1
1749262797,644.73000000,0.15000000,644.1
1749262797,644.74000000,6.05200000,644.1
1749262797,644.75000000,19.89800000,644.1
1749262797,644.76000000,3.98800000,644.1
1749262797,644.77000000,8.54800000,644.1
1749262797,644.78000000,0.61400000,644.1
1749262797,644.79000000,3.15200000,644.1
1749262797,644.80000000,6.86700000,644.1
1749262797,644.81000000,19.04900000,644.1
1749262797,644.82000000,3.10300000,644.1
1749262797,644.83000000,0.01600000,644.1
1749262797,644.84000000,8.12900000,644.1
1749262797,644.85000000,6.80100000,644.1
1749262797,644.86000000,3.56600000,644.1
1749262797,644.87000000,8.32400000,644.1
1749262797,644.88000000,8.98000000,644.1
1749262797,644.89000000,9.62100000,644.1
1749262797,644.90000000,25.41200000,644.1
1749262797,644.91000000,14.71600000,644.1
1749262797,644.92000000,0.05100000,644.1
1749262797,644.93000000,5.37500000,644.1
1749262797,644.94000000,15.90900000,644.1
1749262797,644.95000000,6.02000000,644.1
1749262797,644.96000000,0.05400000,644.1
1749262797,644.97000000,7.62600000,644.1
1749262797,644.98000000,1.03000000,644.1
1749262797,644.99000000,7.98300000,644.1
1749262797,645.00000000,46.32300000,644.1
1749262797,645.01000000,22.52400000,644.1
1749262797,645.02000000,9.47300000,644.1
1749262797,645.03000000,9.07700000,644.1
1749262797,645.04000000,3.18000000,644.1
1749262797,645.05000000,20.94500000,644.1
1749262797,645.06000000,11.36400000,644.1
1749262797,645.07000000,9.07400000,644.1
1749262797,645.08000000,0.05400000,644.1
1749262797,645.09000000,7.66600000,644.1
1749263099,644.30000000,23.95100000,644.29
1749263099,644.31000000,0.03600000,644.29
1749263099,644.32000000,0.02600000,644.29
1749263099,644.33000000,2.06300000,644.29
1749263099,644.34000000,0.04300000,644.29
1749263099,644.35000000,0.13100000,644.29
1749263099,644.36000000,0.00900000,644.29
1749263099,644.37000000,0.05000000,644.29
1749263099,644.38000000,4.80000000,644.29
1749263099,644.39000000,7.64400000,644.29
1749263099,644.40000000,3.49400000,644.29
1749263099,644.41000000,3.13500000,644.29
1749263099,644.42000000,3.51800000,644.29
1749263099,644.43000000,4.08900000,644.29
1749263099,644.44000000,18.01200000,644.29
1749263099,644.45000000,18.05300000,644.29
1749263099,644.46000000,44.76700000,644.29
1749263099,644.47000000,4.13900000,644.29
1749263099,644.48000000,0.07000000,644.29
1749263099,644.49000000,23.27200000,644.29
1749263099,644.50000000,37.85200000,644.29
1749263099,644.51000000,1.57500000,644.29
1749263099,644.52000000,16.82500000,644.29
1749263099,644.53000000,0.00800000,644.29
1749263099,644.54000000,12.45200000,644.29
1749263099,644.55000000,11.38700000,644.29
1749263099,644.56000000,0.09800000,644.29
1749263099,644.57000000,11.96000000,644.29
1749263099,644.58000000,46.08000000,644.29
1749263099,644.59000000,11.18200000,644.29
1749263099,644.60000000,0.05400000,644.29
1749263099,644.61000000,3.03400000,644.29
1749263099,644.62000000,7.64700000,644.29
1749263099,644.63000000,8.24000000,644.29
1749263099,644.64000000,5.53000000,644.29
1749263099,644.65000000,8.05300000,644.29
1749263099,644.66000000,3.58800000,644.29
1749263099,644.67000000,2.74200000,644.29
1749263099,644.68000000,4.39000000,644.29
1749263099,644.69000000,3.12500000,644.29
1749263099,644.70000000,2.76100000,644.29
1749263099,644.71000000,8.19000000,644.29
1749263099,644.72000000,0.15600000,644.29
1749263099,644.73000000,3.75700000,644.29
1749263099,644.74000000,8.99800000,644.29
1749263099,644.75000000,3.55700000,644.29
1749263099,644.76000000,3.34800000,644.29
1749263099,644.77000000,7.57000000,644.29
1749263099,644.78000000,0.06200000,644.29
1749263099,644.79000000,10.35800000,644.29
1749263099,644.80000000,0.18800000,644.29
1749263099,644.81000000,19.04900000,644.29
1749263099,644.82000000,5.35300000,644.29
1749263099,644.83000000,3.29900000,644.29
1749263099,644.84000000,9.44600000,644.29
1749263099,644.85000000,9.21800000,644.29
1749263099,644.86000000,5.11500000,644.29
1749263099,644.87000000,8.85000000,644.29
1749263099,644.88000000,12.54500000,644.29
1749263099,644.89000000,2.46600000,644.29
1749263099,644.90000000,0.06400000,644.29
1749263099,644.91000000,16.48000000,644.29
1749263099,644.92000000,2.62300000,644.29
1749263099,644.93000000,5.23600000,644.29
1749263099,644.94000000,17.05800000,644.29
1749263099,644.95000000,3.09300000,644.29
1749263099,644.96000000,1.60600000,644.29
1749263099,644.97000000,7.63400000,644.29
1749263099,644.98000000,2.07800000,644.29
1749263099,644.99000000,8.44100000,644.29
1749263099,645.00000000,35.37800000,644.29
1749263099,645.01000000,26.37700000,644.29
1749263099,645.02000000,7.97300000,644.29
1749263099,645.03000000,5.91300000,644.29
1749263099,645.04000000,0.95700000,644.29
1749263099,645.05000000,1.59900000,644.29
1749263099,645.06000000,20.30200000,644.29
1749263099,645.07000000,8.33800000,644.29
1749263099,645.08000000,0.05400000,644.29
1749263099,645.09000000,6.29300000,644.29
1749263099,645.10000000,0.85000000,644.29
1749263099,645.11000000,7.72700000,644.29
1749263099,645.12000000,5.85100000,644.29
1749263099,645.13000000,0.03200000,644.29
1749263099,645.14000000,11.22300000,644.29
1749263099,645.15000000,8.01800000,644.29
1749263099,645.16000000,0.07500000,644.29
1749263099,645.17000000,4.98700000,644.29
1749263099,645.18000000,16.07100000,644.29
1749263099,645.19000000,7.68000000,644.29
1749263099,645.20000000,14.36800000,644.29
1749263099,645.21000000,27.11700000,644.29
1749263099,645.22000000,28.49200000,644.29
1749263099,645.23000000,7.84900000,644.29
1749263099,645.24000000,26.82800000,644.29
1749263099,645.25000000,3.10500000,644.29
1749263099,645.26000000,15.50600000,644.29
1749263099,645.27000000,5.97900000,644.29
1749263099,645.28000000,11.70900000,644.29
1749263099,645.30000000,8.98000000,644.29
1749263400,644.65000000,56.42100000,644.65
1749263400,644.66000000,20.72100000,644.65
1749263400,644.67000000,14.33800000,644.65
1749263400,644.68000000,21.14800000,644.65
1749263400,644.69000000,15.96800000,644.65
1749263400,644.70000000,9.03100000,644.65
1749263400,644.71000000,10.35000000,644.65
1749263400,644.72000000,4.67200000,644.65
1749263400,644.73000000,25.35700000,644.65
1749263400,644.74000000,8.59600000,644.65
1749263400,644.75000000,0.03900000,644.65
1749263400,644.76000000,13.01400000,644.65
1749263400,644.77000000,0.00800000,644.65
1749263400,644.78000000,20.24700000,644.65
1749263400,644.79000000,7.17700000,644.65
1749263400,644.80000000,1.19600000,644.65
1749263400,644.81000000,15.85400000,644.65
1749263400,644.82000000,0.05600000,644.65
1749263400,644.83000000,5.88400000,644.65
1749263400,644.84000000,6.25000000,644.65
1749263400,644.85000000,20.93900000,644.65
1749263400,644.86000000,3.56600000,644.65
1749263400,644.87000000,0.33900000,644.65
1749263400,644.88000000,30.42400000,644.65
1749263400,644.89000000,6.45400000,644.65
1749263400,644.90000000,21.43000000,644.65
1749263400,644.91000000,11.44000000,644.65
1749263400,644.92000000,21.65600000,644.65
1749263400,644.93000000,3.76200000,644.65
1749263400,644.94000000,4.21800000,644.65
1749263400,644.95000000,8.67400000,644.65
1749263400,644.96000000,28.76300000,644.65
1749263400,644.97000000,11.87800000,644.65
1749263400,644.98000000,8.30800000,644.65
1749263400,644.99000000,7.68100000,644.65
1749263400,645.00000000,32.36700000,644.65
1749263400,645.01000000,18.61600000,644.65
1749263400,645.02000000,0.32500000,644.65
1749263400,645.03000000,6.86300000,644.65
1749263400,645.04000000,16.58900000,644.65
1749263400,645.05000000,0.03200000,644.65
1749263400,645.06000000,11.01400000,644.65
1749263400,645.07000000,7.57700000,644.65
1749263400,645.08000000,0.80400000,644.65
1749263400,645.09000000,6.29300000,644.65
1749263400,645.10000000,0.09200000,644.65
1749263400,645.11000000,7.72700000,644.65
1749263400,645.12000000,6.16100000,644.65
1749263400,645.13000000,0.32600000,644.65
1749263400,645.14000000,11.22300000,644.65
1749263400,645.15000000,9.94200000,644.65
1749263400,645.16000000,2.14000000,644.65
1749263400,645.17000000,2.66000000,644.65
1749263400,645.18000000,1.55600000,644.65
1749263400,645.19000000,10.93300000,644.65
1749263400,645.20000000,13.35800000,644.65
1749263400,645.21000000,19.35000000,644.65
1749263400,645.22000000,3.10400000,644.65
1749263400,645.23000000,7.83900000,644.65
1749263400,645.24000000,7.24300000,644.65
1749263400,645.25000000,6.17500000,644.65
1749263400,645.26000000,15.50600000,644.65
1749263400,645.27000000,6.88000000,644.65
1749263400,645.28000000,3.60400000,644.65
1749263400,645.29000000,3.39200000,644.65
1749263400,645.30000000,9.98400000,644.65
1749263400,645.31000000,0.04600000,644.65
1749263400,645.32000000,3.61300000,644.65
1749263400,645.33000000,13.37500000,644.65
1749263400,645.34000000,0.94400000,644.65
1749263400,645.35000000,3.51000000,644.65
1749263400,645.36000000,5.72500000,644.65
1749263400,645.37000000,8.80700000,644.65
1749263400,645.38000000,0.03800000,644.65
1749263400,645.39000000,17.08200000,644.65
1749263400,645.40000000,7.97400000,644.65
1749263400,645.41000000,8.59300000,644.65
1749263400,645.42000000,10.57800000,644.65
1749263400,645.43000000,10.49500000,644.65
1749263400,645.44000000,1.67300000,644.65
1749263400,645.45000000,30.47900000,644.65
1749263400,645.46000000,16.46500000,644.65
1749263400,645.47000000,8.08800000,644.65
1749263400,645.48000000,26.86800000,644.65
1749263400,645.49000000,3.92100000,644.65
1749263400,645.50000000,9.98200000,644.65
1749263400,645.51000000,3.36800000,644.65
1749263400,645.52000000,0.03800000,644.65
1749263400,645.53000000,0.56700000,644.65
1749263400,645.54000000,14.69200000,644.65
1749263400,645.55000000,0.14000000,644.65
1749263400,645.56000000,3.58700000,644.65
1749263400,645.57000000,7.95800000,644.65
1749263400,645.58000000,0.66600000,644.65
1749263400,645.59000000,13.00400000,644.65
1749263400,645.60000000,35.98000000,644.65
1749263400,645.61000000,16.66900000,644.65
1749263400,645.62000000,7.72400000,644.65
1749263400,645.63000000,7.67300000,644.65
1749263400,645.64000000,8.06600000,644.65
1749263702,644.31000000,60.16100000,644.3
1749263702,644.32000000,6.62900000,644.3
1749263702,644.33000000,3.38900000,644.3
1749263702,644.34000000,24.88200000,644.3
1749263702,644.35000000,19.22200000,644.3
1749263702,644.36000000,22.43200000,644.3
1749263702,644.37000000,36.68800000,644.3
1749263702,644.38000000,13.78000000,644.3
1749263702,644.39000000,12.97000000,644.3
1749263702,644.40000000,40.13100000,644.3
1749263702,644.41000000,4.97200000,644.3
1749263702,644.42000000,5.57400000,644.3
1749263702,644.43000000,20.14200000,644.3
1749263702,644.44000000,19.08400000,644.3
1749263702,644.45000000,0.02400000,644.3
1749263702,644.46000000,14.94900000,644.3
1749263702,644.47000000,0.07700000,644.3
1749263702,644.48000000,0.13000000,644.3
1749263702,644.49000000,35.60700000,644.3
1749263702,644.50000000,3.95800000,644.3
1749263702,644.52000000,17.74600000,644.3
1749263702,644.53000000,23.22000000,644.3
1749263702,644.55000000,37.04700000,644.3
1749263702,644.56000000,4.12800000,644.3
1749263702,644.57000000,0.29800000,644.3
1749263702,644.58000000,27.62200000,644.3
1749263702,644.59000000,11.35500000,644.3
1749263702,644.60000000,2.56700000,644.3
1749263702,644.61000000,11.64000000,644.3
1749263702,644.62000000,7.66000000,644.3
1749263702,644.64000000,7.04000000,644.3
1749263702,644.65000000,7.84100000,644.3
1749263702,644.66000000,0.00800000,644.3
1749263702,644.67000000,6.30700000,644.3
1749263702,644.68000000,8.35900000,644.3
1749263702,644.69000000,8.10100000,644.3
1749263702,644.70000000,0.01600000,644.3
1749263702,644.72000000,3.51800000,644.3
1749263702,644.73000000,4.80500000,644.3
1749263702,644.74000000,8.47400000,644.3
1749263702,644.75000000,8.11500000,644.3
1749263702,644.76000000,1.42900000,644.3
1749263702,644.78000000,12.83400000,644.3
1749263702,644.79000000,36.84000000,644.3
1749263702,644.80000000,14.54300000,644.3
1749263702,644.81000000,11.72600000,644.3
1749263702,644.82000000,10.13100000,644.3
1749263702,644.83000000,0.01600000,644.3
1749263702,644.84000000,0.05400000,644.3
1749263702,644.85000000,5.77600000,644.3
1749263702,644.86000000,13.31400000,644.3
1749263702,644.87000000,7.67300000,644.3
1749263702,644.88000000,0.37400000,644.3
1749263702,644.89000000,3.74600000,644.3
1749263702,644.90000000,7.96500000,644.3
1749263702,644.91000000,0.91300000,644.3
1749263702,644.92000000,3.84700000,644.3
1749263702,644.93000000,6.85500000,644.3
1749263702,644.94000000,8.07100000,644.3
1749263702,644.96000000,7.93500000,644.3
1749263702,644.97000000,0.79200000,644.3
1749263702,644.98000000,10.60000000,644.3
1749263702,644.99000000,9.24800000,644.3
1749263702,645.00000000,33.67000000,644.3
1749263702,645.01000000,18.61600000,644.3
1749263702,645.02000000,0.34000000,644.3
1749263702,645.03000000,2.98200000,644.3
1749263702,645.04000000,0.03800000,644.3
1749263702,645.05000000,0.03200000,644.3
1749263702,645.06000000,12.66700000,644.3
1749263702,645.07000000,7.56900000,644.3
1749263702,645.08000000,2.70800000,644.3
1749263702,645.09000000,7.59600000,644.3
1749263702,645.10000000,1.38600000,644.3
1749263702,645.11000000,9.03000000,644.3
1749263702,645.12000000,10.21600000,644.3
1749263702,645.13000000,1.59100000,644.3
1749263702,645.14000000,21.51200000,644.3
1749263702,645.15000000,8.03000000,644.3
1749263702,645.16000000,0.07500000,644.3
1749263702,645.17000000,0.03000000,644.3
1749263702,645.18000000,8.64500000,644.3
1749263702,645.19000000,3.36300000,644.3
1749263702,645.20000000,12.56300000,644.3
1749263702,645.21000000,14.58600000,644.3
1749263702,645.22000000,4.08500000,644.3
1749263702,645.23000000,7.86400000,644.3
1749263702,645.24000000,9.06000000,644.3
1749263702,645.25000000,4.68600000,644.3
1749263702,645.26000000,41.04100000,644.3
1749263702,645.27000000,4.02900000,644.3
1749263702,645.28000000,3.60400000,644.3
1749263702,645.30000000,8.98000000,644.3
1749263702,645.31000000,22.97700000,644.3
1749263702,645.32000000,68.31200000,644.3
1749263702,645.33000000,18.18700000,644.3
1749263702,645.34000000,1.08300000,644.3
1749263702,645.35000000,3.51000000,644.3
1749263702,645.36000000,27.27600000,644.3
1749263702,645.37000000,28.79000000,644.3
1749264003,644.60000000,51.31900000,644.54
1749264003,644.61000000,2.72200000,644.54
1749264003,644.62000000,2.03800000,644.54
1749264003,644.63000000,0.08600000,644.54
1749264003,644.64000000,8.29200000,644.54
1749264003,644.65000000,0.01600000,644.54
1749264003,644.66000000,0.80400000,644.54
1749264003,644.67000000,0.27600000,644.54
1749264003,644.68000000,1.60400000,644.54
1749264003,644.69000000,0.01600000,644.54
1749264003,644.70000000,4.38500000,644.54
1749264003,644.71000000,4.71300000,644.54
1749264003,644.72000000,3.98800000,644.54
1749264003,644.73000000,7.28200000,644.54
1749264003,644.74000000,2.00800000,644.54
1749264003,644.75000000,0.03100000,644.54
1749264003,644.76000000,36.98600000,644.54
1749264003,644.77000000,24.93300000,644.54
1749264003,644.78000000,2.74600000,644.54
1749264003,644.79000000,11.30300000,644.54
1749264003,644.80000000,13.10000000,644.54
1749264003,644.81000000,18.71700000,644.54
1749264003,644.82000000,21.24000000,644.54
1749264003,644.83000000,27.77800000,644.54
1749264003,644.84000000,11.62500000,644.54
1749264003,644.85000000,6.63100000,644.54
1749264003,644.86000000,11.96300000,644.54
1749264003,644.87000000,9.99400000,644.54
1749264003,644.88000000,0.37400000,644.54
1749264003,644.89000000,7.38600000,644.54
1749264003,644.90000000,23.96500000,644.54
1749264003,644.91000000,0.14700000,644.54
1749264003,644.92000000,5.84600000,644.54
1749264003,644.93000000,15.09500000,644.54
1749264003,644.94000000,6.63200000,644.54
1749264003,644.96000000,7.93500000,644.54
1749264003,644.97000000,0.14100000,644.54
1749264003,644.98000000,11.27000000,644.54
1749264003,644.99000000,7.69000000,644.54
1749264003,645.00000000,33.36600000,644.54
1749264003,645.01000000,18.59500000,644.54
1749264003,645.02000000,1.74800000,644.54
1749264003,645.03000000,5.75900000,644.54
1749264003,645.04000000,0.03800000,644.54
1749264003,645.05000000,0.03200000,644.54
1749264003,645.06000000,11.04800000,644.54
1749264003,645.07000000,9.67300000,644.54
1749264003,645.08000000,1.60300000,644.54
1749264003,645.09000000,6.29300000,644.54
1749264003,645.10000000,1.34700000,644.54
1749264003,645.11000000,7.72700000,644.54
1749264003,645.12000000,6.94600000,644.54
1749264003,645.13000000,1.55200000,644.54
1749264003,645.14000000,12.41700000,644.54
1749264003,645.15000000,10.43700000,644.54
1749264003,645.16000000,0.06500000,644.54
1749264003,645.17000000,6.66800000,644.54
1749264003,645.18000000,9.79600000,644.54
1749264003,645.19000000,1.35000000,644.54
1749264003,645.20000000,14.46400000,644.54
1749264003,645.21000000,16.84700000,644.54
1749264003,645.22000000,3.10400000,644.54
1749264003,645.23000000,7.85400000,644.54
1749264003,645.24000000,6.45700000,644.54
1749264003,645.25000000,4.68600000,644.54
1749264003,645.26000000,17.67700000,644.54
1749264003,645.27000000,4.30100000,644.54
1749264003,645.28000000,3.60400000,644.54
1749264003,645.29000000,4.15300000,644.54
1749264003,645.30000000,8.97000000,644.54
1749264003,645.31000000,7.61800000,644.54
1749264003,645.32000000,10.20600000,644.54
1749264003,645.33000000,18.19900000,644.54
1749264003,645.34000000,0.07500000,644.54
1749264003,645.35000000,3.51000000,644.54
1749264003,645.36000000,22.53100000,644.54
1749264003,645.37000000,7.93800000,644.54
1749264003,645.38000000,0.03800000,644.54
1749264003,645.39000000,16.69400000,644.54
1749264003,645.40000000,9.71200000,644.54
1749264003,645.41000000,7.64700000,644.54
1749264003,645.42000000,6.08700000,644.54
1749264003,645.43000000,7.86300000,644.54
1749264003,645.44000000,0.04800000,644.54
1749264003,645.45000000,4.79900000,644.54
1749264003,645.46000000,7.15600000,644.54
1749264003,645.47000000,8.08800000,644.54
1749264003,645.48000000,10.82800000,644.54
1749264003,645.49000000,3.92100000,644.54
1749264003,645.50000000,29.40400000,644.54
1749264003,645.51000000,4.08800000,644.54
1749264003,645.52000000,0.58900000,644.54
1749264003,645.53000000,3.35800000,644.54
1749264003,645.54000000,11.14000000,644.54
1749264003,645.55000000,5.60700000,644.54
1749264003,645.56000000,3.58700000,644.54
1749264003,645.57000000,16.08000000,644.54
1749264003,645.58000000,4.19600000,644.54
1749264003,645.59000000,4.14100000,644.54
1749264003,645.60000000,21.95600000,644.54
1749264306,644.58000000,185.01800000,644.58
1749264306,644.59000000,0.02700000,644.58
1749264306,644.60000000,1.14800000,644.58
1749264306,644.61000000,0.07700000,644.58
1749264306,644.62000000,0.45200000,644.58
1749264306,644.63000000,0.00900000,644.58
1749264306,644.64000000,0.14800000,644.58
1749264306,644.65000000,0.02400000,644.58
1749264306,644.66000000,1.55800000,644.58
1749264306,644.67000000,4.27700000,644.58
1749264306,644.68000000,3.52600000,644.58
1749264306,644.69000000,4.66500000,644.58
1749264306,644.70000000,19.29800000,644.58
1749264306,644.71000000,44.39400000,644.58
1749264306,644.72000000,8.55600000,644.58
1749264306,644.73000000,0.03700000,644.58
1749264306,644.74000000,0.12200000,644.58
1749264306,644.75000000,15.78800000,644.58
1749264306,644.76000000,7.51800000,644.58
1749264306,644.77000000,4.27200000,644.58
1749264306,644.78000000,0.01600000,644.58
1749264306,644.79000000,6.01200000,644.58
1749264306,644.80000000,22.66300000,644.58
1749264306,644.81000000,11.72400000,644.58
1749264306,644.82000000,0.05600000,644.58
1749264306,644.83000000,4.26600000,644.58
1749264306,644.84000000,5.04400000,644.58
1749264306,644.85000000,41.62800000,644.58
1749264306,644.86000000,20.81500000,644.58
1749264306,644.87000000,7.67300000,644.58
1749264306,644.88000000,17.92300000,644.58
1749264306,644.89000000,2.48300000,644.58
1749264306,644.90000000,7.62200000,644.58
1749264306,644.91000000,0.14700000,644.58
1749264306,644.92000000,4.72100000,644.58
1749264306,644.93000000,11.31600000,644.58
1749264306,644.94000000,4.20300000,644.58
1749264306,644.95000000,2.80800000,644.58
1749264306,644.96000000,3.16700000,644.58
1749264306,644.97000000,7.70100000,644.58
1749264306,644.98000000,10.60000000,644.58
1749264306,644.99000000,11.22700000,644.58
1749264306,645.00000000,39.79500000,644.58
1749264306,645.01000000,15.44400000,644.58
1749264306,645.02000000,2.33200000,644.58
1749264306,645.03000000,0.01200000,644.58
1749264306,645.04000000,0.03800000,644.58
1749264306,645.05000000,2.42600000,644.58
1749264306,645.06000000,11.14200000,644.58
1749264306,645.07000000,7.57700000,644.58
1749264306,645.08000000,0.05400000,644.58
1749264306,645.09000000,9.60100000,644.58
1749264306,645.10000000,0.08300000,644.58
1749264306,645.11000000,7.72700000,644.58
1749264306,645.12000000,0.80900000,644.58
1749264306,645.13000000,6.65400000,644.58
1749264306,645.14000000,11.22300000,644.58
1749264306,645.15000000,16.27800000,644.58
1749264306,645.16000000,0.06500000,644.58
1749264306,645.17000000,0.03000000,644.58
1749264306,645.18000000,10.19800000,644.58
1749264306,645.19000000,0.01300000,644.58
1749264306,645.20000000,14.39200000,644.58
1749264306,645.21000000,22.68700000,644.58
1749264306,645.22000000,26.26200000,644.58
1749264306,645.23000000,17.16300000,644.58
1749264306,645.24000000,7.86300000,644.58
1749264306,645.25000000,4.40800000,644.58
1749264306,645.26000000,16.80900000,644.58
1749264306,645.27000000,5.75100000,644.58
1749264306,645.28000000,6.73600000,644.58
1749264306,645.30000000,14.36600000,644.58
1749264306,645.31000000,4.28200000,644.58
1749264306,645.32000000,0.84700000,644.58
1749264306,645.33000000,14.64500000,644.58
1749264306,645.34000000,1.14500000,644.58
1749264306,645.35000000,3.51000000,644.58
1749264306,645.36000000,5.73100000,644.58
1749264306,645.37000000,7.93800000,644.58
1749264306,645.38000000,0.03800000,644.58
1749264306,645.39000000,17.09900000,644.58
1749264306,645.40000000,9.28400000,644.58
1749264306,645.41000000,7.64700000,644.58
1749264306,645.42000000,6.08700000,644.58
1749264306,645.43000000,7.86300000,644.58
1749264306,645.44000000,0.04800000,644.58
1749264306,645.45000000,4.81100000,644.58
1749264306,645.46000000,7.15600000,644.58
1749264306,645.47000000,8.08800000,644.58
1749264306,645.48000000,4.61700000,644.58
1749264306,645.49000000,6.55600000,644.58
1749264306,645.50000000,8.58100000,644.58
1749264306,645.51000000,0.01000000,644.58
1749264306,645.52000000,3.10900000,644.58
1749264306,645.53000000,7.57700000,644.58
1749264306,645.54000000,3.18200000,644.58
1749264306,645.55000000,1.31200000,644.58
1749264306,645.56000000,3.58700000,644.58
1749264306,645.57000000,5.33100000,644.58
1749264306,645.58000000,8.20000000,644.58
1749264607,644.90000000,21.56200000,644.9
1749264607,644.91000000,0.14200000,644.9
1749264607,644.92000000,1.74700000,644.9
1749264607,644.93000000,0.01800000,644.9
1749264607,644.94000000,0.04400000,644.9
1749264607,644.95000000,0.00900000,644.9
1749264607,644.96000000,2.61300000,644.9
1749264607,644.97000000,2.23700000,644.9
1749264607,644.98000000,6.06900000,644.9
1749264607,644.99000000,0.03200000,644.9
1749264607,645.00000000,1.24100000,644.9
1749264607,645.01000000,1.25200000,644.9
1749264607,645.02000000,3.99700000,644.9
1749264607,645.03000000,0.15100000,644.9
1749264607,645.04000000,13.56800000,644.9
1749264607,645.05000000,24.88200000,644.9
1749264607,645.06000000,28.97400000,644.9
1749264607,645.07000000,24.24100000,644.9
1749264607,645.08000000,9.72300000,644.9
1749264607,645.09000000,0.45500000,644.9
1749264607,645.10000000,5.58700000,644.9
1749264607,645.11000000,7.94500000,644.9
1749264607,645.12000000,8.35300000,644.9
1749264607,645.13000000,7.96800000,644.9
1749264607,645.14000000,3.57900000,644.9
1749264607,645.15000000,5.29300000,644.9
1749264607,645.16000000,9.03700000,644.9
1749264607,645.17000000,24.55000000,644.9
1749264607,645.18000000,7.14800000,644.9
1749264607,645.19000000,0.10700000,644.9
1749264607,645.20000000,4.25500000,644.9
1749264607,645.21000000,19.13500000,644.9
1749264607,645.22000000,0.04700000,644.9
1749264607,645.23000000,0.08900000,644.9
1749264607,645.24000000,0.08600000,644.9
1749264607,645.25000000,5.92400000,644.9
1749264607,645.26000000,10.91900000,644.9
1749264607,645.27000000,14.76200000,644.9
1749264607,645.28000000,5.15200000,644.9
1749264607,645.29000000,7.65200000,644.9
1749264607,645.30000000,13.10900000,644.9
1749264607,645.31000000,0.04600000,644.9
1749264607,645.32000000,0.35600000,644.9
1749264607,645.33000000,12.59600000,644.9
1749264607,645.34000000,1.15300000,644.9
1749264607,645.35000000,3.51000000,644.9
1749264607,645.36000000,8.22400000,644.9
1749264607,645.37000000,26.03300000,644.9
1749264607,645.38000000,0.03800000,644.9
1749264607,645.39000000,9.41100000,644.9
1749264607,645.40000000,7.99900000,644.9
1749264607,645.41000000,10.93200000,644.9
1749264607,645.42000000,6.21200000,644.9
1749264607,645.43000000,10.10100000,644.9
1749264607,645.44000000,0.03800000,644.9
1749264607,645.45000000,4.81900000,644.9
1749264607,645.46000000,7.15600000,644.9
1749264607,645.47000000,8.85700000,644.9
1749264607,645.48000000,9.65600000,644.9
1749264607,645.49000000,11.25500000,644.9
1749264607,645.50000000,9.90300000,644.9
1749264607,645.51000000,1.89600000,644.9
1749264607,645.52000000,3.70800000,644.9
1749264607,645.53000000,9.16600000,644.9
1749264607,645.54000000,5.54000000,644.9
1749264607,645.55000000,2.54300000,644.9
1749264607,645.56000000,3.59500000,644.9
1749264607,645.57000000,5.67900000,644.9
1749264607,645.58000000,8.19000000,644.9
1749264607,645.59000000,5.47400000,644.9
1749264607,645.60000000,18.84300000,644.9
1749264607,645.61000000,7.73000000,644.9
1749264607,645.62000000,9.06500000,644.9
1749264607,645.63000000,28.69800000,644.9
1749264607,645.64000000,10.71300000,644.9
1749264607,645.65000000,1.66600000,644.9
1749264607,645.66000000,13.49300000,644.9
1749264607,645.67000000,2.12900000,644.9
1749264607,645.68000000,0.06500000,644.9
1749264607,645.69000000,30.33000000,644.9
1749264607,645.70000000,12.82600000,644.9
1749264607,645.71000000,1.43200000,644.9
1749264607,645.72000000,4.11400000,644.9
1749264607,645.73000000,3.27200000,644.9
1749264607,645.74000000,8.39300000,644.9
1749264607,645.75000000,6.99800000,644.9
1749264607,645.76000000,9.35700000,644.9
1749264607,645.77000000,11.07700000,644.9
1749264607,645.78000000,2.41100000,644.9
1749264607,645.79000000,0.02600000,644.9
1749264607,645.80000000,0.10900000,644.9
1749264607,645.81000000,12.04300000,644.9
1749264607,645.82000000,7.59600000,644.9
1749264607,645.83000000,0.42500000,644.9
1749264607,645.84000000,15.87400000,644.9
1749264607,645.85000000,7.65200000,644.9
1749264607,645.86000000,7.94600000,644.9
1749264607,645.87000000,9.01100000,644.9
1749264607,645.88000000,2.41600000,644.9
1749264607,645.89000000,7.64800000,644.9
1749264909,645.54000000,21.81100000,645.52
1749264909,645.55000000,0.15500000,645.52
1749264909,645.56000000,1.63400000,645.52
1749264909,645.57000000,1.84300000,645.52
1749264909,645.58000000,0.65800000,645.52
1749264909,645.59000000,8.66900000,645.52
1749264909,645.60000000,29.74700000,645.52
1749264909,645.61000000,3.61200000,645.52
1749264909,645.62000000,0.10600000,645.52
1749264909,645.63000000,6.04300000,645.52
1749264909,645.64000000,6.12400000,645.52
1749264909,645.65000000,0.10100000,645.52
1749264909,645.66000000,0.12400000,645.52
1749264909,645.67000000,0.07500000,645.52
1749264909,645.68000000,0.07300000,645.52
1749264909,645.69000000,2.68200000,645.52
1749264909,645.70000000,6.18800000,645.52
1749264909,645.71000000,0.35400000,645.52
1749264909,645.72000000,4.10600000,645.52
1749264909,645.73000000,4.41200000,645.52
1749264909,645.74000000,11.52000000,645.52
1749264909,645.75000000,36.20300000,645.52
1749264909,645.76000000,42.49000000,645.52
1749264909,645.77000000,3.53700000,645.52
1749264909,645.78000000,17.78500000,645.52
1749264909,645.79000000,3.56300000,645.52
1749264909,645.80000000,7.04900000,645.52
1749264909,645.81000000,31.60100000,645.52
1749264909,645.82000000,12.25900000,645.52
1749264909,645.83000000,0.22300000,645.52
1749264909,645.84000000,11.03700000,645.52
1749264909,645.85000000,9.19100000,645.52
1749264909,645.86000000,12.24500000,645.52
1749264909,645.87000000,16.04000000,645.52
1749264909,645.88000000,3.01800000,645.52
1749264909,645.89000000,7.65600000,645.52
1749264909,645.90000000,3.59000000,645.52
1749264909,645.91000000,3.53300000,645.52
1749264909,645.92000000,0.18300000,645.52
1749264909,645.93000000,7.97800000,645.52
1749264909,645.94000000,0.12400000,645.52
1749264909,645.95000000,18.17400000,645.52
1749264909,645.96000000,13.03800000,645.52
1749264909,645.97000000,4.55800000,645.52
1749264909,645.98000000,4.24200000,645.52
1749264909,645.99000000,15.86700000,645.52
1749264909,646.00000000,5.20300000,645.52
1749264909,646.01000000,7.73800000,645.52
1749264909,646.02000000,4.78600000,645.52
1749264909,646.03000000,8.29300000,645.52
1749264909,646.04000000,0.84600000,645.52
1749264909,646.05000000,6.57900000,645.52
1749264909,646.06000000,5.78400000,645.52
1749264909,646.07000000,9.06400000,645.52
1749264909,646.08000000,9.19700000,645.52
1749264909,646.09000000,2.20000000,645.52
1749264909,646.10000000,7.94900000,645.52
1749264909,646.11000000,5.62900000,645.52
1749264909,646.12000000,11.35300000,645.52
1749264909,646.13000000,5.21600000,645.52
1749264909,646.14000000,5.94700000,645.52
1749264909,646.15000000,12.52800000,645.52
1749264909,646.16000000,2.06100000,645.52
1749264909,646.17000000,2.84400000,645.52
1749264909,646.18000000,3.79500000,645.52
1749264909,646.19000000,4.85900000,645.52
1749264909,646.20000000,9.60100000,645.52
1749264909,646.21000000,15.47700000,645.52
1749264909,646.22000000,0.03800000,645.52
1749264909,646.23000000,4.06800000,645.52
1749264909,646.24000000,1.83700000,645.52
1749264909,646.25000000,3.66200000,645.52
1749264909,646.26000000,13.58500000,645.52
1749264909,646.27000000,6.15000000,645.52
1749264909,646.28000000,0.08300000,645.52
1749264909,646.29000000,13.53800000,645.52
1749264909,646.30000000,15.32200000,645.52
1749264909,646.31000000,20.04100000,645.52
1749264909,646.32000000,3.48000000,645.52
1749264909,646.33000000,11.19900000,645.52
1749264909,646.34000000,0.09300000,645.52
1749264909,646.35000000,8.78100000,645.52
1749264909,646.36000000,24.93300000,645.52
1749264909,646.37000000,0.02700000,645.52
1749264909,646.38000000,11.30800000,645.52
1749264909,646.39000000,8.17200000,645.52
1749264909,646.40000000,7.96000000,645.52
1749264909,646.41000000,15.58200000,645.52
1749264909,646.42000000,7.71200000,645.52
1749264909,646.43000000,7.71200000,645.52
1749264909,646.44000000,0.09000000,645.52
1749264909,646.45000000,20.46100000,645.52
1749264909,646.46000000,64.48300000,645.52
1749264909,646.47000000,15.45500000,645.52
1749264909,646.48000000,7.93100000,645.52
1749264909,646.49000000,4.05300000,645.52
1749264909,646.50000000,0.45000000,645.52
1749264909,646.51000000,5.89800000,645.52
1749264909,646.52000000,16.12800000,645.52
1749264909,646.53000000,4.38800000,645.52
1749265216,645.21000000,60.86300000,645.21
1749265216,645.22000000,0.02700000,645.21
1749265216,645.23000000,0.01800000,645.21
1749265216,645.24000000,0.52100000,645.21
1749265216,645.25000000,17.01200000,645.21
1749265216,645.26000000,15.82200000,645.21
1749265216,645.27000000,28.02300000,645.21
1749265216,645.28000000,6.82200000,645.21
1749265216,645.29000000,12.76600000,645.21
1749265216,645.30000000,18.60300000,645.21
1749265216,645.31000000,2.53700000,645.21
1749265216,645.32000000,2.44400000,645.21
1749265216,645.33000000,9.11500000,645.21
1749265216,645.34000000,5.71300000,645.21
1749265216,645.35000000,8.90300000,645.21
1749265216,645.36000000,22.01700000,645.21
1749265216,645.37000000,20.16000000,645.21
1749265216,645.38000000,15.26900000,645.21
1749265216,645.39000000,3.85200000,645.21
1749265216,645.40000000,5.09000000,645.21
1749265216,645.41000000,7.63600000,645.21
1749265216,645.42000000,11.15500000,645.21
1749265216,645.43000000,38.06600000,645.21
1749265216,645.44000000,2.00000000,645.21
1749265216,645.45000000,0.02100000,645.21
1749265216,645.46000000,4.04300000,645.21
1749265216,645.47000000,5.98900000,645.21
1749265216,645.48000000,26.50900000,645.21
1749265216,645.49000000,8.03900000,645.21
1749265216,645.50000000,2.06200000,645.21
1749265216,645.51000000,10.35600000,645.21
1749265216,645.52000000,25.21100000,645.21
1749265216,645.53000000,4.46700000,645.21
1749265216,645.54000000,0.57500000,645.21
1749265216,645.55000000,0.01200000,645.21
1749265216,645.56000000,7.65200000,645.21
1749265216,645.57000000,0.02800000,645.21
1749265216,645.58000000,8.20100000,645.21
1749265216,645.59000000,12.02900000,645.21
1749265216,645.60000000,10.14300000,645.21
1749265216,645.61000000,8.02300000,645.21
1749265216,645.62000000,0.10600000,645.21
1749265216,645.63000000,8.53000000,645.21
1749265216,645.64000000,0.09000000,645.21
1749265216,645.65000000,0.10100000,645.21
1749265216,645.66000000,3.51100000,645.21
1749265216,645.67000000,3.16800000,645.21
1749265216,645.68000000,8.09400000,645.21
1749265216,645.69000000,9.48900000,645.21
1749265216,645.70000000,3.55600000,645.21
1749265216,645.71000000,7.99000000,645.21
1749265216,645.72000000,15.81600000,645.21
1749265216,645.73000000,2.06000000,645.21
1749265216,645.74000000,2.63700000,645.21
1749265216,645.75000000,11.66600000,645.21
1749265216,645.76000000,7.68200000,645.21
1749265216,645.77000000,5.08400000,645.21
1749265216,645.78000000,2.10800000,645.21
1749265216,645.79000000,3.27400000,645.21
1749265216,645.80000000,3.17400000,645.21
1749265216,645.81000000,15.02200000,645.21
1749265216,645.82000000,7.61000000,645.21
1749265216,645.83000000,7.76700000,645.21
1749265216,645.84000000,15.73200000,645.21
1749265216,645.85000000,0.00800000,645.21
1749265216,645.86000000,8.72600000,645.21
1749265216,645.87000000,1.33400000,645.21
1749265216,645.88000000,2.41800000,645.21
1749265216,645.89000000,7.65600000,645.21
1749265216,645.90000000,4.53800000,645.21
1749265216,645.91000000,3.53300000,645.21
1749265216,645.92000000,0.18300000,645.21
1749265216,645.93000000,7.97800000,645.21
1749265216,645.94000000,5.15600000,645.21
1749265216,645.95000000,7.66500000,645.21
1749265216,645.96000000,12.55600000,645.21
1749265216,645.97000000,4.06300000,645.21
1749265216,645.98000000,5.82600000,645.21
1749265216,645.99000000,16.19400000,645.21
1749265216,646.00000000,6.14400000,645.21
1749265216,646.01000000,7.69900000,645.21
1749265216,646.02000000,6.10100000,645.21
1749265216,646.03000000,9.37800000,645.21
1749265216,646.04000000,0.83800000,645.21
1749265216,646.05000000,6.88800000,645.21
1749265216,646.06000000,7.55100000,645.21
1749265216,646.07000000,7.72700000,645.21
1749265216,646.08000000,26.55600000,645.21
1749265216,646.09000000,1.45200000,645.21
1749265216,646.10000000,21.54300000,645.21
1749265216,646.11000000,7.20100000,645.21
1749265216,646.12000000,12.93200000,645.21
1749265216,646.13000000,3.12800000,645.21
1749265216,646.14000000,8.75700000,645.21
1749265216,646.15000000,29.12800000,645.21
1749265216,646.16000000,0.62700000,645.21
1749265216,646.17000000,2.20900000,645.21
1749265216,646.18000000,0.05000000,645.21
1749265216,646.19000000,3.52200000,645.21
1749265216,646.20000000,7.82400000,645.21
1749265517,645.61000000,76.52800000,645.6
1749265517,645.62000000,2.68000000,645.6
1749265517,645.63000000,0.09500000,645.6
1749265517,645.64000000,15.73900000,645.6
1749265517,645.65000000,18.16100000,645.6
1749265517,645.66000000,13.19200000,645.6
1749265517,645.67000000,0.80500000,645.6
1749265517,645.68000000,6.36200000,645.6
1749265517,645.69000000,12.48400000,645.6
1749265517,645.70000000,15.36500000,645.6
1749265517,645.71000000,5.12700000,645.6
1749265517,645.72000000,1.60700000,645.6
1749265517,645.73000000,5.29600000,645.6
1749265517,645.74000000,0.01600000,645.6
1749265517,645.75000000,5.55200000,645.6
1749265517,645.76000000,2.43600000,645.6
1749265517,645.77000000,10.33600000,645.6
1749265517,645.78000000,2.58300000,645.6
1749265517,645.79000000,30.56700000,645.6
1749265517,645.80000000,36.70700000,645.6
1749265517,645.81000000,7.52800000,645.6
1749265517,645.82000000,14.67700000,645.6
1749265517,645.83000000,17.93100000,645.6
1749265517,645.84000000,14.88900000,645.6
1749265517,645.85000000,2.22700000,645.6
1749265517,645.87000000,6.96200000,645.6
1749265517,645.88000000,28.17400000,645.6
1749265517,645.90000000,0.91600000,645.6
1749265517,645.91000000,1.17200000,645.6
1749265517,645.92000000,3.51000000,645.6
1749265517,645.93000000,2.58500000,645.6
1749265517,645.94000000,11.12800000,645.6
1749265517,645.95000000,0.02100000,645.6
1749265517,645.96000000,1.44400000,645.6
1749265517,645.97000000,4.05700000,645.6
1749265517,645.98000000,0.08200000,645.6
1749265517,645.99000000,6.77900000,645.6
1749265517,646.00000000,21.80700000,645.6
1749265517,646.01000000,0.06300000,645.6
1749265517,646.02000000,8.65300000,645.6
1749265517,646.03000000,5.79400000,645.6
1749265517,646.04000000,10.79500000,645.6
1749265517,646.05000000,3.53000000,645.6
1749265517,646.06000000,4.78000000,645.6
1749265517,646.07000000,10.77400000,645.6
1749265517,646.08000000,8.09100000,645.6
1749265517,646.09000000,1.30100000,645.6
1749265517,646.10000000,4.19200000,645.6
1749265517,646.11000000,4.41800000,645.6
1749265517,646.12000000,14.44600000,645.6
1749265517,646.13000000,0.04300000,645.6
1749265517,646.14000000,2.91900000,645.6
1749265517,646.15000000,8.31600000,645.6
1749265517,646.16000000,1.17600000,645.6
1749265517,646.17000000,0.05800000,645.6
1749265517,646.18000000,6.88400000,645.6
1749265517,646.19000000,12.72000000,645.6
1749265517,646.20000000,17.40700000,645.6
1749265517,646.21000000,23.54000000,645.6
1749265517,646.22000000,0.03800000,645.6
1749265517,646.23000000,8.69600000,645.6
1749265517,646.24000000,2.14100000,645.6
1749265517,646.25000000,0.14700000,645.6
1749265517,646.26000000,13.60000000,645.6
1749265517,646.27000000,6.15000000,645.6
1749265517,646.28000000,1.28100000,645.6
1749265517,646.29000000,5.83800000,645.6
1749265517,646.30000000,7.67800000,645.6
1749265517,646.31000000,7.68300000,645.6
1749265517,646.32000000,3.47700000,645.6
1749265517,646.33000000,11.19900000,645.6
1749265517,646.34000000,1.54800000,645.6
1749265517,646.35000000,3.07700000,645.6
1749265517,646.36000000,7.87100000,645.6
1749265517,646.37000000,0.02700000,645.6
1749265517,646.38000000,10.01200000,645.6
1749265517,646.39000000,8.17200000,645.6
1749265517,646.40000000,7.96000000,645.6
1749265517,646.41000000,21.97600000,645.6
1749265517,646.42000000,7.71200000,645.6
1749265517,646.43000000,7.71200000,645.6
1749265517,646.44000000,22.91100000,645.6
1749265517,646.45000000,0.02800000,645.6
1749265517,646.46000000,11.70000000,645.6
1749265517,646.47000000,7.25900000,645.6
1749265517,646.48000000,7.93100000,645.6
1749265517,646.49000000,4.05300000,645.6
1749265517,646.50000000,0.45000000,645.6
1749265517,646.51000000,0.04000000,645.6
1749265517,646.52000000,1.40000000,645.6
1749265517,646.53000000,5.16200000,645.6
1749265517,646.54000000,15.55700000,645.6
1749265517,646.55000000,0.26500000,645.6
1749265517,646.56000000,3.37300000,645.6
1749265517,646.57000000,7.85300000,645.6
1749265517,646.58000000,4.71000000,645.6
1749265517,646.59000000,0.79400000,645.6
1749265517,646.60000000,8.97000000,645.6
1749265517,646.61000000,20.76300000,645.6
1749265517,646.62000000,5.67600000,645.6
1749265819,645.61000000,69.54700000,645.61
1749265819,645.62000000,11.55700000,645.61
1749265819,645.63000000,1.65000000,645.61
1749265819,645.64000000,21.05200000,645.61
1749265819,645.65000000,14.17000000,645.61
1749265819,645.66000000,8.76400000,645.61
1749265819,645.67000000,9.85700000,645.61
1749265819,645.68000000,2.50900000,645.61
1749265819,645.69000000,15.22400000,645.61
1749265819,645.70000000,0.01600000,645.61
1749265819,645.71000000,1.18200000,645.61
1749265819,645.72000000,1.56400000,645.61
1749265819,645.73000000,14.31700000,645.61
1749265819,645.74000000,28.75700000,645.61
1749265819,645.75000000,12.16000000,645.61
1749265819,645.76000000,20.15800000,645.61
1749265819,645.77000000,0.23900000,645.61
1749265819,645.78000000,0.01700000,645.61
1749265819,645.79000000,5.22900000,645.61
1749265819,645.80000000,10.66000000,645.61
1749265819,645.81000000,0.15100000,645.61
1749265819,645.82000000,8.81000000,645.61
1749265819,645.83000000,24.28600000,645.61
1749265819,645.84000000,14.47900000,645.61
1749265819,645.85000000,3.10400000,645.61
1749265819,645.86000000,7.25100000,645.61
1749265819,645.87000000,13.06800000,645.61
1749265819,645.88000000,20.00200000,645.61
1749265819,645.89000000,7.93300000,645.61
1749265819,645.90000000,12.86700000,645.61
1749265819,645.92000000,11.36200000,645.61
1749265819,645.93000000,0.08900000,645.61
1749265819,645.94000000,4.98000000,645.61
1749265819,645.95000000,8.17600000,645.61
1749265819,645.96000000,9.26200000,645.61
1749265819,645.97000000,4.05700000,645.61
1749265819,645.98000000,0.08200000,645.61
1749265819,645.99000000,11.66400000,645.61
1749265819,646.00000000,38.45800000,645.61
1749265819,646.01000000,0.70700000,645.61
1749265819,646.02000000,6.39500000,645.61
1749265819,646.03000000,0.08300000,645.61
1749265819,646.04000000,8.05700000,645.61
1749265819,646.05000000,4.23000000,645.61
1749265819,646.06000000,7.06300000,645.61
1749265819,646.07000000,12.30700000,645.61
1749265819,646.08000000,9.37300000,645.61
1749265819,646.09000000,2.08800000,645.61
1749265819,646.10000000,4.19200000,645.61
1749265819,646.11000000,6.54700000,645.61
1749265819,646.12000000,14.44600000,645.61
1749265819,646.13000000,0.37800000,645.61
1749265819,646.14000000,5.11500000,645.61
1749265819,646.15000000,8.56000000,645.61
1749265819,646.16000000,1.67200000,645.61
1749265819,646.17000000,3.97700000,645.61
1749265819,646.18000000,8.96000000,645.61
1749265819,646.19000000,11.62700000,645.61
1749265819,646.20000000,25.29000000,645.61
1749265819,646.21000000,7.54000000,645.61
1749265819,646.22000000,0.58800000,645.61
1749265819,646.23000000,4.06800000,645.61
1749265819,646.24000000,4.53800000,645.61
1749265819,646.25000000,0.14700000,645.61
1749265819,646.26000000,14.15100000,645.61
1749265819,646.27000000,6.15000000,645.61
1749265819,646.28000000,0.20500000,645.61
1749265819,646.29000000,5.31700000,645.61
1749265819,646.30000000,9.30400000,645.61
1749265819,646.31000000,8.66400000,645.61
1749265819,646.32000000,3.47700000,645.61
1749265819,646.33000000,11.19900000,645.61
1749265819,646.34000000,2.39400000,645.61
1749265819,646.35000000,11.54300000,645.61
1749265819,646.36000000,34.21900000,645.61
1749265819,646.37000000,0.02700000,645.61
1749265819,646.38000000,9.95100000,645.61
1749265819,646.39000000,8.62500000,645.61
1749265819,646.40000000,7.96000000,645.61
1749265819,646.41000000,15.59400000,645.61
1749265819,646.42000000,9.91900000,645.61
1749265819,646.43000000,8.02100000,645.61
1749265819,646.44000000,0.85500000,645.61
1749265819,646.45000000,0.02800000,645.61
1749265819,646.46000000,1.22300000,645.61
1749265819,646.47000000,7.40600000,645.61
1749265819,646.48000000,8.05300000,645.61
1749265819,646.49000000,4.05300000,645.61
1749265819,646.50000000,0.45000000,645.61
1749265819,646.51000000,1.66600000,645.61
1749265819,646.52000000,0.14600000,645.61
1749265819,646.53000000,4.42300000,645.61
1749265819,646.54000000,14.30300000,645.61
1749265819,646.55000000,0.26500000,645.61
1749265819,646.56000000,3.37300000,645.61
1749265819,646.57000000,7.85300000,645.61
1749265819,646.58000000,3.14700000,645.61
1749265819,646.59000000,0.05500000,645.61
1749265819,646.60000000,8.97000000,645.61
1749265819,646.61000000,19.15300000,645.61
1749266120,646.22000000,1.68400000,646.22
1749266120,646.23000000,0.22200000,646.22
1749266120,646.24000000,0.01800000,646.22
1749266120,646.25000000,0.01800000,646.22
1749266120,646.26000000,0.02700000,646.22
1749266120,646.27000000,0.01700000,646.22
1749266120,646.28000000,1.79900000,646.22
1749266120,646.29000000,13.15400000,646.22
1749266120,646.30000000,24.21700000,646.22
1749266120,646.31000000,0.01600000,646.22
1749266120,646.32000000,1.32900000,646.22
1749266120,646.33000000,2.76000000,646.22
1749266120,646.34000000,1.56100000,646.22
1749266120,646.35000000,0.04500000,646.22
1749266120,646.36000000,1.63000000,646.22
1749266120,646.37000000,0.00800000,646.22
1749266120,646.38000000,14.36900000,646.22
1749266120,646.39000000,0.12200000,646.22
1749266120,646.40000000,21.13600000,646.22
1749266120,646.41000000,23.84000000,646.22
1749266120,646.42000000,41.25400000,646.22
1749266120,646.43000000,4.72000000,646.22
1749266120,646.44000000,10.23700000,646.22
1749266120,646.45000000,0.33700000,646.22
1749266120,646.46000000,0.11200000,646.22
1749266120,646.47000000,13.11100000,646.22
1749266120,646.48000000,12.10600000,646.22
1749266120,646.49000000,34.80000000,646.22
1749266120,646.50000000,7.37100000,646.22
1749266120,646.51000000,13.30400000,646.22
1749266120,646.52000000,7.88400000,646.22
1749266120,646.53000000,3.40000000,646.22
1749266120,646.54000000,3.60500000,646.22
1749266120,646.55000000,9.56100000,646.22
1749266120,646.56000000,0.06100000,646.22
1749266120,646.57000000,0.31700000,646.22
1749266120,646.58000000,4.69400000,646.22
1749266120,646.59000000,15.46600000,646.22
1749266120,646.60000000,8.03000000,646.22
1749266120,646.61000000,11.26800000,646.22
1749266120,646.62000000,14.88800000,646.22
1749266120,646.63000000,7.39300000,646.22
1749266120,646.64000000,3.46500000,646.22
1749266120,646.65000000,26.78100000,646.22
1749266120,646.66000000,13.34300000,646.22
1749266120,646.67000000,0.03600000,646.22
1749266120,646.68000000,9.70500000,646.22
1749266120,646.69000000,9.22000000,646.22
1749266120,646.70000000,0.10400000,646.22
1749266120,646.71000000,13.69000000,646.22
1749266120,646.72000000,0.11900000,646.22
1749266120,646.73000000,0.03900000,646.22
1749266120,646.74000000,14.41900000,646.22
1749266120,646.75000000,7.58300000,646.22
1749266120,646.76000000,7.73000000,646.22
1749266120,646.77000000,24.51800000,646.22
1749266120,646.78000000,18.11100000,646.22
1749266120,646.79000000,1.55000000,646.22
1749266120,646.80000000,17.35400000,646.22
1749266120,646.81000000,7.81600000,646.22
1749266120,646.82000000,5.09400000,646.22
1749266120,646.83000000,10.83300000,646.22
1749266120,646.84000000,0.08400000,646.22
1749266120,646.85000000,0.03200000,646.22
1749266120,646.86000000,0.80200000,646.22
1749266120,646.87000000,8.29600000,646.22
1749266120,646.88000000,15.68000000,646.22
1749266120,646.89000000,12.62000000,646.22
1749266120,646.90000000,3.27500000,646.22
1749266120,646.91000000,8.99100000,646.22
1749266120,646.92000000,0.06200000,646.22
1749266120,646.93000000,3.19600000,646.22
1749266120,646.94000000,8.37100000,646.22
1749266120,646.95000000,1.27500000,646.22
1749266120,646.96000000,3.56400000,646.22
1749266120,646.97000000,1.85500000,646.22
1749266120,646.98000000,13.37600000,646.22
1749266120,646.99000000,22.38100000,646.22
1749266120,647.00000000,5.57800000,646.22
1749266120,647.01000000,22.00600000,646.22
1749266120,647.02000000,7.54500000,646.22
1749266120,647.03000000,4.06100000,646.22
1749266120,647.04000000,20.16700000,646.22
1749266120,647.05000000,11.88300000,646.22
1749266120,647.06000000,2.09100000,646.22
1749266120,647.07000000,3.42100000,646.22
1749266120,647.08000000,7.67300000,646.22
1749266120,647.09000000,0.03900000,646.22
1749266120,647.10000000,7.82900000,646.22
1749266120,647.11000000,12.31600000,646.22
1749266120,647.12000000,1.63700000,646.22
1749266120,647.13000000,6.24600000,646.22
1749266120,647.14000000,11.90700000,646.22
1749266120,647.15000000,3.62500000,646.22
1749266120,647.16000000,8.09000000,646.22
1749266120,647.17000000,3.59600000,646.22
1749266120,647.18000000,7.88600000,646.22
1749266120,647.19000000,3.25100000,646.22
1749266120,647.20000000,2.50400000,646.22
1749266120,647.21000000,7.84100000,646.22
1749266422,646.23000000,49.81000000,646.23
1749266422,646.24000000,4.79800000,646.23
1749266422,646.25000000,3.61100000,646.23
1749266422,646.26000000,2.20700000,646.23
1749266422,646.27000000,3.06800000,646.23
1749266422,646.28000000,4.79100000,646.23
1749266422,646.29000000,6.84100000,646.23
1749266422,646.30000000,1.34800000,646.23
1749266422,646.31000000,3.52600000,646.23
1749266422,646.32000000,16.43500000,646.23
1749266422,646.33000000,3.44700000,646.23
1749266422,646.34000000,4.65200000,646.23
1749266422,646.35000000,9.01800000,646.23
1749266422,646.36000000,12.87500000,646.23
1749266422,646.37000000,2.00800000,646.23
1749266422,646.38000000,15.53900000,646.23
1749266422,646.39000000,18.82600000,646.23
1749266422,646.40000000,3.56600000,646.23
1749266422,646.41000000,47.36900000,646.23
1749266422,646.42000000,40.98600000,646.23
1749266422,646.43000000,20.04400000,646.23
1749266422,646.44000000,10.62000000,646.23
1749266422,646.45000000,1.68300000,646.23
1749266422,646.46000000,32.11700000,646.23
1749266422,646.47000000,0.33000000,646.23
1749266422,646.48000000,1.55200000,646.23
1749266422,646.49000000,4.12300000,646.23
1749266422,646.50000000,5.54700000,646.23
1749266422,646.51000000,0.14200000,646.23
1749266422,646.52000000,7.85300000,646.23
1749266422,646.53000000,6.67800000,646.23
1749266422,646.54000000,0.55800000,646.23
1749266422,646.55000000,8.33700000,646.23
1749266422,646.56000000,7.19400000,646.23
1749266422,646.57000000,16.02400000,646.23
1749266422,646.59000000,7.87300000,646.23
1749266422,646.60000000,14.80400000,646.23
1749266422,646.61000000,28.41900000,646.23
1749266422,646.62000000,18.53600000,646.23
1749266422,646.63000000,12.60500000,646.23
1749266422,646.64000000,3.51000000,646.23
1749266422,646.65000000,0.03600000,646.23
1749266422,646.66000000,6.00800000,646.23
1749266422,646.67000000,1.07800000,646.23
1749266422,646.68000000,18.65100000,646.23
1749266422,646.70000000,3.08700000,646.23
1749266422,646.71000000,6.18300000,646.23
1749266422,646.72000000,0.11000000,646.23
1749266422,646.73000000,3.02500000,646.23
1749266422,646.74000000,11.98200000,646.23
1749266422,646.75000000,4.06900000,646.23
1749266422,646.76000000,3.22500000,646.23
1749266422,646.77000000,6.26700000,646.23
1749266422,646.78000000,0.91800000,646.23
1749266422,646.79000000,3.34700000,646.23
1749266422,646.80000000,19.25500000,646.23
1749266422,646.81000000,7.81600000,646.23
1749266422,646.82000000,13.02600000,646.23
1749266422,646.83000000,13.04500000,646.23
1749266422,646.84000000,0.08400000,646.23
1749266422,646.85000000,1.67200000,646.23
1749266422,646.86000000,4.00400000,646.23
1749266422,646.87000000,7.52600000,646.23
1749266422,646.88000000,14.30300000,646.23
1749266422,646.89000000,3.83100000,646.23
1749266422,646.90000000,3.60300000,646.23
1749266422,646.91000000,9.13000000,646.23
1749266422,646.92000000,1.38400000,646.23
1749266422,646.93000000,2.55900000,646.23
1749266422,646.94000000,8.89500000,646.23
1749266422,646.95000000,4.81400000,646.23
1749266422,646.96000000,3.66400000,646.23
1749266422,646.97000000,8.21700000,646.23
1749266422,646.98000000,9.30100000,646.23
1749266422,646.99000000,13.24100000,646.23
1749266422,647.00000000,5.57800000,646.23
1749266422,647.01000000,24.41000000,646.23
1749266422,647.02000000,7.58300000,646.23
1749266422,647.03000000,3.53500000,646.23
1749266422,647.04000000,4.51800000,646.23
1749266422,647.05000000,11.88300000,646.23
1749266422,647.06000000,2.88600000,646.23
1749266422,647.07000000,3.95700000,646.23
1749266422,647.08000000,11.49900000,646.23
1749266422,647.09000000,0.03900000,646.23
1749266422,647.10000000,11.26400000,646.23
1749266422,647.11000000,26.92000000,646.23
1749266422,647.12000000,0.08100000,646.23
1749266422,647.13000000,5.95300000,646.23
1749266422,647.14000000,12.71800000,646.23
1749266422,647.15000000,1.48000000,646.23
1749266422,647.16000000,3.15800000,646.23
1749266422,647.17000000,6.94000000,646.23
1749266422,647.18000000,9.53000000,646.23
1749266422,647.19000000,3.25100000,646.23
1749266422,647.20000000,2.54200000,646.23
1749266422,647.21000000,7.84100000,646.23
1749266422,647.22000000,0.81100000,646.23
1749266422,647.23000000,3.35700000,646.23
1749266422,647.24000000,11.11900000,646.23
1749266723,646.71000000,76.38100000,646.66
1749266723,646.72000000,8.71500000,646.66
1749266723,646.73000000,0.01800000,646.66
1749266723,646.74000000,11.94400000,646.66
1749266723,646.75000000,15.20400000,646.66
1749266723,646.76000000,21.43900000,646.66
1749266723,646.77000000,2.67400000,646.66
1749266723,646.78000000,6.59300000,646.66
1749266723,646.79000000,12.74300000,646.66
1749266723,646.80000000,15.65000000,646.66
1749266723,646.81000000,9.34100000,646.66
1749266723,646.82000000,4.00000000,646.66
1749266723,646.83000000,14.91500000,646.66
1749266723,646.84000000,8.68800000,646.66
1749266723,646.85000000,3.05700000,646.66
1749266723,646.86000000,2.08500000,646.66
1749266723,646.87000000,8.42100000,646.66
1749266723,646.88000000,29.02900000,646.66
1749266723,646.89000000,0.14300000,646.66
1749266723,646.91000000,3.64800000,646.66
1749266723,646.92000000,22.93100000,646.66
1749266723,646.93000000,30.48100000,646.66
1749266723,646.94000000,1.59300000,646.66
1749266723,646.95000000,22.64400000,646.66
1749266723,646.96000000,20.44900000,646.66
1749266723,646.97000000,0.47900000,646.66
1749266723,646.98000000,37.23000000,646.66
1749266723,646.99000000,0.08200000,646.66
1749266723,647.00000000,13.11900000,646.66
1749266723,647.01000000,35.90400000,646.66
1749266723,647.02000000,3.13300000,646.66
1749266723,647.03000000,3.53500000,646.66
1749266723,647.04000000,12.23700000,646.66
1749266723,647.05000000,11.87300000,646.66
1749266723,647.06000000,2.12900000,646.66
1749266723,647.07000000,7.66200000,646.66
1749266723,647.08000000,7.71100000,646.66
1749266723,647.09000000,0.03900000,646.66
1749266723,647.10000000,11.33100000,646.66
1749266723,647.11000000,3.28000000,646.66
1749266723,647.12000000,0.07100000,646.66
1749266723,647.13000000,5.45200000,646.66
1749266723,647.14000000,12.25400000,646.66
1749266723,647.15000000,0.93100000,646.66
1749266723,647.16000000,7.60000000,646.66
1749266723,647.17000000,3.59600000,646.66
1749266723,647.18000000,10.27400000,646.66
1749266723,647.19000000,4.90300000,646.66
1749266723,647.20000000,2.54200000,646.66
1749266723,647.21000000,7.84100000,646.66
1749266723,647.22000000,8.67700000,646.66
1749266723,647.23000000,16.02800000,646.66
1749266723,647.24000000,12.71100000,646.66
1749266723,647.25000000,0.66900000,646.66
1749266723,647.26000000,6.87900000,646.66
1749266723,647.27000000,6.10100000,646.66
1749266723,647.28000000,41.12300000,646.66
1749266723,647.29000000,50.13200000,646.66
1749266723,647.30000000,31.15700000,646.66
1749266723,647.31000000,16.04200000,646.66
1749266723,647.32000000,0.27400000,646.66
1749266723,647.33000000,0.14500000,646.66
1749266723,647.34000000,11.21300000,646.66
1749266723,647.35000000,2.40200000,646.66
1749266723,647.36000000,2.30000000,646.66
1749266723,647.37000000,14.85400000,646.66
1749266723,647.38000000,20.09800000,646.66
1749266723,647.39000000,0.12700000,646.66
1749266723,647.40000000,6.90100000,646.66
1749266723,647.41000000,9.04200000,646.66
1749266723,647.42000000,0.07600000,646.66
1749266723,647.43000000,3.58200000,646.66
1749266723,647.44000000,8.39000000,646.66
1749266723,647.45000000,5.76400000,646.66
1749266723,647.46000000,2.53200000,646.66
1749266723,647.47000000,7.72100000,646.66
1749266723,647.48000000,0.07900000,646.66
1749266723,647.49000000,0.18900000,646.66
1749266723,647.50000000,11.85600000,646.66
1749266723,647.51000000,28.34000000,646.66
1749266723,647.52000000,5.79800000,646.66
1749266723,647.53000000,4.07500000,646.66
1749266723,647.54000000,3.14100000,646.66
1749266723,647.55000000,7.32000000,646.66
1749266723,647.56000000,7.75000000,646.66
1749266723,647.57000000,0.49900000,646.66
1749266723,647.58000000,7.72700000,646.66
1749266723,647.59000000,11.21300000,646.66
1749266723,647.60000000,0.07500000,646.66
1749266723,647.61000000,19.42100000,646.66
1749266723,647.62000000,7.71400000,646.66
1749266723,647.63000000,0.04500000,646.66
1749266723,647.64000000,26.73000000,646.66
1749266723,647.65000000,0.32800000,646.66
1749266723,647.66000000,19.11700000,646.66
1749266723,647.67000000,3.10600000,646.66
1749266723,647.68000000,3.39900000,646.66
1749266723,647.69000000,11.63000000,646.66
1749266723,647.70000000,0.20700000,646.66
1749266723,647.71000000,3.39900000,646.66
1749267025,646.46000000,38.95200000,646.45
1749267025,646.47000000,0.02700000,646.45
1749267025,646.48000000,6.40100000,646.45
1749267025,646.49000000,0.01800000,646.45
1749267025,646.50000000,15.27700000,646.45
1749267025,646.51000000,12.75800000,646.45
1749267025,646.52000000,8.26500000,646.45
1749267025,646.53000000,0.03700000,646.45
1749267025,646.55000000,10.43700000,646.45
1749267025,646.56000000,7.13800000,646.45
1749267025,646.57000000,2.82800000,646.45
1749267025,646.58000000,8.99500000,646.45
1749267025,646.59000000,16.20900000,646.45
1749267025,646.60000000,19.78200000,646.45
1749267025,646.61000000,0.01600000,646.45
1749267025,646.62000000,32.16900000,646.45
1749267025,646.63000000,2.33600000,646.45
1749267025,646.64000000,6.72000000,646.45
1749267025,646.65000000,0.03700000,646.45
1749267025,646.66000000,0.01600000,646.45
1749267025,646.67000000,0.00800000,646.45
1749267025,646.68000000,29.18100000,646.45
1749267025,646.69000000,20.10200000,646.45
1749267025,646.70000000,20.11800000,646.45
1749267025,646.71000000,9.45900000,646.45
1749267025,646.72000000,4.12000000,646.45
1749267025,646.73000000,20.46800000,646.45
1749267025,646.74000000,1.44300000,646.45
1749267025,646.75000000,4.02000000,646.45
1749267025,646.76000000,1.56100000,646.45
1749267025,646.77000000,14.87700000,646.45
1749267025,646.78000000,19.91500000,646.45
1749267025,646.79000000,0.54900000,646.45
1749267025,646.80000000,19.01000000,646.45
1749267025,646.81000000,4.35300000,646.45
1749267025,646.82000000,4.26200000,646.45
1749267025,646.83000000,7.68400000,646.45
1749267025,646.84000000,0.00800000,646.45
1749267025,646.85000000,7.83300000,646.45
1749267025,646.86000000,2.59200000,646.45
1749267025,646.87000000,3.51000000,646.45
1749267025,646.88000000,4.01900000,646.45
1749267025,646.89000000,3.61900000,646.45
1749267025,646.90000000,7.87900000,646.45
1749267025,646.91000000,3.05700000,646.45
1749267025,646.92000000,0.03300000,646.45
1749267025,646.93000000,5.53700000,646.45
1749267025,646.94000000,3.55900000,646.45
1749267025,646.95000000,19.16900000,646.45
1749267025,646.96000000,7.69800000,646.45
1749267025,646.97000000,0.47900000,646.45
1749267025,646.98000000,1.76800000,646.45
1749267025,646.99000000,8.14200000,646.45
1749267025,647.00000000,22.82600000,646.45
1749267025,647.01000000,15.49900000,646.45
1749267025,647.02000000,3.14700000,646.45
1749267025,647.03000000,31.35100000,646.45
1749267025,647.04000000,12.24600000,646.45
1749267025,647.05000000,11.87300000,646.45
1749267025,647.06000000,2.12900000,646.45
1749267025,647.07000000,7.26200000,646.45
1749267025,647.08000000,10.01800000,646.45
1749267025,647.09000000,7.68300000,646.45
1749267025,647.10000000,6.40500000,646.45
1749267025,647.11000000,3.28000000,646.45
1749267025,647.12000000,0.62000000,646.45
1749267025,647.13000000,4.94000000,646.45
1749267025,647.14000000,13.50600000,646.45
1749267025,647.15000000,1.90500000,646.45
1749267025,647.16000000,6.77100000,646.45
1749267025,647.17000000,5.04900000,646.45
1749267025,647.18000000,9.90100000,646.45
1749267025,647.19000000,3.26600000,646.45
1749267025,647.20000000,2.54200000,646.45
1749267025,647.21000000,7.84100000,646.45
1749267025,647.22000000,8.67700000,646.45
1749267025,647.23000000,16.33700000,646.45
1749267025,647.24000000,11.11900000,646.45
1749267025,647.25000000,7.85400000,646.45
1749267025,647.26000000,0.16900000,646.45
1749267025,647.27000000,12.46500000,646.45
1749267025,647.28000000,28.67100000,646.45
1749267025,647.29000000,50.13200000,646.45
1749267025,647.30000000,0.09100000,646.45
1749267025,647.31000000,15.08300000,646.45
1749267025,647.32000000,6.56800000,646.45
1749267025,647.33000000,10.42900000,646.45
1749267025,647.34000000,10.01800000,646.45
1749267025,647.35000000,1.42300000,646.45
1749267025,647.36000000,0.30100000,646.45
1749267025,647.37000000,14.52000000,646.45
1749267025,647.38000000,20.76300000,646.45
1749267025,647.39000000,7.77100000,646.45
1749267025,647.40000000,8.70700000,646.45
1749267025,647.41000000,12.25800000,646.45
1749267025,647.42000000,0.07600000,646.45
1749267025,647.43000000,6.81200000,646.45
1749267025,647.44000000,7.78100000,646.45
1749267025,647.45000000,5.93500000,646.45
1749267025,647.46000000,2.53200000,646.45
1749267326,646.30000000,13.60500000,646.3
1749267326,646.31000000,0.02700000,646.3
1749267326,646.32000000,0.02700000,646.3
1749267326,646.33000000,0.01800000,646.3
1749267326,646.34000000,0.02600000,646.3
1749267326,646.35000000,2.04600000,646.3
1749267326,646.36000000,0.02500000,646.3
1749267326,646.37000000,0.00900000,646.3
1749267326,646.38000000,1.57900000,646.3
1749267326,646.39000000,6.33100000,646.3
1749267326,646.40000000,10.80000000,646.3
1749267326,646.41000000,0.04500000,646.3
1749267326,646.42000000,8.44700000,646.3
1749267326,646.43000000,3.53400000,646.3
1749267326,646.44000000,14.99300000,646.3
1749267326,646.45000000,7.50300000,646.3
1749267326,646.46000000,8.51300000,646.3
1749267326,646.47000000,18.14000000,646.3
1749267326,646.48000000,27.98700000,646.3
1749267326,646.49000000,4.02300000,646.3
1749267326,646.50000000,10.37000000,646.3
1749267326,646.51000000,0.02000000,646.3
1749267326,646.52000000,25.66400000,646.3
1749267326,646.53000000,7.85600000,646.3
1749267326,646.54000000,0.00800000,646.3
1749267326,646.55000000,2.84200000,646.3
1749267326,646.56000000,23.36500000,646.3
1749267326,646.57000000,43.64900000,646.3
1749267326,646.58000000,0.11000000,646.3
1749267326,646.59000000,20.44900000,646.3
1749267326,646.60000000,18.55600000,646.3
1749267326,646.61000000,0.01600000,646.3
1749267326,646.62000000,27.37300000,646.3
1749267326,646.63000000,2.23400000,646.3
1749267326,646.64000000,11.32900000,646.3
1749267326,646.65000000,0.02800000,646.3
1749267326,646.66000000,0.01600000,646.3
1749267326,646.67000000,5.13900000,646.3
1749267326,646.68000000,17.05000000,646.3
1749267326,646.69000000,3.40700000,646.3
1749267326,646.70000000,1.35300000,646.3
1749267326,646.71000000,4.85300000,646.3
1749267326,646.72000000,2.45500000,646.3
1749267326,646.73000000,8.16100000,646.3
1749267326,646.74000000,10.85000000,646.3
1749267326,646.75000000,7.11300000,646.3
1749267326,646.76000000,30.32300000,646.3
1749267326,646.77000000,8.78500000,646.3
1749267326,646.78000000,2.10800000,646.3
1749267326,646.80000000,24.29700000,646.3
1749267326,646.81000000,1.33900000,646.3
1749267326,646.82000000,1.61600000,646.3
1749267326,646.83000000,13.57400000,646.3
1749267326,646.84000000,3.91300000,646.3
1749267326,646.85000000,7.83300000,646.3
1749267326,646.86000000,5.70100000,646.3
1749267326,646.87000000,3.51000000,646.3
1749267326,646.88000000,5.75900000,646.3
1749267326,646.89000000,6.71200000,646.3
1749267326,646.90000000,11.43800000,646.3
1749267326,646.91000000,3.73600000,646.3
1749267326,646.92000000,4.01900000,646.3
1749267326,646.93000000,0.04600000,646.3
1749267326,646.94000000,3.55900000,646.3
1749267326,646.95000000,10.92900000,646.3
1749267326,646.96000000,7.69800000,646.3
1749267326,646.97000000,1.15800000,646.3
1749267326,646.98000000,5.77800000,646.3
1749267326,646.99000000,10.82200000,646.3
1749267326,647.00000000,22.29300000,646.3
1749267326,647.01000000,10.68900000,646.3
1749267326,647.02000000,12.43200000,646.3
1749267326,647.03000000,4.92700000,646.3
1749267326,647.04000000,18.43700000,646.3
1749267326,647.05000000,27.87900000,646.3
1749267326,647.06000000,2.12900000,646.3
1749267326,647.07000000,5.85800000,646.3
1749267326,647.08000000,7.71100000,646.3
1749267326,647.09000000,7.68300000,646.3
1749267326,647.10000000,4.86100000,646.3
1749267326,647.11000000,3.28000000,646.3
1749267326,647.12000000,0.49100000,646.3
1749267326,647.13000000,4.92800000,646.3
1749267326,647.14000000,11.94500000,646.3
1749267326,647.15000000,0.93100000,646.3
1749267326,647.16000000,15.48900000,646.3
1749267326,647.17000000,28.99000000,646.3
1749267326,647.18000000,8.43500000,646.3
1749267326,647.19000000,3.26400000,646.3
1749267326,647.20000000,2.54200000,646.3
1749267326,647.21000000,7.84100000,646.3
1749267326,647.22000000,3.48400000,646.3
1749267326,647.23000000,0.02800000,646.3
1749267326,647.24000000,11.11900000,646.3
1749267326,647.25000000,7.19300000,646.3
1749267326,647.26000000,0.17900000,646.3
1749267326,647.27000000,12.72600000,646.3
1749267326,647.28000000,34.98000000,646.3
1749267326,647.29000000,58.32000000,646.3
1749267326,647.30000000,0.09100000,646.3
1749267628,646.88000000,23.72400000,646.87
1749267628,646.89000000,1.58800000,646.87
1749267628,646.90000000,1.06400000,646.87
1749267628,646.91000000,0.01800000,646.87
1749267628,646.92000000,2.16000000,646.87
1749267628,646.93000000,0.03900000,646.87
1749267628,646.94000000,1.20100000,646.87
1749267628,646.95000000,4.22300000,646.87
1749267628,646.96000000,0.06200000,646.87
1749267628,646.97000000,2.53800000,646.87
1749267628,646.98000000,6.81100000,646.87
1749267628,646.99000000,8.70900000,646.87
1749267628,647.00000000,11.43900000,646.87
1749267628,647.01000000,18.14600000,646.87
1749267628,647.02000000,2.13000000,646.87
1749267628,647.03000000,3.59700000,646.87
1749267628,647.04000000,14.67000000,646.87
1749267628,647.05000000,13.89100000,646.87
1749267628,647.06000000,4.73100000,646.87
1749267628,647.07000000,19.73700000,646.87
1749267628,647.08000000,7.71100000,646.87
1749267628,647.09000000,0.03900000,646.87
1749267628,647.10000000,44.07900000,646.87
1749267628,647.11000000,22.20800000,646.87
