timestamp,price,volume,current_price
1749258248,644.11000000,14.62200000,644.11
1749258248,644.12000000,5.15800000,644.11
1749258248,644.13000000,0.02600000,644.11
1749258248,644.14000000,1.94900000,644.11
1749258248,644.15000000,0.04100000,644.11
1749258248,644.16000000,2.32500000,644.11
1749258248,644.18000000,6.89000000,644.11
1749258248,644.19000000,2.35600000,644.11
1749258248,644.20000000,2.36000000,644.11
1749258248,644.21000000,0.02400000,644.11
1749258248,644.22000000,13.16000000,644.11
1749258248,644.23000000,20.19300000,644.11
1749258248,644.24000000,0.31000000,644.11
1749258248,644.25000000,7.02000000,644.11
1749258248,644.26000000,4.31900000,644.11
1749258248,644.28000000,0.02500000,644.11
1749258248,644.29000000,9.05300000,644.11
1749258248,644.30000000,27.75700000,644.11
1749258248,644.31000000,25.60600000,644.11
1749258248,644.32000000,0.78400000,644.11
1749258248,644.33000000,4.13400000,644.11
1749258248,644.34000000,68.45300000,644.11
1749258248,644.35000000,7.05800000,644.11
1749258248,644.36000000,0.62100000,644.11
1749258248,644.37000000,29.33800000,644.11
1749258248,644.38000000,8.24000000,644.11
1749258248,644.39000000,0.01600000,644.11
1749258248,644.40000000,23.74000000,644.11
1749258248,644.41000000,3.39200000,644.11
1749258248,644.42000000,8.30500000,644.11
1749258248,644.43000000,4.06300000,644.11
1749258248,644.45000000,0.39600000,644.11
1749258248,644.46000000,4.16100000,644.11
1749258248,644.47000000,3.82000000,644.11
1749258248,644.48000000,9.96800000,644.11
1749258248,644.49000000,0.02800000,644.11
1749258248,644.50000000,5.14800000,644.11
1749258248,644.51000000,5.60000000,644.11
1749258248,644.52000000,11.50200000,644.11
1749258248,644.53000000,2.39100000,644.11
1749258248,644.54000000,0.01600000,644.11
1749258248,644.55000000,15.96200000,644.11
1749258248,644.56000000,7.65200000,644.11
1749258248,644.57000000,0.01600000,644.11
1749258248,644.58000000,15.72500000,644.11
1749258248,644.59000000,5.40900000,644.11
1749258248,644.60000000,1.92300000,644.11
1749258248,644.61000000,12.16300000,644.11
1749258248,644.62000000,11.15700000,644.11
1749258248,644.63000000,3.88400000,644.11
1749258248,644.64000000,9.96800000,644.11
1749258248,644.65000000,3.08000000,644.11
1749258248,644.66000000,20.87200000,644.11
1749258248,644.67000000,14.58200000,644.11
1749258248,644.68000000,4.68600000,644.11
1749258248,644.69000000,0.31800000,644.11
1749258248,644.70000000,11.23700000,644.11
1749258248,644.71000000,1.07000000,644.11
1749258248,644.72000000,0.74800000,644.11
1749258248,644.73000000,9.98100000,644.11
1749258248,644.74000000,3.51000000,644.11
1749258248,644.75000000,4.59100000,644.11
1749258248,644.76000000,0.06300000,644.11
1749258248,644.78000000,2.56300000,644.11
1749258248,644.79000000,14.18300000,644.11
1749258248,644.80000000,0.17400000,644.11
1749258248,644.81000000,14.76700000,644.11
1749258248,644.82000000,0.89700000,644.11
1749258248,644.83000000,4.95600000,644.11
1749258248,644.84000000,1.11000000,644.11
1749258248,644.85000000,14.93800000,644.11
1749258248,644.86000000,5.11800000,644.11
1749258248,644.87000000,9.16200000,644.11
1749258248,644.88000000,8.78600000,644.11
1749258248,644.89000000,1.22200000,644.11
1749258248,644.90000000,1.73300000,644.11
1749258248,644.91000000,1.69900000,644.11
1749258248,644.92000000,13.08200000,644.11
1749258248,644.93000000,16.17600000,644.11
1749258248,644.94000000,33.74000000,644.11
1749258248,644.95000000,9.32600000,644.11
1749258248,644.96000000,4.91400000,644.11
1749258248,644.97000000,11.27800000,644.11
1749258248,644.98000000,0.06800000,644.11
1749258248,644.99000000,7.83100000,644.11
1749258248,645.00000000,36.13500000,644.11
1749258248,645.01000000,17.93700000,644.11
1749258248,645.02000000,9.52300000,644.11
1749258248,645.03000000,0.15400000,644.11
1749258248,645.04000000,9.26600000,644.11
1749258248,645.05000000,16.01600000,644.11
1749258248,645.06000000,24.22100000,644.11
1749258248,645.07000000,7.57100000,644.11
1749258248,645.08000000,15.59800000,644.11
1749258248,645.09000000,2.65700000,644.11
1749258248,645.10000000,0.07500000,644.11
1749258248,645.11000000,8.42800000,644.11
1749258248,645.12000000,0.07300000,644.11
1749258248,645.13000000,4.56400000,644.11
1749258248,645.14000000,3.57900000,644.11
1749258556,644.02000000,50.48300000,644.02
1749258556,644.03000000,29.46000000,644.02
1749258556,644.04000000,20.44900000,644.02
1749258556,644.05000000,8.60500000,644.02
1749258556,644.06000000,6.80200000,644.02
1749258556,644.07000000,7.71200000,644.02
1749258556,644.08000000,2.84400000,644.02
1749258556,644.09000000,3.30300000,644.02
1749258556,644.10000000,10.91300000,644.02
1749258556,644.11000000,3.55900000,644.02
1749258556,644.12000000,8.97500000,644.02
1749258556,644.13000000,11.36800000,644.02
1749258556,644.14000000,3.60300000,644.02
1749258556,644.15000000,25.90400000,644.02
1749258556,644.16000000,7.49000000,644.02
1749258556,644.17000000,8.11400000,644.02
1749258556,644.18000000,5.99400000,644.02
1749258556,644.19000000,9.86600000,644.02
1749258556,644.20000000,2.65300000,644.02
1749258556,644.21000000,8.10800000,644.02
1749258556,644.22000000,6.14600000,644.02
1749258556,644.23000000,5.08500000,644.02
1749258556,644.24000000,0.77600000,644.02
1749258556,644.25000000,6.01500000,644.02
1749258556,644.26000000,5.75500000,644.02
1749258556,644.28000000,40.50900000,644.02
1749258556,644.29000000,43.29600000,644.02
1749258556,644.30000000,9.18400000,644.02
1749258556,644.31000000,28.60800000,644.02
1749258556,644.32000000,11.70800000,644.02
1749258556,644.33000000,2.11900000,644.02
1749258556,644.34000000,7.10000000,644.02
1749258556,644.35000000,0.01600000,644.02
1749258556,644.36000000,0.55200000,644.02
1749258556,644.37000000,2.50400000,644.02
1749258556,644.38000000,8.20900000,644.02
1749258556,644.40000000,3.55800000,644.02
1749258556,644.41000000,7.63600000,644.02
1749258556,644.42000000,0.03800000,644.02
1749258556,644.43000000,7.05100000,644.02
1749258556,644.44000000,8.94800000,644.02
1749258556,644.45000000,0.02400000,644.02
1749258556,644.47000000,5.98100000,644.02
1749258556,644.48000000,12.31100000,644.02
1749258556,644.49000000,10.49800000,644.02
1749258556,644.50000000,9.74300000,644.02
1749258556,644.51000000,0.01300000,644.02
1749258556,644.52000000,9.24800000,644.02
1749258556,644.53000000,18.13400000,644.02
1749258556,644.54000000,0.79400000,644.02
1749258556,644.55000000,7.67100000,644.02
1749258556,644.56000000,11.09500000,644.02
1749258556,644.57000000,0.01600000,644.02
1749258556,644.58000000,11.70300000,644.02
1749258556,644.59000000,4.89500000,644.02
1749258556,644.60000000,29.12000000,644.02
1749258556,644.61000000,19.86300000,644.02
1749258556,644.62000000,12.04100000,644.02
1749258556,644.63000000,1.39000000,644.02
1749258556,644.64000000,6.09600000,644.02
1749258556,644.65000000,14.10100000,644.02
1749258556,644.66000000,0.55100000,644.02
1749258556,644.67000000,5.99100000,644.02
1749258556,644.68000000,4.98300000,644.02
1749258556,644.69000000,3.08100000,644.02
1749258556,644.70000000,5.71600000,644.02
1749258556,644.71000000,8.16500000,644.02
1749258556,644.72000000,0.02400000,644.02
1749258556,644.73000000,8.32800000,644.02
1749258556,644.74000000,7.64400000,644.02
1749258556,644.75000000,14.76800000,644.02
1749258556,644.76000000,3.37500000,644.02
1749258556,644.77000000,2.87100000,644.02
1749258556,644.78000000,0.06200000,644.02
1749258556,644.79000000,8.23200000,644.02
1749258556,644.80000000,15.48200000,644.02
1749258556,644.81000000,11.71200000,644.02
1749258556,644.82000000,8.27400000,644.02
1749258556,644.83000000,0.00800000,644.02
1749258556,644.84000000,2.52400000,644.02
1749258556,644.85000000,6.16600000,644.02
1749258556,644.86000000,11.71600000,644.02
1749258556,644.87000000,0.32300000,644.02
1749258556,644.88000000,11.42200000,644.02
1749258556,644.89000000,8.23900000,644.02
1749258556,644.90000000,1.40700000,644.02
1749258556,644.91000000,9.35200000,644.02
1749258556,644.92000000,16.43700000,644.02
1749258556,644.93000000,11.55000000,644.02
1749258556,644.94000000,5.31900000,644.02
1749258556,644.95000000,1.93500000,644.02
1749258556,644.96000000,4.91400000,644.02
1749258556,644.97000000,16.78700000,644.02
1749258556,644.98000000,16.06800000,644.02
1749258556,644.99000000,7.82300000,644.02
1749258556,645.00000000,36.61400000,644.02
1749258556,645.01000000,14.84400000,644.02
1749258556,645.02000000,18.58500000,644.02
1749258556,645.03000000,0.61100000,644.02
1749258556,645.04000000,0.03800000,644.02
1749258871,644.22000000,40.07500000,644.22
1749258871,644.23000000,0.72800000,644.22
1749258871,644.24000000,2.74200000,644.22
1749258871,644.25000000,12.97000000,644.22
1749258871,644.26000000,8.63000000,644.22
1749258871,644.27000000,2.61400000,644.22
1749258871,644.28000000,2.44700000,644.22
1749258871,644.29000000,0.02400000,644.22
1749258871,644.30000000,0.31800000,644.22
1749258871,644.31000000,3.73400000,644.22
1749258871,644.32000000,3.54200000,644.22
1749258871,644.33000000,5.84000000,644.22
1749258871,644.34000000,7.76500000,644.22
1749258871,644.35000000,0.13800000,644.22
1749258871,644.37000000,29.21200000,644.22
1749258871,644.38000000,0.01600000,644.22
1749258871,644.39000000,5.68600000,644.22
1749258871,644.40000000,16.84500000,644.22
1749258871,644.41000000,1.57300000,644.22
1749258871,644.42000000,0.03800000,644.22
1749258871,644.43000000,10.51600000,644.22
1749258871,644.44000000,13.65600000,644.22
1749258871,644.45000000,0.03500000,644.22
1749258871,644.46000000,25.87900000,644.22
1749258871,644.47000000,7.48100000,644.22
1749258871,644.48000000,42.45100000,644.22
1749258871,644.49000000,37.61500000,644.22
1749258871,644.50000000,9.78800000,644.22
1749258871,644.51000000,1.56300000,644.22
1749258871,644.52000000,23.99800000,644.22
1749258871,644.53000000,0.02400000,644.22
1749258871,644.54000000,0.88800000,644.22
1749258871,644.55000000,15.46600000,644.22
1749258871,644.56000000,8.20100000,644.22
1749258871,644.57000000,0.32600000,644.22
1749258871,644.58000000,6.61500000,644.22
1749258871,644.59000000,3.53000000,644.22
1749258871,644.60000000,7.66800000,644.22
1749258871,644.61000000,17.01600000,644.22
1749258871,644.62000000,3.13800000,644.22
1749258871,644.63000000,0.80200000,644.22
1749258871,644.64000000,3.15700000,644.22
1749258871,644.65000000,8.18100000,644.22
1749258871,644.66000000,5.47700000,644.22
1749258871,644.67000000,2.25300000,644.22
1749258871,644.68000000,4.05300000,644.22
1749258871,644.69000000,3.39100000,644.22
1749258871,644.70000000,3.07500000,644.22
1749258871,644.71000000,9.03500000,644.22
1749258871,644.72000000,0.03500000,644.22
1749258871,644.73000000,8.32800000,644.22
1749258871,644.74000000,9.72700000,644.22
1749258871,644.75000000,18.07700000,644.22
1749258871,644.76000000,3.79300000,644.22
1749258871,644.77000000,0.04500000,644.22
1749258871,644.78000000,0.06200000,644.22
1749258871,644.79000000,19.28600000,644.22
1749258871,644.80000000,0.17400000,644.22
1749258871,644.81000000,11.71200000,644.22
1749258871,644.82000000,10.88900000,644.22
1749258871,644.83000000,0.00800000,644.22
1749258871,644.84000000,0.13200000,644.22
1749258871,644.85000000,13.63600000,644.22
1749258871,644.86000000,11.71600000,644.22
1749258871,644.87000000,2.12300000,644.22
1749258871,644.88000000,35.26000000,644.22
1749258871,644.89000000,11.34000000,644.22
1749258871,644.90000000,0.39200000,644.22
1749258871,644.91000000,7.19200000,644.22
1749258871,644.92000000,3.37200000,644.22
1749258871,644.93000000,12.93100000,644.22
1749258871,644.94000000,5.72800000,644.22
1749258871,644.95000000,1.56600000,644.22
1749258871,644.96000000,4.92200000,644.22
1749258871,644.97000000,16.77900000,644.22
1749258871,644.98000000,16.06800000,644.22
1749258871,644.99000000,17.14300000,644.22
1749258871,645.00000000,52.45800000,644.22
1749258871,645.01000000,15.15400000,644.22
1749258871,645.02000000,19.40300000,644.22
1749258871,645.03000000,0.06000000,644.22
1749258871,645.04000000,0.03800000,644.22
1749258871,645.05000000,0.01600000,644.22
1749258871,645.06000000,5.20100000,644.22
1749258871,645.07000000,13.08700000,644.22
1749258871,645.08000000,7.95400000,644.22
1749258871,645.09000000,0.08400000,644.22
1749258871,645.10000000,3.17700000,644.22
1749258871,645.11000000,8.42800000,644.22
1749258871,645.12000000,8.08400000,644.22
1749258871,645.13000000,0.00800000,644.22
1749258871,645.14000000,11.22300000,644.22
1749258871,645.15000000,11.57300000,644.22
1749258871,645.16000000,0.08400000,644.22
1749258871,645.17000000,0.10600000,644.22
1749258871,645.18000000,8.78300000,644.22
1749258871,645.19000000,7.86400000,644.22
1749258871,645.20000000,4.24600000,644.22
1749258871,645.21000000,15.75800000,644.22
1749258871,645.22000000,3.10400000,644.22
1749259173,643.35000000,33.01600000,643.35
1749259173,643.36000000,0.01800000,643.35
1749259173,643.37000000,2.09500000,643.35
1749259173,643.38000000,12.39900000,643.35
1749259173,643.39000000,17.68200000,643.35
1749259173,643.40000000,17.82900000,643.35
1749259173,643.41000000,10.45300000,643.35
1749259173,643.42000000,10.80400000,643.35
1749259173,643.43000000,5.10400000,643.35
1749259173,643.44000000,2.75500000,643.35
1749259173,643.45000000,0.02400000,643.35
1749259173,643.47000000,2.61100000,643.35
1749259173,643.48000000,1.56800000,643.35
1749259173,643.50000000,17.37800000,643.35
1749259173,643.51000000,10.76700000,643.35
1749259173,643.52000000,8.83800000,643.35
1749259173,643.53000000,28.63000000,643.35
1749259173,643.54000000,23.03200000,643.35
1749259173,643.55000000,4.02400000,643.35
1749259173,643.56000000,0.93700000,643.35
1749259173,643.57000000,22.52700000,643.35
1749259173,643.58000000,51.13100000,643.35
1749259173,643.59000000,46.11800000,643.35
1749259173,643.60000000,12.46400000,643.35
1749259173,643.61000000,0.02400000,643.35
1749259173,643.62000000,4.40600000,643.35
1749259173,643.63000000,5.13900000,643.35
1749259173,643.64000000,7.75700000,643.35
1749259173,643.65000000,4.07200000,643.35
1749259173,643.66000000,0.69800000,643.35
1749259173,643.67000000,3.78000000,643.35
1749259173,643.68000000,8.55600000,643.35
1749259173,643.69000000,0.00800000,643.35
1749259173,643.70000000,3.56600000,643.35
1749259173,643.71000000,8.55300000,643.35
1749259173,643.72000000,0.78400000,643.35
1749259173,643.73000000,4.79900000,643.35
1749259173,643.74000000,14.15800000,643.35
1749259173,643.75000000,2.66900000,643.35
1749259173,643.76000000,7.76400000,643.35
1749259173,643.77000000,9.73800000,643.35
1749259173,643.78000000,16.73900000,643.35
1749259173,643.79000000,1.57700000,643.35
1749259173,643.80000000,21.26300000,643.35
1749259173,643.81000000,5.18800000,643.35
1749259173,643.82000000,0.01600000,643.35
1749259173,643.83000000,9.06500000,643.35
1749259173,643.84000000,3.51000000,643.35
1749259173,643.85000000,2.06400000,643.35
1749259173,643.86000000,9.13100000,643.35
1749259173,643.87000000,9.93400000,643.35
1749259173,643.88000000,0.01900000,643.35
1749259173,643.89000000,20.64000000,643.35
1749259173,643.90000000,7.90700000,643.35
1749259173,643.91000000,4.49300000,643.35
1749259173,643.92000000,4.82000000,643.35
1749259173,643.93000000,7.64400000,643.35
1749259173,643.94000000,9.83700000,643.35
1749259173,643.95000000,0.05500000,643.35
1749259173,643.96000000,3.81400000,643.35
1749259173,643.97000000,6.60300000,643.35
1749259173,643.98000000,6.46400000,643.35
1749259173,643.99000000,3.08100000,643.35
1749259173,644.00000000,15.97900000,643.35
1749259173,644.01000000,8.90600000,643.35
1749259173,644.02000000,0.99700000,643.35
1749259173,644.03000000,21.44400000,643.35
1749259173,644.04000000,13.77200000,643.35
1749259173,644.05000000,8.85800000,643.35
1749259173,644.06000000,7.69800000,643.35
1749259173,644.07000000,0.78500000,643.35
1749259173,644.08000000,0.06200000,643.35
1749259173,644.09000000,4.51500000,643.35
1749259173,644.10000000,14.44500000,643.35
1749259173,644.11000000,3.52600000,643.35
1749259173,644.12000000,0.98300000,643.35
1749259173,644.13000000,4.05100000,643.35
1749259173,644.14000000,10.41100000,643.35
1749259173,644.15000000,0.02400000,643.35
1749259173,644.16000000,4.70800000,643.35
1749259173,644.17000000,4.05100000,643.35
1749259173,644.18000000,5.12000000,643.35
1749259173,644.19000000,12.91300000,643.35
1749259173,644.20000000,7.69800000,643.35
1749259173,644.21000000,7.64400000,643.35
1749259173,644.22000000,0.03800000,643.35
1749259173,644.23000000,4.39400000,643.35
1749259173,644.24000000,3.44100000,643.35
1749259173,644.25000000,21.52900000,643.35
1749259173,644.26000000,25.81400000,643.35
1749259173,644.27000000,4.29600000,643.35
1749259173,644.28000000,4.52800000,643.35
1749259173,644.29000000,9.50200000,643.35
1749259173,644.30000000,4.07300000,643.35
1749259173,644.31000000,4.24100000,643.35
1749259173,644.32000000,6.14100000,643.35
1749259173,644.34000000,10.49700000,643.35
1749259173,644.35000000,7.66000000,643.35
1749259173,644.36000000,0.03800000,643.35
1749259173,644.37000000,0.03000000,643.35
