timestamp,price,volume
1749241004,104403.32000000,9.62557000
1749241004,104403.33000000,0.03103000
1749241004,104405.41000000,0.00055000
1749241004,104405.48000000,0.04612000
1749241004,104405.85000000,0.00011000
1749241004,104405.86000000,1.11519000
1749241004,104405.87000000,2.62375000
1749241004,104405.89000000,0.00149000
1749241004,104407.19000000,0.04021000
1749241004,104407.66000000,0.09582000
1749241004,104408.06000000,0.00010000
1749241004,104408.54000000,0.00478000
1749241004,104408.76000000,0.00560000
1749241004,104408.86000000,0.00040000
1749241004,104409.22000000,0.34467000
1749241004,104409.25000000,0.13709000
1749241004,104410.00000000,0.01146000
1749241004,104410.09000000,0.01877000
1749241004,104410.28000000,0.00046000
1749241004,104410.29000000,0.04000000
1749241004,104410.47000000,0.03835000
1749241004,104410.76000000,0.76531000
1749241004,104410.78000000,1.43951000
1749241004,104410.79000000,0.19252000
1749241004,104410.80000000,0.40565000
1749241004,104410.82000000,0.00060000
1749241004,104411.04000000,0.00007000
1749241004,104411.25000000,0.00019000
1749241004,104411.56000000,0.00022000
1749241004,104411.57000000,0.07213000
1749241004,104411.75000000,0.00020000
1749241004,104411.76000000,0.00448000
1749241004,104412.00000000,0.00235000
1749241004,104412.05000000,0.00044000
1749241004,104412.09000000,0.00999000
1749241004,104412.14000000,0.04595000
1749241004,104412.73000000,0.01916000
1749241004,104413.37000000,0.00032000
1749241004,104413.53000000,0.00010000
1749241004,104413.76000000,0.00478000
1749241004,104413.96000000,0.00020000
1749241004,104413.97000000,0.02000000
1749241004,104414.05000000,0.06720000
1749241004,104414.24000000,0.00005000
1749241004,104414.32000000,0.00005000
1749241004,104414.33000000,0.00012000
1749241004,104414.86000000,0.34454000
1749241004,104414.95000000,0.16320000
1749241004,104414.99000000,0.00035000
1749241004,104415.00000000,0.14400000
1749241004,104415.01000000,0.26880000
1749241004,104415.20000000,0.00015000
1749241004,104415.63000000,0.00191000
1749241004,104416.00000000,0.00235000
1749241004,104416.01000000,0.62573000
1749241004,104416.02000000,0.19237000
1749241004,104416.31000000,0.00127000
1749241004,104416.36000000,0.00010000
1749241004,104416.59000000,0.00042000
1749241004,104416.99000000,0.00020000
1749241004,104417.00000000,0.00478000
1749241004,104417.01000000,0.06000000
1749241004,104417.15000000,0.96173000
1749241004,104417.44000000,0.00015000
1749241004,104417.48000000,0.00008000
1749241004,104417.51000000,0.00104000
1749241004,104417.69000000,0.00005000
1749241004,104418.12000000,0.16320000
1749241004,104418.39000000,0.00025000
1749241004,104418.61000000,0.04553000
1749241004,104418.69000000,0.00034000
1749241004,104418.75000000,0.00005000
1749241004,104418.98000000,0.00728000
1749241004,104418.99000000,0.00300000
1749241004,104419.04000000,0.00570000
1749241004,104419.20000000,0.15840000
1749241004,104419.40000000,0.00005000
1749241004,104420.00000000,0.02167000
1749241004,104420.23000000,0.14880000
1749241004,104420.25000000,0.15360000
1749241004,104420.29000000,0.14400000
1749241004,104420.34000000,0.00010000
1749241004,104420.88000000,0.00010000
1749241004,104420.94000000,0.00005000
1749241004,104421.13000000,0.00005000
1749241004,104421.46000000,1.48228000
1749241004,104421.47000000,1.15410000
1749241004,104421.51000000,0.04000000
1749241004,104421.76000000,0.60387000
1749241004,104421.81000000,0.00008000
1749241004,104421.84000000,0.00046000
1749241004,104421.86000000,0.00343000
1749241004,104421.97000000,0.01999000
1749241004,104421.99000000,0.00014000
1749241004,104422.55000000,0.00005000
1749241004,104422.56000000,0.00005000
1749241004,104422.59000000,0.00196000
1749241004,104422.66000000,0.00010000
1749241004,104422.86000000,0.00050000
1749241004,104422.88000000,0.00240000
1749241065,104381.63000000,6.11757000
1749241065,104382.19000000,0.17235000
1749241065,104382.20000000,0.09720000
1749241065,104382.66000000,0.00006000
1749241065,104382.88000000,0.00011000
1749241065,104383.13000000,0.00029000
1749241065,104383.29000000,0.00006000
1749241065,104383.33000000,0.00054000
1749241065,104383.36000000,0.00005000
1749241065,104383.49000000,0.31609000
1749241065,104383.58000000,0.00072000
1749241065,104383.72000000,0.00050000
1749241065,104383.84000000,0.00005000
1749241065,104383.93000000,0.00005000
1749241065,104384.25000000,0.19248000
1749241065,104384.29000000,0.00549000
1749241065,104384.47000000,0.00010000
1749241065,104384.57000000,0.72429000
1749241065,104384.59000000,0.28863000
1749241065,104384.60000000,0.04006000
1749241065,104385.45000000,0.04006000
1749241065,104385.64000000,0.02815000
1749241065,104386.68000000,0.00005000
1749241065,104386.84000000,0.09693000
1749241065,104386.85000000,0.00478000
1749241065,104386.88000000,0.00584000
1749241065,104387.18000000,0.54017000
1749241065,104387.72000000,0.09572000
1749241065,104387.75000000,0.00765000
1749241065,104387.78000000,0.04000000
1749241065,104388.17000000,0.00191000
1749241065,104388.20000000,0.34463000
1749241065,104388.32000000,0.09491000
1749241065,104388.92000000,0.00005000
1749241065,104389.19000000,0.00560000
1749241065,104389.48000000,1.15410000
1749241065,104389.49000000,0.04000000
1749241065,104389.56000000,0.00010000
1749241065,104389.71000000,0.00011000
1749241065,104389.88000000,0.00011000
1749241065,104389.89000000,0.00999000
1749241065,104390.13000000,0.00005000
1749241065,104390.34000000,0.00010000
1749241065,104390.54000000,0.01977000
1749241065,104390.78000000,1.39452000
1749241065,104390.79000000,0.91909000
1749241065,104391.54000000,0.01916000
1749241065,104392.07000000,0.58978000
1749241065,104392.11000000,0.30755000
1749241065,104392.20000000,0.06720000
1749241065,104392.22000000,0.28755000
1749241065,104392.31000000,0.28755000
1749241065,104392.35000000,0.28755000
1749241065,104393.07000000,0.16320000
1749241065,104393.12000000,0.18995000
1749241065,104393.14000000,0.13440000
1749241065,104393.15000000,0.13440000
1749241065,104393.57000000,0.00005000
1749241065,104393.67000000,0.34461000
1749241065,104394.00000000,0.00005000
1749241065,104394.66000000,0.00010000
1749241065,104394.74000000,1.15410000
1749241065,104394.75000000,0.07267000
1749241065,104395.01000000,0.60052000
1749241065,104395.35000000,0.22136000
1749241065,104396.01000000,0.00250000
1749241065,104396.09000000,0.16320000
1749241065,104396.50000000,0.04000000
1749241065,104396.58000000,0.00008000
1749241065,104396.90000000,0.07290000
1749241065,104397.02000000,0.00005000
1749241065,104397.09000000,0.15840000
1749241065,104397.29000000,0.00478000
1749241065,104397.32000000,0.00010000
1749241065,104397.61000000,0.34460000
1749241065,104397.99000000,0.01999000
1749241065,104398.06000000,0.34460000
1749241065,104398.10000000,0.42545000
1749241065,104398.17000000,0.15360000
1749241065,104398.20000000,0.14880000
1749241065,104398.30000000,0.14400000
1749241065,104399.05000000,0.04000000
1749241065,104399.08000000,0.00005000
1749241065,104399.93000000,0.32310000
1749241065,104399.94000000,0.00478000
1749241065,104399.95000000,0.00050000
1749241065,104400.00000000,1.19377000
1749241065,104400.01000000,1.63188000
1749241065,104400.31000000,0.04000000
1749241065,104400.46000000,0.00005000
1749241065,104401.23000000,0.00249000
1749241065,104401.55000000,0.02290000
1749241065,104401.66000000,0.00562000
1749241065,104402.51000000,0.58500000
1749241065,104402.68000000,0.38341000
1749241065,104402.81000000,0.08000000
1749241065,104403.26000000,0.08020000
1749241065,104403.33000000,0.11064000
1749241065,104403.43000000,0.60387000
1749241065,104403.82000000,0.00010000
1749241126,104369.96000000,5.79858000
1749241126,104369.97000000,0.45049000
1749241126,104369.98000000,0.00066000
1749241126,104369.99000000,0.00006000
1749241126,104370.00000000,0.00006000
1749241126,104370.01000000,0.00022000
1749241126,104370.78000000,0.00029000
1749241126,104370.82000000,0.00054000
1749241126,104370.85000000,0.00072000
1749241126,104371.20000000,0.00010000
1749241126,104371.21000000,0.00392000
1749241126,104371.36000000,0.31612000
1749241126,104371.40000000,0.00005000
1749241126,104371.52000000,0.00005000
1749241126,104372.05000000,0.00050000
1749241126,104372.08000000,0.09585000
1749241126,104372.10000000,0.04517000
1749241126,104372.43000000,0.00012000
1749241126,104372.44000000,0.34011000
1749241126,104372.47000000,0.09699000
1749241126,104373.49000000,0.00005000
1749241126,104373.51000000,0.04006000
1749241126,104373.68000000,0.00005000
1749241126,104374.45000000,0.00010000
1749241126,104374.50000000,0.00006000
1749241126,104374.51000000,0.16845000
1749241126,104374.53000000,0.09152000
1749241126,104374.61000000,0.07213000
1749241126,104375.07000000,0.02585000
1749241126,104375.18000000,0.19242000
1749241126,104375.22000000,0.00101000
1749241126,104375.78000000,0.00479000
1749241126,104376.08000000,0.00999000
1749241126,104376.35000000,0.00005000
1749241126,104376.44000000,0.00479000
1749241126,104376.46000000,0.00560000
1749241126,104376.66000000,0.34467000
1749241126,104376.72000000,0.00191000
1749241126,104377.80000000,0.01341000
1749241126,104378.00000000,0.01140000
1749241126,104378.76000000,0.00005000
1749241126,104379.53000000,0.00022000
1749241126,104379.54000000,0.96250000
1749241126,104379.55000000,1.26053000
1749241126,104379.75000000,0.00227000
1749241126,104379.76000000,0.28755000
1749241126,104379.79000000,0.00005000
1749241126,104379.81000000,0.34466000
1749241126,104379.96000000,0.00479000
1749241126,104380.40000000,0.58500000
1749241126,104380.48000000,0.28755000
1749241126,104380.69000000,0.28755000
1749241126,104380.79000000,0.07213000
1749241126,104380.81000000,0.00958000
1749241126,104381.04000000,0.30755000
1749241126,104381.20000000,0.06736000
1749241126,104381.61000000,0.19237000
1749241126,104381.63000000,0.05200000
1749241126,104381.66000000,0.00479000
1749241126,104381.77000000,0.00300000
1749241126,104382.02000000,0.16320000
1749241126,104382.08000000,0.13440000
1749241126,104382.14000000,0.14400000
1749241126,104382.16000000,0.13440000
1749241126,104382.22000000,0.01999000
1749241126,104382.31000000,0.60387000
1749241126,104382.43000000,0.07274000
1749241126,104382.55000000,0.02126000
1749241126,104383.24000000,0.00005000
1749241126,104383.84000000,0.00005000
1749241126,104383.96000000,0.00478000
1749241126,104383.97000000,0.01957000
1749241126,104384.10000000,0.34464000
1749241126,104384.29000000,0.34464000
1749241126,104384.35000000,0.00010000
1749241126,104384.44000000,1.94634000
1749241126,104384.45000000,0.96173000
1749241126,104384.97000000,0.00250000
1749241126,104384.99000000,0.04000000
1749241126,104385.21000000,0.16320000
1749241126,104385.35000000,0.00340000
1749241126,104386.13000000,0.00008000
1749241126,104386.23000000,0.60387000
1749241126,104386.68000000,0.00005000
1749241126,104386.78000000,0.32314000
1749241126,104386.79000000,0.00554000
1749241126,104386.87000000,0.15840000
1749241126,104386.88000000,0.00528000
1749241126,104387.16000000,0.47778000
1749241126,104387.17000000,0.19237000
1749241126,104387.22000000,0.60387000
1749241126,104387.32000000,0.15360000
1749241126,104387.33000000,0.14880000
1749241126,104387.41000000,0.14400000
1749241126,104387.74000000,0.60387000
1749241126,104387.75000000,0.00765000
1749241126,104388.25000000,0.00010000
1749241126,104388.52000000,0.60387000
1749241126,104388.90000000,1.16474000
1749241126,104388.92000000,0.00005000
1749241187,104365.15000000,9.29965000
1749241187,104365.16000000,1.55652000
1749241187,104365.92000000,0.00029000
1749241187,104365.96000000,0.00011000
1749241187,104365.97000000,0.00054000
1749241187,104366.00000000,0.00078000
1749241187,104366.83000000,0.14321000
1749241187,104367.23000000,0.00011000
1749241187,104367.24000000,0.00049000
1749241187,104367.25000000,1.63214000
1749241187,104367.65000000,0.31613000
1749241187,104367.66000000,0.00010000
1749241187,104367.80000000,0.00560000
1749241187,104368.00000000,0.01146000
1749241187,104368.05000000,1.18910000
1749241187,104368.06000000,2.11047000
1749241187,104368.07000000,0.17587000
1749241187,104368.08000000,0.00060000
1749241187,104368.32000000,0.00005000
1749241187,104368.45000000,0.01922000
1749241187,104368.81000000,0.01916000
1749241187,104368.97000000,0.04596000
1749241187,104369.11000000,0.00192000
1749241187,104369.46000000,0.00005000
1749241187,104369.48000000,0.41520000
1749241187,104369.49000000,0.31597000
1749241187,104369.78000000,0.02213000
1749241187,104369.96000000,0.16710000
1749241187,104370.36000000,0.00005000
1749241187,104370.37000000,0.00479000
1749241187,104370.39000000,0.00958000
1749241187,104371.18000000,0.00478000
1749241187,104371.19000000,0.34469000
1749241187,104372.00000000,0.01140000
1749241187,104372.06000000,0.34468000
1749241187,104372.10000000,0.04501000
1749241187,104372.60000000,0.01916000
1749241187,104372.74000000,0.05896000
1749241187,104372.90000000,0.00005000
1749241187,104373.00000000,0.02000000
1749241187,104373.28000000,0.00235000
1749241187,104373.45000000,0.00054000
1749241187,104373.46000000,0.01895000
1749241187,104373.55000000,0.00479000
1749241187,104373.85000000,0.00479000
1749241187,104373.90000000,0.00010000
1749241187,104373.91000000,0.61341000
1749241187,104373.97000000,0.16320000
1749241187,104374.03000000,0.13440000
1749241187,104374.23000000,0.00011000
1749241187,104374.24000000,0.19237000
1749241187,104374.96000000,0.00011000
1749241187,104374.97000000,0.96173000
1749241187,104375.10000000,0.07213000
1749241187,104375.59000000,0.00479000
1749241187,104375.68000000,0.00008000
1749241187,104375.79000000,1.12876000
1749241187,104376.35000000,0.00005000
1749241187,104376.41000000,0.60387000
1749241187,104377.60000000,0.35285000
1749241187,104377.69000000,0.04000000
1749241187,104378.16000000,0.15840000
1749241187,104378.39000000,0.00010000
1749241187,104378.76000000,0.00005000
1749241187,104379.37000000,0.00250000
1749241187,104379.48000000,1.22862000
1749241187,104379.49000000,0.96173000
1749241187,104379.52000000,0.19237000
1749241187,104379.79000000,0.00005000
1749241187,104380.00000000,0.01916000
1749241187,104380.40000000,0.58500000
1749241187,104380.50000000,0.00958000
1749241187,104380.80000000,0.00729000
1749241187,104380.81000000,0.01258000
1749241187,104381.09000000,0.00010000
1749241187,104381.50000000,0.02696000
1749241187,104381.67000000,0.08014000
1749241187,104381.85000000,0.60387000
1749241187,104382.00000000,0.00006000
1749241187,104382.97000000,0.00023000
1749241187,104383.24000000,0.00005000
1749241187,104383.26000000,0.01999000
1749241187,104383.41000000,0.06725000
1749241187,104383.49000000,0.00006000
1749241187,104383.82000000,0.60387000
1749241187,104383.84000000,0.00005000
1749241187,104384.33000000,0.47778000
1749241187,104384.34000000,0.14400000
1749241187,104384.35000000,0.00010000
1749241187,104384.36000000,0.13440000
1749241187,104384.42000000,1.19042000
1749241187,104385.36000000,0.00050000
1749241187,104385.83000000,0.37592000
1749241187,104385.85000000,0.15360000
1749241187,104386.06000000,0.01912000
1749241187,104386.13000000,0.00008000
1749241187,104386.68000000,0.00005000
1749241187,104386.74000000,0.96173000
1749241187,104386.91000000,0.60387000
1749241187,104387.17000000,0.26450000
1749241247,104381.82000000,1.64651000
1749241247,104381.83000000,0.00076000
1749241247,104381.84000000,0.00066000
1749241247,104381.85000000,0.00006000
1749241247,104382.00000000,0.00012000
1749241247,104382.16000000,0.00006000
1749241247,104382.30000000,0.00006000
1749241247,104382.63000000,0.00029000
1749241247,104382.65000000,0.00048000
1749241247,104382.68000000,0.00072000
1749241247,104382.87000000,0.00202000
1749241247,104382.88000000,0.00005000
1749241247,104383.91000000,0.00049000
1749241247,104383.93000000,0.00005000
1749241247,104384.69000000,0.00012000
1749241247,104384.70000000,0.19258000
1749241247,104385.39000000,0.00018000
1749241247,104385.40000000,0.04819000
1749241247,104385.81000000,0.00012000
1749241247,104385.82000000,0.29063000
1749241247,104386.68000000,0.00005000
1749241247,104386.79000000,0.00012000
1749241247,104386.80000000,0.96179000
1749241247,104386.91000000,0.00089000
1749241247,104387.04000000,0.00478000
1749241247,104387.76000000,0.00250000
1749241247,104387.94000000,0.00035000
1749241247,104388.00000000,0.00200000
1749241247,104388.13000000,0.00999000
1749241247,104388.15000000,0.00092000
1749241247,104388.25000000,0.00010000
1749241247,104388.92000000,0.00005000
1749241247,104389.56000000,0.00010000
1749241247,104390.13000000,0.00005000
1749241247,104390.57000000,0.00022000
1749241247,104390.59000000,0.00250000
1749241247,104390.78000000,0.00006000
1749241247,104390.79000000,0.31596000
1749241247,104391.00000000,0.00006000
1749241247,104391.18000000,0.00958000
1749241247,104391.26000000,0.00006000
1749241247,104391.27000000,0.99477000
1749241247,104391.48000000,0.00958000
1749241247,104391.56000000,0.02188000
1749241247,104391.59000000,0.96179000
1749241247,104391.61000000,0.60393000
1749241247,104391.63000000,0.28746000
1749241247,104391.86000000,0.00010000
1749241247,104391.89000000,0.04000000
1749241247,104392.00000000,0.01158000
1749241247,104392.07000000,0.58500000
1749241247,104392.09000000,0.02000000
1749241247,104392.26000000,0.00478000
1749241247,104393.57000000,0.00005000
1749241247,104393.76000000,0.04993000
1749241247,104393.95000000,0.28746000
1749241247,104394.00000000,0.00005000
1749241247,104394.18000000,0.00560000
1749241247,104394.42000000,0.00958000
1749241247,104394.48000000,0.01400000
1749241247,104394.49000000,0.00010000
1749241247,104394.51000000,0.28746000
1749241247,104394.66000000,0.00010000
1749241247,104394.74000000,0.19237000
1749241247,104395.27000000,0.83663000
1749241247,104395.35000000,0.22103000
1749241247,104395.37000000,0.01999000
1749241247,104395.52000000,0.34461000
1749241247,104395.79000000,0.08000000
1749241247,104396.00000000,0.00200000
1749241247,104396.58000000,0.00008000
1749241247,104396.59000000,0.16000000
1749241247,104396.76000000,0.06720000
1749241247,104397.02000000,0.00005000
1749241247,104397.32000000,0.00010000
1749241247,104397.48000000,0.00778000
1749241247,104397.70000000,0.14400000
1749241247,104397.72000000,0.13440000
1749241247,104397.94000000,0.60367000
1749241247,104398.27000000,0.96173000
1749241247,104398.50000000,0.34460000
1749241247,104398.67000000,0.07247000
1749241247,104398.95000000,0.04597000
1749241247,104399.04000000,0.00399000
1749241247,104399.08000000,0.00005000
1749241247,104399.34000000,0.00010000
1749241247,104399.38000000,0.00300000
1749241247,104399.39000000,0.02000000
1749241247,104399.73000000,0.15360000
1749241247,104399.98000000,0.00010000
1749241247,104400.00000000,1.71378000
1749241247,104400.01000000,0.67015000
1749241247,104400.36000000,0.16320000
1749241247,104400.43000000,0.13440000
1749241247,104400.46000000,0.00005000
1749241247,104400.67000000,0.28746000
1749241247,104400.75000000,0.16320000
1749241247,104401.36000000,0.47910000
1749241247,104401.43000000,0.47910000
1749241247,104401.45000000,0.12010000
1749241308,104367.83000000,3.44955000
1749241308,104367.84000000,0.00051000
1749241308,104368.00000000,0.00006000
1749241308,104368.01000000,0.00006000
1749241308,104368.02000000,0.00006000
1749241308,104368.13000000,0.00006000
1749241308,104368.29000000,0.00016000
1749241308,104368.33000000,0.00006000
1749241308,104368.58000000,0.00023000
1749241308,104368.64000000,0.00048000
1749241308,104368.67000000,0.00072000
1749241308,104368.92000000,0.00201000
1749241308,104369.14000000,0.00010000
1749241308,104369.25000000,0.00012000
1749241308,104369.26000000,0.41283000
1749241308,104369.27000000,0.31613000
1749241308,104369.32000000,0.00017000
1749241308,104369.33000000,0.33691000
1749241308,104369.34000000,0.07342000
1749241308,104369.36000000,0.00048000
1749241308,104369.92000000,0.00050000
1749241308,104371.45000000,0.09699000
1749241308,104371.47000000,0.00006000
1749241308,104372.10000000,0.04456000
1749241308,104372.38000000,0.06006000
1749241308,104372.45000000,0.00005000
1749241308,104372.90000000,0.00005000
1749241308,104373.05000000,0.00479000
1749241308,104373.33000000,0.09580000
1749241308,104373.50000000,0.00006000
1749241308,104373.81000000,0.00012000
1749241308,104373.82000000,0.34474000
1749241308,104375.11000000,0.05765000
1749241308,104375.55000000,0.00006000
1749241308,104375.56000000,0.34467000
1749241308,104376.35000000,0.00016000
1749241308,104376.36000000,0.00011000
1749241308,104376.58000000,0.19237000
1749241308,104376.70000000,0.46644000
1749241308,104377.07000000,0.13250000
1749241308,104377.08000000,0.08000000
1749241308,104377.88000000,0.16000000
1749241308,104378.00000000,0.00503000
1749241308,104378.06000000,0.28746000
1749241308,104378.27000000,0.29353000
1749241308,104378.29000000,0.28746000
1749241308,104378.41000000,0.28746000
1749241308,104378.46000000,0.04000000
1749241308,104378.76000000,0.00005000
1749241308,104379.12000000,0.00560000
1749241308,104379.43000000,0.04100000
1749241308,104379.72000000,0.07213000
1749241308,104379.79000000,0.00005000
1749241308,104380.06000000,0.34466000
1749241308,104380.46000000,0.04000000
1749241308,104381.01000000,0.04000000
1749241308,104381.41000000,0.84107000
1749241308,104381.78000000,0.87962000
1749241308,104381.80000000,0.67015000
1749241308,104381.81000000,0.01804000
1749241308,104381.82000000,0.08979000
1749241308,104381.83000000,0.02576000
1749241308,104381.89000000,0.58500000
1749241308,104382.00000000,0.00006000
1749241308,104382.29000000,0.00010000
1749241308,104382.37000000,0.02595000
1749241308,104383.08000000,0.96173000
1749241308,104383.24000000,0.00005000
1749241308,104383.26000000,0.01916000
1749241308,104383.49000000,0.00529000
1749241308,104383.79000000,0.04000000
1749241308,104383.84000000,0.00005000
1749241308,104383.87000000,0.34465000
1749241308,104383.92000000,0.00248000
1749241308,104384.00000000,0.01140000
1749241308,104384.33000000,0.02000000
1749241308,104384.43000000,0.06720000
1749241308,104384.45000000,1.55220000
1749241308,104384.99000000,0.00478000
1749241308,104385.00000000,0.00300000
1749241308,104385.31000000,0.16320000
1749241308,104385.36000000,0.14400000
1749241308,104385.38000000,0.26880000
1749241308,104386.13000000,0.00008000
1749241308,104386.30000000,0.60367000
1749241308,104386.51000000,0.00010000
1749241308,104386.68000000,0.00005000
1749241308,104386.72000000,0.07233000
1749241308,104387.27000000,0.96173000
1749241308,104387.66000000,0.01899000
1749241308,104387.75000000,1.14111000
1749241308,104388.00000000,0.00200000
1749241308,104388.33000000,0.60367000
1749241308,104388.44000000,0.16320000
1749241308,104388.59000000,0.38328000
1749241308,104388.64000000,0.47910000
1749241308,104388.92000000,0.00005000
1749241308,104389.01000000,0.00015000
1749241308,104389.50000000,0.15840000
1749241308,104389.52000000,0.19237000
1749241369,104420.00000000,2.46679000
1749241369,104420.01000000,0.00067000
1749241369,104420.03000000,0.00060000
1749241369,104420.82000000,0.00430000
1749241369,104420.83000000,0.00974000
1749241369,104420.86000000,0.00054000
1749241369,104420.94000000,0.00011000
1749241369,104421.05000000,0.00197000
1749241369,104421.09000000,0.00012000
1749241369,104421.10000000,0.00011000
1749241369,104421.43000000,0.00012000
1749241369,104421.44000000,0.00006000
1749241369,104421.81000000,0.00008000
1749241369,104421.99000000,0.00014000
1749241369,104422.09000000,0.00049000
1749241369,104422.56000000,0.00005000
1749241369,104422.63000000,0.00042000
1749241369,104422.88000000,0.00240000
1749241369,104423.21000000,0.00015000
1749241369,104423.30000000,0.00013000
1749241369,104423.36000000,0.00010000
1749241369,104424.00000000,0.00235000
1749241369,104424.32000000,0.00560000
1749241369,104424.34000000,0.00006000
1749241369,104424.40000000,0.00034000
1749241369,104424.57000000,0.00016000
1749241369,104424.63000000,0.00005000
1749241369,104424.86000000,0.00478000
1749241369,104425.00000000,0.00023000
1749241369,104425.16000000,0.00012000
1749241369,104425.24000000,0.00013000
1749241369,104425.62000000,0.00037000
1749241369,104425.70000000,0.00046000
1749241369,104425.80000000,0.01406000
1749241369,104426.16000000,0.00053000
1749241369,104426.38000000,0.00011000
1749241369,104426.49000000,0.00100000
1749241369,104426.67000000,0.00009000
1749241369,104426.76000000,0.00021000
1749241369,104427.00000000,0.00006000
1749241369,104427.61000000,0.25950000
1749241369,104427.85000000,0.00042000
1749241369,104427.98000000,0.05024000
1749241369,104428.00000000,0.00235000
1749241369,104428.03000000,0.00005000
1749241369,104428.38000000,0.00008000
1749241369,104428.57000000,0.00058000
1749241369,104428.76000000,0.00018000
1749241369,104429.20000000,0.00010000
1749241369,104429.34000000,0.00012000
1749241369,104429.37000000,0.00008000
1749241369,104429.56000000,0.00005000
1749241369,104429.70000000,0.00007000
1749241369,104429.85000000,0.00074000
1749241369,104429.98000000,0.00043000
1749241369,104429.99000000,0.00403000
1749241369,104430.44000000,0.00579000
1749241369,104430.53000000,0.96173000
1749241369,104430.59000000,0.00197000
1749241369,104431.03000000,0.00006000
1749241369,104431.22000000,0.00005000
1749241369,104431.93000000,0.19237000
1749241369,104432.00000000,0.00235000
1749241369,104432.47000000,0.00010000
1749241369,104432.49000000,0.00957000
1749241369,104432.73000000,0.00012000
1749241369,104432.76000000,0.02087000
1749241369,104432.95000000,0.62246000
1749241369,104432.96000000,0.60367000
1749241369,104432.99000000,0.00007000
1749241369,104433.12000000,0.00014000
1749241369,104433.15000000,0.00005000
1749241369,104433.31000000,0.00094000
1749241369,104433.33000000,0.00125000
1749241369,104433.61000000,0.06000000
1749241369,104434.24000000,0.00006000
1749241369,104434.64000000,0.00005000
1749241369,104434.78000000,0.96173000
1749241369,104434.92000000,0.00005000
1749241369,104435.06000000,0.02000000
1749241369,104435.10000000,0.28746000
1749241369,104435.48000000,0.00006000
1749241369,104435.49000000,0.06720000
1749241369,104435.66000000,0.00778000
1749241369,104435.95000000,0.00007000
1749241369,104436.00000000,0.00241000
1749241369,104436.08000000,0.13440000
1749241369,104436.54000000,0.00010000
1749241369,104436.71000000,0.08000000
1749241369,104436.81000000,0.16000000
1749241369,104436.83000000,0.00100000
1749241369,104436.84000000,0.13250000
1749241369,104437.08000000,0.00010000
1749241369,104437.15000000,1.89201000
1749241369,104437.18000000,0.58500000
1749241369,104437.21000000,0.60367000
1749241369,104437.31000000,0.00009000
1749241369,104437.50000000,0.00267000
1749241369,104437.67000000,0.00010000
1749241369,104437.86000000,0.00144000
1749241430,104360.41000000,7.69597000
1749241430,104360.42000000,0.00026000
1749241430,104360.56000000,0.00018000
1749241430,104360.57000000,0.11054000
1749241430,104360.58000000,0.04113000
1749241430,104360.81000000,0.00006000
1749241430,104360.82000000,0.00006000
1749241430,104360.83000000,0.00006000
1749241430,104361.06000000,0.00023000
1749241430,104361.17000000,0.00048000
1749241430,104361.23000000,0.00072000
1749241430,104362.01000000,0.00005000
1749241430,104362.33000000,0.01473000
1749241430,104362.47000000,0.00012000
1749241430,104362.48000000,0.31615000
1749241430,104362.50000000,0.00049000
1749241430,104363.05000000,0.00005000
1749241430,104364.67000000,0.00012000
1749241430,104364.68000000,0.50242000
1749241430,104364.94000000,0.02249000
1749241430,104365.11000000,0.07219000
1749241430,104365.20000000,0.05733000
1749241430,104365.46000000,0.09580000
1749241430,104365.62000000,0.00006000
1749241430,104365.63000000,0.19716000
1749241430,104366.01000000,0.00005000
1749241430,104366.14000000,0.14745000
1749241430,104366.57000000,0.00191000
1749241430,104366.61000000,0.01000000
1749241430,104367.47000000,0.96173000
1749241430,104367.94000000,0.34470000
1749241430,104369.06000000,0.00022000
1749241430,104369.07000000,0.01437000
1749241430,104369.46000000,0.00005000
1749241430,104369.99000000,1.33107000
1749241430,104370.01000000,0.85529000
1749241430,104370.64000000,0.28746000
1749241430,104370.83000000,0.01570000
1749241430,104370.99000000,0.71015000
1749241430,104371.51000000,0.00999000
1749241430,104371.52000000,0.00560000
1749241430,104371.70000000,0.00010000
1749241430,104371.95000000,0.96173000
1749241430,104372.01000000,0.04021000
1749241430,104372.10000000,0.04400000
1749241430,104372.53000000,0.31596000
1749241430,104372.90000000,0.00005000
1749241430,104373.08000000,0.00958000
1749241430,104373.17000000,0.04596000
1749241430,104373.38000000,0.01916000
1749241430,104373.44000000,0.00010000
1749241430,104373.68000000,0.00005000
1749241430,104373.72000000,0.00129000
1749241430,104373.84000000,0.07213000
1749241430,104373.90000000,0.00010000
1749241430,104375.23000000,0.00479000
1749241430,104375.25000000,0.02357000
1749241430,104375.68000000,0.00008000
1749241430,104375.88000000,0.34467000
1749241430,104375.91000000,0.76482000
1749241430,104375.93000000,0.01885000
1749241430,104376.06000000,0.00050000
1749241430,104376.07000000,0.00300000
1749241430,104376.24000000,0.34467000
1749241430,104376.35000000,0.00005000
1749241430,104376.95000000,0.00478000
1749241430,104376.96000000,0.02000000
1749241430,104377.13000000,0.06240000
1749241430,104377.23000000,0.00182000
1749241430,104377.68000000,0.06000000
1749241430,104377.88000000,0.96173000
1749241430,104377.95000000,0.14400000
1749241430,104377.98000000,0.13440000
1749241430,104378.06000000,0.14400000
1749241430,104378.08000000,0.13440000
1749241430,104378.09000000,0.09574000
1749241430,104378.31000000,0.28746000
1749241430,104378.65000000,0.00010000
1749241430,104378.76000000,0.00005000
1749241430,104378.79000000,0.09574000
1749241430,104379.63000000,0.32315000
1749241430,104379.64000000,0.19237000
1749241430,104379.78000000,0.08000000
1749241430,104379.79000000,0.00005000
1749241430,104380.22000000,1.35887000
1749241430,104380.44000000,0.28746000
1749241430,104380.93000000,0.91263000
1749241430,104381.01000000,0.16320000
1749241430,104382.07000000,0.96173000
1749241430,104382.09000000,0.00958000
1749241430,104382.13000000,0.15840000
1749241430,104382.18000000,0.01999000
1749241430,104382.32000000,0.34656000
1749241430,104382.54000000,0.59458000
1749241430,104382.94000000,0.04000000
1749241430,104383.01000000,0.60367000
1749241430,104383.15000000,0.14880000
1749241430,104383.22000000,0.14400000
1749241430,104383.24000000,0.00005000
1749241430,104383.48000000,0.01916000
1749241490,104360.33000000,0.46769000
1749241490,104360.34000000,0.00096000
1749241490,104360.38000000,0.00026000
1749241490,104360.39000000,0.00006000
1749241490,104360.40000000,0.00018000
1749241490,104360.41000000,0.05889000
1749241490,104360.83000000,0.00006000
1749241490,104360.96000000,0.00029000
1749241490,104360.98000000,0.00012000
1749241490,104360.99000000,0.05554000
1749241490,104361.09000000,0.00048000
1749241490,104361.15000000,0.00072000
1749241490,104361.77000000,0.01472000
1749241490,104362.42000000,0.00049000
1749241490,104362.57000000,0.00005000
1749241490,104363.05000000,0.00005000
1749241490,104365.55000000,0.00479000
1749241490,104365.63000000,0.00300000
1749241490,104366.01000000,0.00005000
1749241490,104366.20000000,0.01702000
1749241490,104366.21000000,0.04934000
1749241490,104366.60000000,0.00168000
1749241490,104366.61000000,0.01006000
1749241490,104368.39000000,0.00010000
1749241490,104368.55000000,0.00999000
1749241490,104369.10000000,0.00012000
1749241490,104369.11000000,0.31603000
1749241490,104369.46000000,0.00005000
1749241490,104369.70000000,0.00012000
1749241490,104369.71000000,0.19243000
1749241490,104370.14000000,0.00088000
1749241490,104370.41000000,0.00047000
1749241490,104370.48000000,0.92091000
1749241490,104370.49000000,0.47778000
1749241490,104370.53000000,0.60367000
1749241490,104370.77000000,0.00479000
1749241490,104370.83000000,0.01570000
1749241490,104370.85000000,0.58500000
1749241490,104370.97000000,0.00089000
1749241490,104371.13000000,0.04990000
1749241490,104371.30000000,0.00093000
1749241490,104371.33000000,0.00249000
1749241490,104371.66000000,0.09576000
1749241490,104372.10000000,0.04400000
1749241490,104372.27000000,0.00191000
1749241490,104372.45000000,0.00406000
1749241490,104372.51000000,0.02256000
1749241490,104372.90000000,0.00005000
1749241490,104373.00000000,0.00006000
1749241490,104373.08000000,0.00958000
1749241490,104373.43000000,0.00023000
1749241490,104373.44000000,0.00010000
1749241490,104373.45000000,0.00006000
1749241490,104373.56000000,0.00958000
1749241490,104373.67000000,0.96173000
1749241490,104373.68000000,0.00005000
1749241490,104373.71000000,0.00196000
1749241490,104373.72000000,0.00129000
1749241490,104373.89000000,0.00249000
1749241490,104373.90000000,0.00010000
1749241490,104374.45000000,0.00560000
1749241490,104374.90000000,0.00958000
1749241490,104374.95000000,0.34468000
1749241490,104375.33000000,0.00088000
1749241490,104375.40000000,0.01999000
1749241490,104375.68000000,0.00008000
1749241490,104375.98000000,0.00479000
1749241490,104376.06000000,0.00050000
1749241490,104376.33000000,0.41773000
1749241490,104376.35000000,0.00005000
1749241490,104376.93000000,0.00010000
1749241490,104377.04000000,0.34467000
1749241490,104377.46000000,0.04000000
1749241490,104377.88000000,0.96173000
1749241490,104378.24000000,0.04596000
1749241490,104378.65000000,0.00010000
1749241490,104378.76000000,0.00005000
1749241490,104379.12000000,0.12515000
1749241490,104379.64000000,0.19237000
1749241490,104379.79000000,0.00005000
1749241490,104379.83000000,0.28746000
1749241490,104380.00000000,0.01916000
1749241490,104380.18000000,0.02000000
1749241490,104380.22000000,1.23940000
1749241490,104380.38000000,0.28746000
1749241490,104380.39000000,0.28746000
1749241490,104380.50000000,0.02585000
1749241490,104380.94000000,0.34466000
1749241490,104381.38000000,0.28000000
1749241490,104381.48000000,0.00010000
1749241490,104381.52000000,0.28746000
1749241490,104382.00000000,0.00006000
1749241490,104382.07000000,0.96173000
1749241490,104382.54000000,0.59458000
1749241490,104382.79000000,0.02000000
1749241490,104382.81000000,0.28746000
1749241490,104382.94000000,0.04000000
1749241490,104382.97000000,0.06240000
1749241490,104383.24000000,0.00005000
1749241490,104383.63000000,0.04000000
1749241551,104386.41000000,3.66832000
1749241551,104386.42000000,0.00011000
1749241551,104386.44000000,0.00031000
1749241551,104386.65000000,0.00006000
1749241551,104386.66000000,0.00012000
1749241551,104386.67000000,0.00207000
1749241551,104386.68000000,0.00006000
1749241551,104386.75000000,0.00006000
1749241551,104386.94000000,0.06438000
1749241551,104386.95000000,0.00015000
1749241551,104386.96000000,0.00012000
1749241551,104386.97000000,0.05316000
1749241551,104387.11000000,0.00023000
1749241551,104387.20000000,0.00048000
1749241551,104387.24000000,0.00072000
1749241551,104387.48000000,0.00010000
1749241551,104387.55000000,0.00012000
1749241551,104387.56000000,0.02597000
1749241551,104387.69000000,0.00012000
1749241551,104387.70000000,0.04370000
1749241551,104388.00000000,0.00200000
1749241551,104388.06000000,0.00006000
1749241551,104388.07000000,0.05015000
1749241551,104388.50000000,0.00050000
1749241551,104388.90000000,0.31597000
1749241551,104389.15000000,0.00005000
1749241551,104389.39000000,0.04050000
1749241551,104389.80000000,0.01471000
1749241551,104390.13000000,0.00005000
1749241551,104390.33000000,0.00613000
1749241551,104390.65000000,0.02275000
1749241551,104391.00000000,0.00006000
1749241551,104391.23000000,0.00005000
1749241551,104391.63000000,0.00478000
1749241551,104391.95000000,0.00250000
1749241551,104392.00000000,0.00200000
1749241551,104392.29000000,0.44909000
1749241551,104392.53000000,0.00006000
1749241551,104392.86000000,0.07213000
1749241551,104392.97000000,0.19237000
1749241551,104393.24000000,0.00958000
1749241551,104393.57000000,0.00005000
1749241551,104393.96000000,0.00011000
1749241551,104394.03000000,0.34472000
1749241551,104394.48000000,0.01400000
1749241551,104394.61000000,0.00124000
1749241551,104394.62000000,0.12350000
1749241551,104394.63000000,0.96173000
1749241551,104395.35000000,0.21401000
1749241551,104396.00000000,0.00200000
1749241551,104396.11000000,0.14400000
1749241551,104396.62000000,0.28746000
1749241551,104396.85000000,0.00478000
1749241551,104396.93000000,1.09331000
1749241551,104396.94000000,0.60367000
1749241551,104397.02000000,0.00031000
1749241551,104397.03000000,0.00560000
1749241551,104397.04000000,0.60367000
1749241551,104397.17000000,0.00300000
1749241551,104397.28000000,0.00014000
1749241551,104397.51000000,0.28746000
1749241551,104397.97000000,0.28746000
1749241551,104398.00000000,0.00010000
1749241551,104398.26000000,0.00409000
1749241551,104398.38000000,0.00958000
1749241551,104398.39000000,0.28746000
1749241551,104398.51000000,0.02105000
1749241551,104398.62000000,0.34460000
1749241551,104398.94000000,0.19237000
1749241551,104399.06000000,0.00005000
1749241551,104399.08000000,0.00005000
1749241551,104399.23000000,0.16320000
1749241551,104399.60000000,1.43951000
1749241551,104400.00000000,0.02127000
1749241551,104400.01000000,0.00259000
1749241551,104400.26000000,0.15840000
1749241551,104400.43000000,0.34459000
1749241551,104400.46000000,0.00005000
1749241551,104400.57000000,0.00478000
1749241551,104400.58000000,1.08651000
1749241551,104400.90000000,0.00010000
1749241551,104401.34000000,0.14880000
1749241551,104401.35000000,0.15360000
1749241551,104401.42000000,0.14400000
1749241551,104402.07000000,0.00728000
1749241551,104402.30000000,0.60367000
1749241551,104402.50000000,0.00014000
1749241551,104403.68000000,0.60367000
1749241551,104403.91000000,0.00005000
1749241551,104404.00000000,0.07413000
1749241551,104404.16000000,0.00005000
1749241551,104404.47000000,0.00023000
1749241551,104404.60000000,0.01932000
1749241551,104404.77000000,0.08000000
1749241551,104405.07000000,0.58500000
1749241551,104405.19000000,0.00561000
1749241551,104405.20000000,0.02000000
1749241551,104405.22000000,0.00010000
1749241551,104405.29000000,0.00958000
1749241551,104405.38000000,0.02000000
1749241612,104395.35000000,3.64003000
1749241612,104395.36000000,0.00128000
1749241612,104395.37000000,0.01486000
1749241612,104395.40000000,0.00018000
1749241612,104395.41000000,0.02655000
1749241612,104395.42000000,0.04898000
1749241612,104395.44000000,0.00006000
1749241612,104396.00000000,0.00229000
1749241612,104396.11000000,0.00048000
1749241612,104396.17000000,0.00072000
1749241612,104396.40000000,0.00191000
1749241612,104397.28000000,0.00014000
1749241612,104397.44000000,0.00050000
1749241612,104397.50000000,0.00005000
1749241612,104399.06000000,0.00560000
1749241612,104399.58000000,0.00005000
1749241612,104399.99000000,0.00012000
1749241612,104400.00000000,0.02133000
1749241612,104400.01000000,0.00259000
1749241612,104400.18000000,0.00012000
1749241612,104400.19000000,0.02244000
1749241612,104400.46000000,0.00005000
1749241612,104400.50000000,0.31593000
1749241612,104400.57000000,0.47784000
1749241612,104400.90000000,0.00010000
1749241612,104401.93000000,0.00478000
1749241612,104402.28000000,0.51105000
1749241612,104402.29000000,0.96179000
1749241612,104402.50000000,0.00014000
1749241612,104402.99000000,0.00011000
1749241612,104403.00000000,0.00011000
1749241612,104403.19000000,0.00957000
1749241612,104403.88000000,0.06240000
1749241612,104403.91000000,0.00005000
1749241612,104404.00000000,0.00200000
1749241612,104404.16000000,0.00005000
1749241612,104404.27000000,0.02000000
1749241612,104404.37000000,0.05249000
1749241612,104404.47000000,0.28769000
1749241612,104404.81000000,0.14400000
1749241612,104404.83000000,0.13440000
1749241612,104405.06000000,0.00007000
1749241612,104405.13000000,0.00060000
1749241612,104405.19000000,0.00561000
1749241612,104405.22000000,0.00010000
1749241612,104405.28000000,0.34457000
1749241612,104405.29000000,0.00958000
1749241612,104405.30000000,0.13440000
1749241612,104405.47000000,0.28746000
1749241612,104405.55000000,0.28746000
1749241612,104405.79000000,0.60186000
1749241612,104405.83000000,0.60367000
1749241612,104405.98000000,0.28746000
1749241612,104406.08000000,0.00010000
1749241612,104406.10000000,1.21849000
1749241612,104406.12000000,0.00010000
1749241612,104406.16000000,0.02586000
1749241612,104406.60000000,1.08340000
1749241612,104406.87000000,0.00016000
1749241612,104407.03000000,0.00008000
1749241612,104407.23000000,0.00022000
1749241612,104407.30000000,0.00300000
1749241612,104407.35000000,0.00005000
1749241612,104407.40000000,0.06000000
1749241612,104407.47000000,0.00401000
1749241612,104407.70000000,0.07213000
1749241612,104407.92000000,0.60367000
1749241612,104408.00000000,0.00200000
1749241612,104408.04000000,0.00343000
1749241612,104408.30000000,0.16320000
1749241612,104408.36000000,0.01894000
1749241612,104408.78000000,0.01999000
1749241612,104408.91000000,0.15360000
1749241612,104409.00000000,0.00006000
1749241612,104409.14000000,0.00957000
1749241612,104409.24000000,0.00005000
1749241612,104409.38000000,0.15840000
1749241612,104409.50000000,0.34456000
1749241612,104409.87000000,0.14400000
1749241612,104410.03000000,0.13036000
1749241612,104410.43000000,0.14880000
1749241612,104410.50000000,0.14400000
1749241612,104410.79000000,1.39152000
1749241612,104410.80000000,0.00005000
1749241612,104411.00000000,0.60367000
1749241612,104411.01000000,0.00777000
1749241612,104411.87000000,0.16681000
1749241612,104412.00000000,0.00200000
1749241612,104412.10000000,0.16000000
1749241612,104412.23000000,0.00010000
1749241612,104412.32000000,0.02586000
1749241612,104412.40000000,0.08000000
1749241612,104413.00000000,0.34455000
1749241612,104413.05000000,0.00010000
1749241612,104413.62000000,0.47778000
1749241612,104413.63000000,0.96173000
1749241612,104413.98000000,0.00478000
1749241612,104413.99000000,0.34455000
1749241612,104414.24000000,0.00005000
1749241612,104414.32000000,0.00005000
1749241672,104381.70000000,8.60507000
1749241672,104381.71000000,0.00011000
1749241672,104382.07000000,0.01485000
1749241672,104382.26000000,0.00029000
1749241672,104382.41000000,0.00054000
1749241672,104382.50000000,0.00078000
1749241672,104382.75000000,0.00207000
1749241672,104382.88000000,0.00011000
1749241672,104383.63000000,0.00010000
1749241672,104383.71000000,0.00012000
1749241672,104383.72000000,0.02597000
1749241672,104383.79000000,0.00049000
1749241672,104383.93000000,0.00017000
1749241672,104383.94000000,0.11271000
1749241672,104383.99000000,0.00012000
1749241672,104384.00000000,0.34480000
1749241672,104384.19000000,0.04011000
1749241672,104384.50000000,0.00012000
1749241672,104384.51000000,0.96184000
1749241672,104384.81000000,0.09579000
1749241672,104384.88000000,0.04006000
1749241672,104386.03000000,0.00572000
1749241672,104386.04000000,1.21118000
1749241672,104386.05000000,0.70950000
1749241672,104386.06000000,0.47778000
1749241672,104386.68000000,0.00005000
1749241672,104388.20000000,0.12415000
1749241672,104389.06000000,0.00022000
1749241672,104389.07000000,1.15410000
1749241672,104389.08000000,0.99598000
1749241672,104389.09000000,0.09693000
1749241672,104389.39000000,0.24000000
1749241672,104389.48000000,0.04000000
1749241672,104389.56000000,0.00010000
1749241672,104389.82000000,0.00999000
1749241672,104389.88000000,0.01915000
1749241672,104390.13000000,0.00005000
1749241672,104390.15000000,0.31591000
1749241672,104390.20000000,0.01915000
1749241672,104390.34000000,0.01915000
1749241672,104391.22000000,0.02000000
1749241672,104391.41000000,0.06240000
1749241672,104391.65000000,0.61866000
1749241672,104391.67000000,0.00478000
1749241672,104391.68000000,0.02586000
1749241672,104392.14000000,0.00519000
1749241672,104392.25000000,0.13440000
1749241672,104392.34000000,0.14400000
1749241672,104392.35000000,0.13440000
1749241672,104392.80000000,0.32852000
1749241672,104393.27000000,0.09573000
1749241672,104393.57000000,0.00005000
1749241672,104393.80000000,0.43439000
1749241672,104394.00000000,0.00005000
1749241672,104394.53000000,0.96173000
1749241672,104394.73000000,0.00010000
1749241672,104394.92000000,0.28746000
1749241672,104395.02000000,0.09573000
1749241672,104395.30000000,0.84346000
1749241672,104395.33000000,0.16320000
1749241672,104395.35000000,0.23589000
1749241672,104395.37000000,0.09573000
1749241672,104395.71000000,0.32311000
1749241672,104395.72000000,0.14400000
1749241672,104395.79000000,0.02876000
1749241672,104396.00000000,0.00200000
1749241672,104396.07000000,0.09573000
1749241672,104396.09000000,0.06000000
1749241672,104396.36000000,0.15840000
1749241672,104396.58000000,0.00008000
1749241672,104396.71000000,0.28746000
1749241672,104397.02000000,0.00005000
1749241672,104397.30000000,0.00097000
1749241672,104397.36000000,0.00528000
1749241672,104397.42000000,0.01955000
1749241672,104397.43000000,0.15360000
1749241672,104398.00000000,0.01140000
1749241672,104398.01000000,0.02089000
1749241672,104398.57000000,0.14880000
1749241672,104398.60000000,0.19237000
1749241672,104398.63000000,0.14400000
1749241672,104398.72000000,0.60367000
1749241672,104399.08000000,0.00005000
1749241672,104399.13000000,0.07213000
1749241672,104399.53000000,0.00221000
1749241672,104400.00000000,0.02127000
1749241672,104400.01000000,0.00259000
1749241672,104400.05000000,0.00478000
1749241672,104400.46000000,0.00005000
1749241672,104400.57000000,0.47778000
1749241672,104400.90000000,0.00010000
1749241672,104401.26000000,0.77093000
1749241672,104402.29000000,0.96173000
1749241672,104402.37000000,1.13512000
1749241672,104402.52000000,0.00097000
1749241672,104403.66000000,0.07181000
1749241672,104403.91000000,0.00005000
1749241672,104404.00000000,0.00200000
1749241672,104404.16000000,0.00005000
1749241672,104404.40000000,0.60367000
1749241738,104369.70000000,4.15319000
1749241738,104369.71000000,0.05966000
1749241738,104369.72000000,0.00006000
1749241738,104369.73000000,0.00056000
1749241738,104369.92000000,0.00006000
1749241738,104369.93000000,0.00006000
1749241738,104370.03000000,0.00012000
1749241738,104370.17000000,0.00018000
1749241738,104370.18000000,0.23030000
1749241738,104370.19000000,0.04470000
1749241738,104370.21000000,0.00012000
1749241738,104370.22000000,0.04465000
1749241738,104370.23000000,0.00023000
1749241738,104370.38000000,0.00048000
1749241738,104370.46000000,0.00072000
1749241738,104370.75000000,0.00191000
1749241738,104370.98000000,0.00006000
1749241738,104370.99000000,0.31607000
1749241738,104371.28000000,0.02880000
1749241738,104371.40000000,0.00005000
1749241738,104371.73000000,0.07219000
1749241738,104371.79000000,0.00049000
1749241738,104372.10000000,0.04357000
1749241738,104372.45000000,0.00005000
1749241738,104372.90000000,0.34474000
1749241738,104373.00000000,0.00006000
1749241738,104373.68000000,0.00005000
1749241738,104374.28000000,0.01916000
1749241738,104374.53000000,0.00005000
1749241738,104374.58000000,0.05455000
1749241738,104374.67000000,0.00006000
1749241738,104374.93000000,0.00728000
1749241738,104375.10000000,0.34467000
1749241738,104375.64000000,0.00010000
1749241738,104375.72000000,0.02586000
1749241738,104376.09000000,0.13220000
1749241738,104376.18000000,0.34467000
1749241738,104376.21000000,0.00010000
1749241738,104376.35000000,0.00005000
1749241738,104376.72000000,0.45760000
1749241738,104377.17000000,0.96173000
1749241738,104377.39000000,0.19237000
1749241738,104377.58000000,0.00664000
1749241738,104377.83000000,0.02696000
1749241738,104377.85000000,0.00006000
1749241738,104378.76000000,0.00005000
1749241738,104379.06000000,0.00387000
1749241738,104379.64000000,0.15982000
1749241738,104379.78000000,0.00010000
1749241738,104379.79000000,0.00005000
1749241738,104379.86000000,0.34466000
1749241738,104380.00000000,0.02006000
1749241738,104380.04000000,0.00020000
1749241738,104380.09000000,0.28746000
1749241738,104380.12000000,0.71487000
1749241738,104380.14000000,0.00729000
1749241738,104380.32000000,0.28746000
1749241738,104380.39000000,0.07213000
1749241738,104380.43000000,0.28746000
1749241738,104380.46000000,0.00005000
1749241738,104380.47000000,0.28746000
1749241738,104381.35000000,0.00999000
1749241738,104381.51000000,0.96173000
1749241738,104381.69000000,0.00010000
1749241738,104381.72000000,0.58500000
1749241738,104382.00000000,0.00961000
1749241738,104382.23000000,0.00022000
1749241738,104382.41000000,0.00050000
1749241738,104382.62000000,0.19237000
1749241738,104383.17000000,0.00023000
1749241738,104383.24000000,0.00005000
1749241738,104383.32000000,0.09574000
1749241738,104383.37000000,0.09574000
1749241738,104383.41000000,0.00005000
1749241738,104383.75000000,0.00478000
1749241738,104383.76000000,0.00560000
1749241738,104383.84000000,0.00005000
1749241738,104384.31000000,0.00010000
1749241738,104384.37000000,0.09574000
1749241738,104384.72000000,0.09574000
1749241738,104385.29000000,0.60367000
1749241738,104385.36000000,0.01028000
1749241738,104385.66000000,1.01669000
1749241738,104385.67000000,0.47778000
1749241738,104385.69000000,0.96173000
1749241738,104385.75000000,0.02876000
1749241738,104386.13000000,0.00008000
1749241738,104386.41000000,0.00062000
1749241738,104386.68000000,0.00005000
1749241738,104387.41000000,0.32314000
1749241738,104387.76000000,0.60367000
1749241738,104388.00000000,0.00200000
1749241738,104388.04000000,0.00010000
1749241738,104388.11000000,0.19237000
1749241738,104388.42000000,0.00561000
1749241738,104388.62000000,0.00569000
1749241738,104388.90000000,0.04000000
1749241738,104388.92000000,0.00005000
1749241738,104388.96000000,0.02000000
1749241738,104389.00000000,0.01924000
1749241799,104357.10000000,4.35785000
1749241799,104357.11000000,0.13650000
1749241799,104357.20000000,0.00006000
1749241799,104357.21000000,0.00006000
1749241799,104357.38000000,0.00006000
1749241799,104357.44000000,0.00018000
1749241799,104357.45000000,0.13568000
1749241799,104357.46000000,0.08376000
1749241799,104357.52000000,0.00023000
1749241799,104357.54000000,0.01467000
1749241799,104357.64000000,0.00012000
1749241799,104357.65000000,0.04205000
1749241799,104357.73000000,0.00048000
1749241799,104357.82000000,0.00072000
1749241799,104358.77000000,0.00191000
1749241799,104358.88000000,0.00005000
1749241799,104359.19000000,0.00050000
1749241799,104359.27000000,0.00012000
1749241799,104359.28000000,0.14481000
1749241799,104359.92000000,0.00005000
1749241799,104360.09000000,0.02200000
1749241799,104360.19000000,0.04090000
1749241799,104361.09000000,0.00689000
1749241799,104362.01000000,0.00005000
1749241799,104362.57000000,0.00005000
1749241799,104363.61000000,0.00684000
1749241799,104364.13000000,0.19243000
1749241799,104364.50000000,0.00999000
1749241799,104364.85000000,0.31598000
1749241799,104365.35000000,0.56436000
1749241799,104365.51000000,0.96173000
1749241799,104365.68000000,0.01945000
1749241799,104365.70000000,0.05943000
1749241799,104366.01000000,0.00005000
1749241799,104366.29000000,0.09574000
1749241799,104367.54000000,0.58500000
1749241799,104368.57000000,0.00010000
1749241799,104368.60000000,0.00005000
1749241799,104368.63000000,0.00089000
1749241799,104368.64000000,0.02586000
1749241799,104368.70000000,0.00406000
1749241799,104368.75000000,0.00092000
1749241799,104368.83000000,0.00667000
1749241799,104368.86000000,0.00011000
1749241799,104369.10000000,0.00011000
1749241799,104369.41000000,0.82912000
1749241799,104369.42000000,0.47778000
1749241799,104369.43000000,0.19237000
1749241799,104369.44000000,0.19237000
1749241799,104369.46000000,0.00005000
1749241799,104369.69000000,1.03361000
1749241799,104369.70000000,0.46276000
1749241799,104369.71000000,0.02874000
1749241799,104370.13000000,0.00010000
1749241799,104370.57000000,0.00010000
1749241799,104370.61000000,0.00958000
1749241799,104371.06000000,0.12074000
1749241799,104371.56000000,0.34469000
1749241799,104371.65000000,0.00560000
1749241799,104372.10000000,0.04351000
1749241799,104372.41000000,0.07213000
1749241799,104372.75000000,0.00530000
1749241799,104372.76000000,0.00300000
1749241799,104372.83000000,0.01999000
1749241799,104372.90000000,0.00005000
1749241799,104373.00000000,0.00006000
1749241799,104373.65000000,0.09574000
1749241799,104373.68000000,0.00005000
1749241799,104373.90000000,0.00010000
1749241799,104374.08000000,0.09574000
1749241799,104374.67000000,0.00006000
1749241799,104374.74000000,0.09750000
1749241799,104374.93000000,0.00249000
1749241799,104375.08000000,1.29640000
1749241799,104375.39000000,0.09574000
1749241799,104375.57000000,0.02876000
1749241799,104375.68000000,0.00008000
1749241799,104375.98000000,0.19237000
1749241799,104375.99000000,0.60367000
1749241799,104376.03000000,0.28746000
1749241799,104376.04000000,0.34467000
1749241799,104376.13000000,0.28746000
1749241799,104376.21000000,0.00010000
1749241799,104376.35000000,0.00005000
1749241799,104376.60000000,0.28746000
1749241799,104376.62000000,0.19237000
1749241799,104376.71000000,0.34467000
1749241799,104376.74000000,0.02185000
1749241799,104376.79000000,0.02000000
1749241799,104376.90000000,0.28746000
1749241799,104376.95000000,0.06240000
1749241799,104377.17000000,0.96173000
1749241799,104377.47000000,0.91807000
1749241799,104377.79000000,0.14400000
1749241799,104377.81000000,0.13440000
1749241799,104377.83000000,0.02696000
1749241799,104377.85000000,0.00006000
1749241799,104377.88000000,0.14400000
1749241799,104377.90000000,0.13440000
1749241799,104378.34000000,0.01956000
1749241860,104355.83000000,4.43854000
1749241860,104355.84000000,0.02911000
1749241860,104355.88000000,0.00006000
1749241860,104355.95000000,0.00006000
1749241860,104355.96000000,0.00006000
1749241860,104355.97000000,0.00006000
1749241860,104355.99000000,0.00006000
1749241860,104356.00000000,0.00006000
1749241860,104356.02000000,0.00006000
1749241860,104356.23000000,0.00023000
1749241860,104356.45000000,0.00048000
1749241860,104356.98000000,0.00012000
1749241860,104356.99000000,0.55762000
1749241860,104357.00000000,0.41434000
1749241860,104357.10000000,0.04567000
1749241860,104357.37000000,0.00012000
1749241860,104357.38000000,0.31611000
1749241860,104357.52000000,0.00072000
1749241860,104357.84000000,0.00005000
1749241860,104357.86000000,0.05064000
1749241860,104357.92000000,0.00049000
1749241860,104358.51000000,0.04041000
1749241860,104358.70000000,0.00006000
1749241860,104358.71000000,0.34479000
1749241860,104358.89000000,0.01958000
1749241860,104359.28000000,0.01466000
1749241860,104359.76000000,0.09575000
1749241860,104360.07000000,0.05787000
1749241860,104360.52000000,0.00191000
1749241860,104361.05000000,0.00479000
1749241860,104361.56000000,0.12419000
1749241860,104361.74000000,0.34472000
1749241860,104362.57000000,0.00005000
1749241860,104363.52000000,0.00005000
1749241860,104364.53000000,0.02586000
1749241860,104364.91000000,0.19237000
1749241860,104364.92000000,0.94736000
1749241860,104365.28000000,0.28747000
1749241860,104365.45000000,0.00010000
1749241860,104365.51000000,0.96173000
1749241860,104365.67000000,0.34471000
1749241860,104365.84000000,0.28747000
1749241860,104366.01000000,0.00005000
1749241860,104366.27000000,0.00479000
1749241860,104366.37000000,0.28747000
1749241860,104366.93000000,0.28747000
1749241860,104367.02000000,0.00011000
1749241860,104367.07000000,0.00410000
1749241860,104367.20000000,0.07213000
1749241860,104367.54000000,0.58500000
1749241860,104368.12000000,0.34470000
1749241860,104368.60000000,0.00005000
1749241860,104368.83000000,0.00188000
1749241860,104369.39000000,0.38121000
1749241860,104369.46000000,0.00005000
1749241860,104369.69000000,0.96173000
1749241860,104369.70000000,0.07807000
1749241860,104370.00000000,0.02876000
1749241860,104370.13000000,0.00010000
1749241860,104370.61000000,0.00958000
1749241860,104371.04000000,0.19237000
1749241860,104371.65000000,0.00560000
1749241860,104371.70000000,0.19237000
1749241860,104372.10000000,0.04351000
1749241860,104372.21000000,0.00558000
1749241860,104372.75000000,0.00530000
1749241860,104372.76000000,0.00300000
1749241860,104372.90000000,0.00005000
1749241860,104373.00000000,0.00006000
1749241860,104373.68000000,0.00005000
1749241860,104373.90000000,0.00010000
1749241860,104373.97000000,0.00016000
1749241860,104374.11000000,0.00478000
1749241860,104374.13000000,0.60369000
1749241860,104374.67000000,0.00006000
1749241860,104374.93000000,0.00249000
1749241860,104375.01000000,0.02111000
1749241860,104375.08000000,1.29640000
1749241860,104375.16000000,0.00343000
1749241860,104375.58000000,0.00005000
1749241860,104375.68000000,0.00008000
1749241860,104375.98000000,0.32317000
1749241860,104375.99000000,0.60367000
1749241860,104376.08000000,0.11000000
1749241860,104376.21000000,0.00010000
1749241860,104376.35000000,0.00005000
1749241860,104376.38000000,0.10550000
1749241860,104376.62000000,0.19237000
1749241860,104376.79000000,0.02000000
1749241860,104376.83000000,0.01999000
1749241860,104376.95000000,0.06240000
1749241860,104377.16000000,0.19237000
1749241860,104377.17000000,0.96173000
1749241860,104377.65000000,0.38329000
1749241860,104377.79000000,0.14400000
1749241860,104377.81000000,0.13440000
1749241860,104377.83000000,0.02696000
1749241860,104377.85000000,0.00006000
1749241860,104377.88000000,0.14400000
1749241860,104377.90000000,0.13440000
1749241921,104351.90000000,3.67099000
1749241921,104351.91000000,0.02921000
1749241921,104352.00000000,0.00023000
1749241921,104352.05000000,0.00006000
1749241921,104352.13000000,0.00012000
1749241921,104352.15000000,0.00006000
1749241921,104352.41000000,0.00029000
1749241921,104352.44000000,0.00018000
1749241921,104352.45000000,0.05641000
1749241921,104352.56000000,0.00048000
1749241921,104352.63000000,0.00072000
1749241921,104352.69000000,0.00012000
1749241921,104352.70000000,0.05055000
1749241921,104353.99000000,0.00049000
1749241921,104354.70000000,0.00005000
1749241921,104355.81000000,0.00012000
1749241921,104355.82000000,0.13758000
1749241921,104355.83000000,0.02297000
1749241921,104356.99000000,0.00012000
1749241921,104357.00000000,0.41424000
1749241921,104357.10000000,0.01588000
1749241921,104357.12000000,0.00479000
1749241921,104359.13000000,0.00005000
1749241921,104359.38000000,0.02232000
1749241921,104359.47000000,0.09575000
1749241921,104361.36000000,0.19243000
1749241921,104361.46000000,0.01462000
1749241921,104361.60000000,0.98132000
1749241921,104361.61000000,0.96173000
1749241921,104362.34000000,0.59229000
1749241921,104362.43000000,0.01908000
1749241921,104362.49000000,0.00011000
1749241921,104362.50000000,0.60369000
1749241921,104362.57000000,0.00005000
1749241921,104362.64000000,0.00011000
1749241921,104362.97000000,0.31599000
1749241921,104363.12000000,0.05007000
1749241921,104363.46000000,0.00010000
1749241921,104364.53000000,0.02586000
1749241921,104364.66000000,0.00089000
1749241921,104364.83000000,0.26491000
1749241921,104365.05000000,0.00089000
1749241921,104365.35000000,0.00089000
1749241921,104366.01000000,0.00005000
1749241921,104366.07000000,0.34470000
1749241921,104366.23000000,0.00010000
1749241921,104366.54000000,0.12672000
1749241921,104366.58000000,0.19237000
1749241921,104367.49000000,0.00010000
1749241921,104367.55000000,0.00479000
1749241921,104367.66000000,0.19237000
1749241921,104368.60000000,0.00005000
1749241921,104368.73000000,1.32403000
1749241921,104368.74000000,0.96173000
1749241921,104368.83000000,0.00188000
1749241921,104368.84000000,0.00051000
1749241921,104369.46000000,0.00005000
1749241921,104369.70000000,0.04883000
1749241921,104369.92000000,0.34469000
1749241921,104370.13000000,0.00010000
1749241921,104371.20000000,0.00560000
1749241921,104371.27000000,0.00191000
1749241921,104371.44000000,0.02149000
1749241921,104371.49000000,0.00300000
1749241921,104371.81000000,0.19237000
1749241921,104372.10000000,0.04351000
1749241921,104372.68000000,0.00562000
1749241921,104372.90000000,0.00005000
1749241921,104372.94000000,0.34468000
1749241921,104372.96000000,1.43951000
1749241921,104373.00000000,0.00006000
1749241921,104373.05000000,0.19237000
1749241921,104373.06000000,0.28747000
1749241921,104373.21000000,0.28747000
1749241921,104373.23000000,0.28747000
1749241921,104373.32000000,0.02000000
1749241921,104373.34000000,0.47912000
1749241921,104373.68000000,0.00005000
1749241921,104373.75000000,0.28747000
1749241921,104373.78000000,0.38329000
1749241921,104373.90000000,0.00010000
1749241921,104374.33000000,0.62312000
1749241921,104374.35000000,0.13440000
1749241921,104374.42000000,0.01906000
1749241921,104374.60000000,0.00478000
1749241921,104374.61000000,0.34468000
1749241921,104374.65000000,1.04021000
1749241921,104374.66000000,0.60369000
1749241921,104374.67000000,0.00006000
1749241921,104375.50000000,0.00348000
1749241921,104375.58000000,0.00005000
1749241921,104375.65000000,0.62273000
1749241921,104375.68000000,0.00008000
1749241921,104376.17000000,0.00094000
1749241921,104376.21000000,0.00010000
1749241921,104376.35000000,0.00005000
1749241921,104376.77000000,0.06240000
1749241921,104377.07000000,0.07213000
1749241921,104377.15000000,0.96173000
1749241921,104377.28000000,0.19237000
1749241981,104348.84000000,6.32871000
1749241981,104348.85000000,0.20782000
1749241981,104349.00000000,0.00576000
1749241981,104349.07000000,0.00012000
1749241981,104349.30000000,0.00029000
1749241981,104349.41000000,0.00018000
1749241981,104349.42000000,0.08143000
1749241981,104349.43000000,0.05252000
1749241981,104349.48000000,0.00048000
1749241981,104349.56000000,0.00072000
1749241981,104349.57000000,0.00012000
1749241981,104349.58000000,0.05784000
1749241981,104350.67000000,0.00006000
1749241981,104350.68000000,0.07224000
1749241981,104350.93000000,0.00050000
1749241981,104351.15000000,0.00100000
1749241981,104351.57000000,0.00005000
1749241981,104351.65000000,0.02242000
1749241981,104351.74000000,0.01617000
1749241981,104351.90000000,0.01825000
1749241981,104352.00000000,0.00017000
1749241981,104352.37000000,0.00191000
1749241981,104352.93000000,0.00010000
1749241981,104353.01000000,0.02592000
1749241981,104353.20000000,0.19237000
1749241981,104353.21000000,0.89148000
1749241981,104353.22000000,0.96173000
1749241981,104353.33000000,0.00479000
1749241981,104353.44000000,0.09575000
1749241981,104353.52000000,0.13116000
1749241981,104353.66000000,0.00005000
1749241981,104353.96000000,0.00810000
1749241981,104354.13000000,0.05849000
1749241981,104354.19000000,0.02000000
1749241981,104354.24000000,0.06240000
1749241981,104354.74000000,0.01460000
1749241981,104354.92000000,0.01924000
1749241981,104354.98000000,0.34474000
1749241981,104355.18000000,0.14400000
1749241981,104355.19000000,0.14400000
1749241981,104355.20000000,0.13440000
1749241981,104355.22000000,0.13440000
1749241981,104355.68000000,0.00005000
1749241981,104355.83000000,0.02286000
1749241981,104356.98000000,0.19237000
1749241981,104357.10000000,0.01582000
1749241981,104357.28000000,0.03182000
1749241981,104357.43000000,0.96173000
1749241981,104357.78000000,0.07213000
1749241981,104358.24000000,0.00010000
1749241981,104358.81000000,0.19237000
1749241981,104359.13000000,0.00005000
1749241981,104359.26000000,0.00022000
1749241981,104359.27000000,0.00479000
1749241981,104359.38000000,0.15840000
1749241981,104360.11000000,0.34472000
1749241981,104360.38000000,0.00406000
1749241981,104360.44000000,0.15360000
1749241981,104360.90000000,0.00958000
1749241981,104361.14000000,0.00010000
1749241981,104361.48000000,0.60369000
1749241981,104362.28000000,1.00729000
1749241981,104362.29000000,0.96173000
1749241981,104362.32000000,0.19237000
1749241981,104362.34000000,0.58500000
1749241981,104362.50000000,0.89116000
1749241981,104362.57000000,0.00005000
1749241981,104362.68000000,0.60369000
1749241981,104362.91000000,0.34471000
1749241981,104363.18000000,0.04000000
1749241981,104363.38000000,0.34471000
1749241981,104363.52000000,0.00005000
1749241981,104363.76000000,0.00249000
1749241981,104363.77000000,0.00300000
1749241981,104364.18000000,0.00010000
1749241981,104364.49000000,0.00479000
1749241981,104365.04000000,0.65078000
1749241981,104365.08000000,0.19237000
1749241981,104365.10000000,0.60369000
1749241981,104365.23000000,0.00008000
1749241981,104366.01000000,0.00005000
1749241981,104366.67000000,0.00478000
1749241981,104366.69000000,0.00958000
1749241981,104366.88000000,0.01927000
1749241981,104366.95000000,0.96173000
1749241981,104366.98000000,0.16320000
1749241981,104367.49000000,0.00010000
1749241981,104367.75000000,0.00005000
1749241981,104367.76000000,1.00000000
1749241981,104368.60000000,0.00005000
1749241981,104368.84000000,0.00051000
1749241981,104369.08000000,0.32320000
1749241981,104369.09000000,0.14880000
1749241981,104369.16000000,0.14400000
1749241981,104369.44000000,0.07213000
1749241981,104369.46000000,0.00005000
1749241981,104369.61000000,0.02064000
1749241981,104369.70000000,0.07713000
1749241981,104370.04000000,0.60369000
1749241981,104370.13000000,0.00010000
1749242042,104360.65000000,6.41535000
1749242042,104360.66000000,0.00036000
1749242042,104360.68000000,0.00126000
1749242042,104360.69000000,0.20409000
1749242042,104360.70000000,0.00006000
1749242042,104360.78000000,0.00006000
1749242042,104360.79000000,0.00006000
1749242042,104360.80000000,0.00006000
1749242042,104360.94000000,0.00006000
1749242042,104361.12000000,0.00023000
1749242042,104361.28000000,0.00060000
1749242042,104361.29000000,0.05034000
1749242042,104361.36000000,0.00072000
1749242042,104361.37000000,0.00012000
1749242042,104361.38000000,0.04494000
1749242042,104361.55000000,0.00005000
1749242042,104361.86000000,0.00010000
1749242042,104361.94000000,0.02597000
1749242042,104362.06000000,0.00012000
1749242042,104362.07000000,0.07219000
1749242042,104362.35000000,0.00006000
1749242042,104362.74000000,0.00050000
1749242042,104362.81000000,0.31605000
1749242042,104362.92000000,0.04055000
1749242042,104363.05000000,0.00005000
1749242042,104363.56000000,0.00010000
1749242042,104363.76000000,0.00249000
1749242042,104364.42000000,0.00192000
1749242042,104364.49000000,0.00479000
1749242042,104365.91000000,0.05581000
1749242042,104366.01000000,0.00005000
1749242042,104366.57000000,0.29588000
1749242042,104366.69000000,0.00958000
1749242042,104366.99000000,0.01460000
1749242042,104367.49000000,0.00010000
1749242042,104368.10000000,0.34470000
1749242042,104368.51000000,0.96173000
1749242042,104368.60000000,0.00005000
1749242042,104369.11000000,0.07213000
1749242042,104369.46000000,0.00005000
1749242042,104369.70000000,0.04883000
1749242042,104369.85000000,1.22218000
1749242042,104369.86000000,0.34469000
1749242042,104370.09000000,0.00560000
1749242042,104370.13000000,0.00010000
1749242042,104370.48000000,0.00011000
1749242042,104370.49000000,0.06240000
1749242042,104370.61000000,0.00011000
1749242042,104371.07000000,0.39473000
1749242042,104371.09000000,0.59229000
1749242042,104371.41000000,0.14400000
1749242042,104371.45000000,0.13440000
1749242042,104371.64000000,0.28747000
1749242042,104372.10000000,0.04351000
1749242042,104372.15000000,0.00145000
1749242042,104372.44000000,0.00958000
1749242042,104372.78000000,0.96173000
1749242042,104372.90000000,0.00005000
1749242042,104373.00000000,0.00006000
1749242042,104373.53000000,0.00010000
1749242042,104373.64000000,0.01879000
1749242042,104373.68000000,0.00005000
1749242042,104373.90000000,0.00010000
1749242042,104374.10000000,0.47778000
1749242042,104374.11000000,1.19800000
1749242042,104374.35000000,0.34468000
1749242042,104374.43000000,0.16320000
1749242042,104374.67000000,0.00006000
1749242042,104374.69000000,0.79321000
1749242042,104374.88000000,0.32317000
1749242042,104374.89000000,0.60369000
1749242042,104375.31000000,0.02000000
1749242042,104375.58000000,0.00005000
1749242042,104375.68000000,0.00008000
1749242042,104376.21000000,0.00010000
1749242042,104376.30000000,0.00779000
1749242042,104376.32000000,0.14400000
1749242042,104376.33000000,0.13440000
1749242042,104376.35000000,0.00005000
1749242042,104376.51000000,0.15360000
1749242042,104376.53000000,0.14880000
1749242042,104376.55000000,0.14400000
1749242042,104377.03000000,0.96173000
1749242042,104377.28000000,0.19237000
1749242042,104377.38000000,0.00016000
1749242042,104377.69000000,0.02053000
1749242042,104377.83000000,0.02696000
1749242042,104377.90000000,0.34467000
1749242042,104378.27000000,0.19237000
1749242042,104378.76000000,0.00005000
1749242042,104378.99000000,0.00478000
1749242042,104379.00000000,0.60369000
1749242042,104379.06000000,0.00345000
1749242042,104379.42000000,0.00300000
1749242042,104379.44000000,0.02000000
1749242042,104379.78000000,0.00010000
1749242042,104379.79000000,0.00005000
1749242042,104380.00000000,0.01916000
1749242042,104380.32000000,0.07213000
1749242042,104380.54000000,0.98133000
1749242103,104349.28000000,4.72563000
1749242103,104349.29000000,0.03875000
1749242103,104349.44000000,0.00006000
1749242103,104349.49000000,0.00108000
1749242103,104349.50000000,0.00006000
1749242103,104349.52000000,0.00006000
1749242103,104349.53000000,0.00006000
1749242103,104349.65000000,0.00029000
1749242103,104349.74000000,0.00012000
1749242103,104349.75000000,0.09587000
1749242103,104349.86000000,0.00048000
1749242103,104349.95000000,0.00072000
1749242103,104350.33000000,0.00191000
1749242103,104350.52000000,0.00012000
1749242103,104350.53000000,0.12807000
1749242103,104350.54000000,0.31609000
1749242103,104351.37000000,0.00049000
1749242103,104351.57000000,0.00005000
1749242103,104351.88000000,0.00010000
1749242103,104351.89000000,0.00704000
1749242103,104351.90000000,0.05786000
1749242103,104351.91000000,0.04358000
1749242103,104352.36000000,0.01894000
1749242103,104353.30000000,0.01466000
1749242103,104353.34000000,0.45329000
1749242103,104353.35000000,0.34475000
1749242103,104353.36000000,0.00005000
1749242103,104353.66000000,0.00005000
1749242103,104353.67000000,0.07213000
1749242103,104354.11000000,0.02172000
1749242103,104354.37000000,0.96173000
1749242103,104354.50000000,0.00063000
1749242103,104354.72000000,0.00010000
1749242103,104355.68000000,0.00005000
1749242103,104355.78000000,0.05740000
1749242103,104356.22000000,0.02586000
1749242103,104357.40000000,0.02876000
1749242103,104357.57000000,0.34473000
1749242103,104357.76000000,0.06240000
1749242103,104358.24000000,0.00010000
1749242103,104358.28000000,0.00560000
1749242103,104358.44000000,0.00005000
1749242103,104358.55000000,0.96173000
1749242103,104358.57000000,0.04000000
1749242103,104358.68000000,0.00011000
1749242103,104358.69000000,0.14400000
1749242103,104358.70000000,1.47742000
1749242103,104358.71000000,0.13440000
1749242103,104359.13000000,0.00005000
1749242103,104359.16000000,0.00011000
1749242103,104359.17000000,0.38474000
1749242103,104359.23000000,0.04000000
1749242103,104359.38000000,0.34473000
1749242103,104359.72000000,0.58500000
1749242103,104359.82000000,0.32747000
1749242103,104359.91000000,0.28747000
1749242103,104360.02000000,0.28747000
1749242103,104360.65000000,0.80563000
1749242103,104361.00000000,0.00250000
1749242103,104361.06000000,0.00958000
1749242103,104361.21000000,0.00479000
1749242103,104361.62000000,0.34472000
1749242103,104361.74000000,0.32321000
1749242103,104361.75000000,0.00645000
1749242103,104361.80000000,0.16320000
1749242103,104361.91000000,0.28747000
1749242103,104362.00000000,0.07213000
1749242103,104362.19000000,0.01916000
1749242103,104362.31000000,0.00010000
1749242103,104362.57000000,0.00005000
1749242103,104363.15000000,0.19152000
1749242103,104363.16000000,0.01926000
1749242103,104363.48000000,0.02000000
1749242103,104363.52000000,0.00005000
1749242103,104363.92000000,0.15360000
1749242103,104363.93000000,0.14880000
1749242103,104363.96000000,0.14400000
1749242103,104364.00000000,0.01140000
1749242103,104364.30000000,1.48728000
1749242103,104364.31000000,0.96173000
1749242103,104364.48000000,0.14400000
1749242103,104364.51000000,0.13440000
1749242103,104364.54000000,0.60369000
1749242103,104365.23000000,0.00008000
1749242103,104365.49000000,0.00478000
1749242103,104365.50000000,0.38474000
1749242103,104365.81000000,0.60369000
1749242103,104366.00000000,0.01140000
1749242103,104366.01000000,0.00005000
1749242103,104366.43000000,0.00729000
1749242103,104366.69000000,0.00958000
1749242103,104366.88000000,0.15840000
1749242103,104367.49000000,0.00010000
1749242103,104367.56000000,0.00051000
1749242103,104367.57000000,0.00300000
1749242103,104368.17000000,0.01999000
1749242103,104368.21000000,0.02000000
1749242103,104368.52000000,0.60369000
1749242103,104368.57000000,0.96173000
1749242103,104368.60000000,0.00005000
1749242169,104311.53000000,0.55161000
1749242169,104311.54000000,0.12482000
1749242169,104311.57000000,0.00006000
1749242169,104311.58000000,0.00006000
1749242169,104311.59000000,0.00006000
1749242169,104311.60000000,0.00006000
1749242169,104311.69000000,0.00029000
1749242169,104311.91000000,0.00006000
1749242169,104311.99000000,0.00048000
1749242169,104312.06000000,0.00012000
1749242169,104312.07000000,0.05530000
1749242169,104312.13000000,0.00072000
1749242169,104313.47000000,0.00012000
1749242169,104313.48000000,0.05127000
1749242169,104313.53000000,0.00006000
1749242169,104313.62000000,0.00173000
1749242169,104314.50000000,0.00552000
1749242169,104316.09000000,0.00005000
1749242169,104316.75000000,0.00479000
1749242169,104317.81000000,0.00005000
1749242169,104318.15000000,0.00499000
1749242169,104319.45000000,0.00999000
1749242169,104320.57000000,0.00958000
1749242169,104321.25000000,0.00005000
1749242169,104321.87000000,0.00958000
1749242169,104321.96000000,0.00479000
1749242169,104322.90000000,0.00010000
1749242169,104323.99000000,0.00012000
1749242169,104324.00000000,1.22423000
1749242169,104324.01000000,0.96179000
1749242169,104324.03000000,0.47784000
1749242169,104324.05000000,0.38480000
1749242169,104324.07000000,0.60380000
1749242169,104324.38000000,0.00092000
1749242169,104324.44000000,0.31617000
1749242169,104324.51000000,0.00088000
1749242169,104324.56000000,0.00010000
1749242169,104324.69000000,0.00005000
1749242169,104325.19000000,0.00022000
1749242169,104325.20000000,0.59258000
1749242169,104325.21000000,0.00359000
1749242169,104325.59000000,0.04597000
1749242169,104326.21000000,0.01462000
1749242169,104326.70000000,0.00409000
1749242169,104327.08000000,0.01999000
1749242169,104327.17000000,0.02193000
1749242169,104327.18000000,0.00830000
1749242169,104327.57000000,0.00192000
1749242169,104327.93000000,0.05351000
1749242169,104327.96000000,0.00005000
1749242169,104328.14000000,0.00005000
1749242169,104328.56000000,0.61276000
1749242169,104328.57000000,0.96173000
1749242169,104328.66000000,0.34483000
1749242169,104329.23000000,0.00560000
1749242169,104329.30000000,0.00958000
1749242169,104329.77000000,0.00010000
1749242169,104330.28000000,0.00010000
1749242169,104330.81000000,0.00246000
1749242169,104331.54000000,0.60374000
1749242169,104331.58000000,0.00005000
1749242169,104331.74000000,0.04598000
1749242169,104331.97000000,0.12297000
1749242169,104332.20000000,0.02877000
1749242169,104332.75000000,2.35026000
1749242169,104332.76000000,0.19237000
1749242169,104332.79000000,0.19237000
1749242169,104333.02000000,0.01960000
1749242169,104333.04000000,0.00005000
1749242169,104333.45000000,0.60374000
1749242169,104333.58000000,0.34481000
1749242169,104333.88000000,0.00008000
1749242169,104334.01000000,0.19158000
1749242169,104334.44000000,0.02000000
1749242169,104334.56000000,0.06240000
1749242169,104334.70000000,0.28749000
1749242169,104334.81000000,0.28749000
1749242169,104334.98000000,0.00010000
1749242169,104335.01000000,0.19157000
1749242169,104335.02000000,0.00005000
1749242169,104335.26000000,0.00570000
1749242169,104335.38000000,0.28749000
1749242169,104335.44000000,0.14400000
1749242169,104335.46000000,0.13440000
1749242169,104335.49000000,0.14400000
1749242169,104335.51000000,0.13440000
1749242169,104335.64000000,0.58500000
1749242169,104336.13000000,0.02000000
1749242169,104336.23000000,0.04000000
1749242169,104336.44000000,0.00005000
1749242169,104336.47000000,0.28749000
1749242169,104337.00000000,0.00006000
1749242169,104337.27000000,0.04000000
1749242169,104337.28000000,0.60374000
1749242169,104337.52000000,0.01918000
1749242169,104337.61000000,0.00051000
1749242169,104337.99000000,0.19237000
1749242169,104338.02000000,0.19237000
1749242169,104338.12000000,0.00005000
1749242169,104338.13000000,0.04000000
1749242230,104305.38000000,11.28777000
1749242230,104305.39000000,0.00031000
1749242230,104305.65000000,0.00006000
1749242230,104305.82000000,0.00029000
1749242230,104305.98000000,0.00054000
1749242230,104306.01000000,0.00006000
1749242230,104306.04000000,0.00078000
1749242230,104306.20000000,0.00018000
1749242230,104306.21000000,0.14006000
1749242230,104306.69000000,0.00005000
1749242230,104306.71000000,0.00010000
1749242230,104306.79000000,0.00012000
1749242230,104306.80000000,0.05500000
1749242230,104307.14000000,0.00012000
1749242230,104307.15000000,0.31622000
1749242230,104307.24000000,0.01959000
1749242230,104307.47000000,0.00050000
1749242230,104307.56000000,0.00010000
1749242230,104307.68000000,0.00012000
1749242230,104307.69000000,0.09585000
1749242230,104308.26000000,0.02593000
1749242230,104309.36000000,0.00006000
1749242230,104309.37000000,0.19243000
1749242230,104309.38000000,0.84411000
1749242230,104309.42000000,1.73185000
1749242230,104309.43000000,0.35379000
1749242230,104309.46000000,0.00013000
1749242230,104310.93000000,0.00005000
1749242230,104311.07000000,0.34489000
1749242230,104311.27000000,0.00192000
1749242230,104311.52000000,0.00856000
1749242230,104311.53000000,0.04116000
1749242230,104312.08000000,0.55941000
1749242230,104312.12000000,0.00958000
1749242230,104312.73000000,0.19160000
1749242230,104313.12000000,0.00010000
1749242230,104313.20000000,0.02587000
1749242230,104313.23000000,0.19237000
1749242230,104313.60000000,0.07213000
1749242230,104313.91000000,0.19162000
1749242230,104314.07000000,0.19161000
1749242230,104314.14000000,0.00560000
1749242230,104314.37000000,0.00005000
1749242230,104314.50000000,0.00552000
1749242230,104314.64000000,0.19237000
1749242230,104314.65000000,0.00479000
1749242230,104314.80000000,0.00022000
1749242230,104314.85000000,0.34488000
1749242230,104315.59000000,0.96173000
1749242230,104315.81000000,0.00234000
1749242230,104316.18000000,0.00999000
1749242230,104317.17000000,0.00959000
1749242230,104317.80000000,0.00005000
1749242230,104317.81000000,0.00005000
1749242230,104318.15000000,0.00499000
1749242230,104318.53000000,0.19237000
1749242230,104319.32000000,0.32335000
1749242230,104319.33000000,0.34486000
1749242230,104319.35000000,0.02000000
1749242230,104319.47000000,0.06240000
1749242230,104319.76000000,0.72570000
1749242230,104319.77000000,0.96173000
1749242230,104319.86000000,0.00479000
1749242230,104319.87000000,0.58500000
1749242230,104319.89000000,0.34486000
1749242230,104320.34000000,0.19237000
1749242230,104320.35000000,0.14880000
1749242230,104320.37000000,0.13920000
1749242230,104320.40000000,0.14400000
1749242230,104320.42000000,0.13440000
1749242230,104320.57000000,0.00958000
1749242230,104320.78000000,0.00005000
1749242230,104320.86000000,0.04000000
1749242230,104321.03000000,0.00051000
1749242230,104321.25000000,0.00005000
1749242230,104322.10000000,0.07232000
1749242230,104322.38000000,0.00478000
1749242230,104322.39000000,0.00249000
1749242230,104322.74000000,0.07213000
1749242230,104322.88000000,0.00005000
1749242230,104322.90000000,0.00010000
1749242230,104323.07000000,1.27192000
1749242230,104323.08000000,1.00000000
1749242230,104323.38000000,0.06000000
1749242230,104323.43000000,0.16808000
1749242230,104323.71000000,0.01918000
1749242230,104323.99000000,1.15410000
1749242230,104324.07000000,0.60374000
1749242230,104324.47000000,0.16320000
1749242230,104324.56000000,0.00010000
1749242230,104324.69000000,0.00005000
1749242230,104325.20000000,0.00066000
1749242230,104325.54000000,0.15360000
1749242230,104325.56000000,0.14880000
1749242230,104325.58000000,0.00006000
1749242230,104325.59000000,0.04597000
1749242230,104325.62000000,0.14400000
1749242230,104326.16000000,0.08053000
1749242230,104327.01000000,0.01913000
1749242230,104327.18000000,0.00351000
1749242296,104305.27000000,7.77516000
1749242296,104305.28000000,0.00061000
1749242296,104305.32000000,0.00018000
1749242296,104305.33000000,0.55586000
1749242296,104305.34000000,0.00006000
1749242296,104305.35000000,0.00006000
1749242296,104305.36000000,0.00018000
1749242296,104305.37000000,0.47812000
1749242296,104305.38000000,0.46163000
1749242296,104305.39000000,0.11190000
1749242296,104305.82000000,0.00023000
1749242296,104305.98000000,0.00048000
1749242296,104306.04000000,0.00072000
1749242296,104306.21000000,0.00005000
1749242296,104306.69000000,0.00005000
1749242296,104306.71000000,0.00010000
1749242296,104306.80000000,0.05495000
1749242296,104307.08000000,0.07224000
1749242296,104307.24000000,0.09586000
1749242296,104307.36000000,0.00050000
1749242296,104308.23000000,0.19168000
1749242296,104308.81000000,0.09586000
1749242296,104309.42000000,0.01317000
1749242296,104309.43000000,0.37442000
1749242296,104309.83000000,0.00005000
1749242296,104310.35000000,0.02271000
1749242296,104310.60000000,0.00038000
1749242296,104310.93000000,0.00005000
1749242296,104311.27000000,0.00192000
1749242296,104311.31000000,0.00012000
1749242296,104311.32000000,1.39165000
1749242296,104311.33000000,0.96173000
1749242296,104311.52000000,0.00856000
1749242296,104311.53000000,0.02343000
1749242296,104311.67000000,0.00010000
1749242296,104311.79000000,0.02587000
1749242296,104311.98000000,0.19161000
1749242296,104312.12000000,0.00958000
1749242296,104312.72000000,0.00005000
1749242296,104312.93000000,0.01918000
1749242296,104313.21000000,0.34488000
1749242296,104313.30000000,0.19237000
1749242296,104313.60000000,0.07213000
1749242296,104313.75000000,0.02587000
1749242296,104313.98000000,0.00011000
1749242296,104314.00000000,0.01957000
1749242296,104314.13000000,0.00011000
1749242296,104314.14000000,0.00560000
1749242296,104314.37000000,0.00005000
1749242296,104314.49000000,0.09580000
1749242296,104314.50000000,0.00150000
1749242296,104314.64000000,0.19237000
1749242296,104314.65000000,0.00479000
1749242296,104314.73000000,0.00010000
1749242296,104315.59000000,0.96173000
1749242296,104315.76000000,0.28749000
1749242296,104315.81000000,0.00234000
1749242296,104315.84000000,0.28749000
1749242296,104315.87000000,0.28749000
1749242296,104316.10000000,0.09580000
1749242296,104316.26000000,0.28749000
1749242296,104317.17000000,0.00959000
1749242296,104317.55000000,0.34487000
1749242296,104317.79000000,0.07152000
1749242296,104317.80000000,0.00005000
1749242296,104317.81000000,0.00005000
1749242296,104318.27000000,1.17193000
1749242296,104318.28000000,0.47778000
1749242296,104318.53000000,0.19237000
1749242296,104319.30000000,0.19160000
1749242296,104319.35000000,0.02000000
1749242296,104319.36000000,0.19160000
1749242296,104319.40000000,0.09580000
1749242296,104319.47000000,0.06240000
1749242296,104319.76000000,0.00010000
1749242296,104319.77000000,0.96173000
1749242296,104319.86000000,0.00479000
1749242296,104319.87000000,0.58500000
1749242296,104320.19000000,0.32334000
1749242296,104320.20000000,0.09453000
1749242296,104320.34000000,0.19237000
1749242296,104320.35000000,0.14880000
1749242296,104320.37000000,0.13920000
1749242296,104320.40000000,0.14400000
1749242296,104320.42000000,0.13440000
1749242296,104320.56000000,0.00479000
1749242296,104320.57000000,0.00958000
1749242296,104320.78000000,0.00005000
1749242296,104320.86000000,0.04000000
1749242296,104321.03000000,0.00351000
1749242296,104321.25000000,0.00005000
1749242296,104322.39000000,0.00249000
1749242296,104322.49000000,0.34485000
1749242296,104322.74000000,0.07213000
1749242296,104322.88000000,0.00005000
1749242296,104322.90000000,0.00010000
1749242296,104323.38000000,0.06000000
1749242296,104323.42000000,1.11489000
1749242296,104323.43000000,0.16808000
1749242296,104323.99000000,1.15410000
1749242356,104305.28000000,2.78959000
1749242356,104305.29000000,0.04641000
1749242356,104305.32000000,0.00006000
1749242356,104305.33000000,0.00006000
1749242356,104305.34000000,0.00006000
1749242356,104305.35000000,0.00006000
1749242356,104305.36000000,0.00018000
1749242356,104305.37000000,0.04654000
1749242356,104305.38000000,0.02570000
1749242356,104305.39000000,0.00005000
1749242356,104305.82000000,0.00023000
1749242356,104305.90000000,0.00006000
1749242356,104305.98000000,0.00048000
1749242356,104306.04000000,0.00072000
1749242356,104306.09000000,0.00012000
1749242356,104306.10000000,0.04816000
1749242356,104307.36000000,0.00050000
1749242356,104307.74000000,0.00005000
1749242356,104309.32000000,0.00012000
1749242356,104309.33000000,0.05063000
1749242356,104309.42000000,0.01311000
1749242356,104309.43000000,0.02959000
1749242356,104310.51000000,0.00958000
1749242356,104310.93000000,0.00005000
1749242356,104311.52000000,0.00856000
1749242356,104311.53000000,0.02349000
1749242356,104311.81000000,0.01466000
1749242356,104311.87000000,0.31614000
1749242356,104312.12000000,0.00999000
1749242356,104312.67000000,0.59139000
1749242356,104313.47000000,0.19237000
1749242356,104314.37000000,0.00005000
1749242356,104314.50000000,0.00150000
1749242356,104314.65000000,0.00479000
1749242356,104314.74000000,0.05081000
1749242356,104315.70000000,0.09864000
1749242356,104315.71000000,0.96173000
1749242356,104315.72000000,0.58500000
1749242356,104315.97000000,0.12423000
1749242356,104316.73000000,0.34487000
1749242356,104317.03000000,0.19237000
1749242356,104317.17000000,0.00959000
1749242356,104317.80000000,0.00005000
1749242356,104317.81000000,0.00005000
1749242356,104317.82000000,0.65896000
1749242356,104318.70000000,0.00022000
1749242356,104318.71000000,0.19237000
1749242356,104319.76000000,0.00010000
1749242356,104319.86000000,0.00479000
1749242356,104320.00000000,0.00402000
1749242356,104320.12000000,0.96173000
1749242356,104320.33000000,0.07213000
1749242356,104320.54000000,0.60374000
1749242356,104320.57000000,0.00958000
1749242356,104320.85000000,0.01999000
1749242356,104320.92000000,0.00300000
1749242356,104321.03000000,0.00051000
1749242356,104321.25000000,0.00005000
1749242356,104321.28000000,0.34485000
1749242356,104321.73000000,0.00959000
1749242356,104321.77000000,0.00192000
1749242356,104322.13000000,0.28749000
1749242356,104322.25000000,0.19237000
1749242356,104322.39000000,0.00249000
1749242356,104322.40000000,0.34485000
1749242356,104322.41000000,1.04630000
1749242356,104322.69000000,0.28749000
1749242356,104322.88000000,0.00005000
1749242356,104322.90000000,0.00010000
1749242356,104323.43000000,0.00008000
1749242356,104323.77000000,0.28749000
1749242356,104323.86000000,0.04000000
1749242356,104323.99000000,0.19237000
1749242356,104324.39000000,0.96173000
1749242356,104324.47000000,0.00010000
1749242356,104324.55000000,0.02587000
1749242356,104324.56000000,0.00010000
1749242356,104324.69000000,0.00005000
1749242356,104325.35000000,0.34484000
1749242356,104325.58000000,0.00006000
1749242356,104325.59000000,0.04597000
1749242356,104325.61000000,0.02177000
1749242356,104325.72000000,0.28749000
1749242356,104326.38000000,0.47916000
1749242356,104326.43000000,0.47916000
1749242356,104326.53000000,0.02877000
1749242356,104327.06000000,0.04749000
1749242356,104327.08000000,0.01918000
1749242356,104327.18000000,0.00051000
1749242356,104327.52000000,0.00560000
1749242356,104327.53000000,0.19237000
1749242356,104327.88000000,0.96532000
1749242356,104327.96000000,0.00005000
1749242356,104328.14000000,0.00005000
1749242356,104328.17000000,0.07149000
1749242356,104328.57000000,0.96173000
1749242356,104328.61000000,0.00005000
1749242356,104329.10000000,0.00143000
1749242356,104329.16000000,0.01956000
1749242356,104329.18000000,1.00000000
1749242417,104305.28000000,5.04438000
1749242417,104305.29000000,0.22081000
1749242417,104305.32000000,0.00006000
1749242417,104305.33000000,0.00006000
1749242417,104305.34000000,0.00006000
1749242417,104305.35000000,0.00006000
1749242417,104305.36000000,0.00006000
1749242417,104305.37000000,0.00023000
1749242417,104305.38000000,0.00031000
1749242417,104305.39000000,0.00005000
1749242417,104305.82000000,0.00023000
1749242417,104305.98000000,0.00048000
1749242417,104306.04000000,0.00072000
1749242417,104306.09000000,0.00012000
1749242417,104306.10000000,0.04821000
1749242417,104307.19000000,0.00245000
1749242417,104307.36000000,0.00050000
1749242417,104307.74000000,0.00005000
1749242417,104308.19000000,0.01466000
1749242417,104308.27000000,0.00958000
1749242417,104309.42000000,0.01311000
1749242417,104309.43000000,0.02959000
1749242417,104309.83000000,0.00005000
1749242417,104309.92000000,0.00192000
1749242417,104310.73000000,0.00012000
1749242417,104310.74000000,0.31039000
1749242417,104310.75000000,0.96179000
1749242417,104310.93000000,0.00005000
1749242417,104310.94000000,0.07219000
1749242417,104311.52000000,0.00856000
1749242417,104311.53000000,0.01941000
1749242417,104311.71000000,0.00006000
1749242417,104311.72000000,0.19237000
1749242417,104313.27000000,0.65693000
1749242417,104313.49000000,0.19237000
1749242417,104314.35000000,0.02220000
1749242417,104314.37000000,0.00005000
1749242417,104314.41000000,0.09580000
1749242417,104314.50000000,0.00150000
1749242417,104314.65000000,0.00479000
1749242417,104314.74000000,0.05081000
1749242417,104314.83000000,0.31614000
1749242417,104315.68000000,0.47778000
1749242417,104315.69000000,0.96173000
1749242417,104315.72000000,0.58500000
1749242417,104315.97000000,0.12423000
1749242417,104316.39000000,0.00959000
1749242417,104317.01000000,0.00560000
1749242417,104317.03000000,0.19237000
1749242417,104317.17000000,0.00959000
1749242417,104317.75000000,0.01903000
1749242417,104317.80000000,0.00005000
1749242417,104317.81000000,0.00005000
1749242417,104317.82000000,0.65896000
1749242417,104318.70000000,0.00022000
1749242417,104318.71000000,0.19237000
1749242417,104318.89000000,0.34486000
1749242417,104319.76000000,0.00010000
1749242417,104319.86000000,0.00479000
1749242417,104320.12000000,0.96173000
1749242417,104320.14000000,0.07213000
1749242417,104320.54000000,0.60374000
1749242417,104320.57000000,0.00958000
1749242417,104320.93000000,0.00300000
1749242417,104321.03000000,0.00051000
1749242417,104321.25000000,0.00005000
1749242417,104321.84000000,0.01918000
1749242417,104322.13000000,0.28749000
1749242417,104322.23000000,0.02000000
1749242417,104322.25000000,0.19237000
1749242417,104322.30000000,0.06240000
1749242417,104322.35000000,0.00010000
1749242417,104322.39000000,0.00249000
1749242417,104322.41000000,1.04630000
1749242417,104322.69000000,0.28749000
1749242417,104322.88000000,0.00005000
1749242417,104322.90000000,0.00010000
1749242417,104323.23000000,0.14400000
1749242417,104323.24000000,0.14880000
1749242417,104323.25000000,0.13440000
1749242417,104323.26000000,0.13920000
1749242417,104323.43000000,0.00008000
1749242417,104323.46000000,0.02587000
1749242417,104323.77000000,0.28749000
1749242417,104323.86000000,0.04000000
1749242417,104323.99000000,0.19237000
1749242417,104324.39000000,0.96173000
1749242417,104324.43000000,0.34484000
1749242417,104324.47000000,0.00010000
1749242417,104324.56000000,0.00010000
1749242417,104324.69000000,0.00005000
1749242417,104325.58000000,0.00484000
1749242417,104325.59000000,0.04597000
1749242417,104325.72000000,0.28749000
1749242417,104326.14000000,0.16800000
1749242417,104326.38000000,0.47916000
1749242417,104326.43000000,0.47916000
1749242417,104327.06000000,0.04749000
1749242417,104327.18000000,0.00051000
1749242417,104327.35000000,0.16320000
1749242478,104364.29000000,0.69195000
1749242478,104364.30000000,0.00061000
1749242478,104364.31000000,0.00006000
1749242478,104364.87000000,0.00029000
1749242478,104364.92000000,0.00006000
1749242478,104364.93000000,0.00054000
1749242478,104364.96000000,0.00078000
1749242478,104365.25000000,0.00018000
1749242478,104365.26000000,0.05039000
1749242478,104368.00000000,0.00210000
1749242478,104368.27000000,0.00005000
1749242478,104368.54000000,0.00012000
1749242478,104368.55000000,0.28455000
1749242478,104368.56000000,0.00012000
1749242478,104368.57000000,0.00005000
1749242478,104368.64000000,0.00023000
1749242478,104369.46000000,0.00005000
1749242478,104369.51000000,0.00479000
1749242478,104369.58000000,0.02011000
1749242478,104369.70000000,0.04889000
1749242478,104369.84000000,0.00012000
1749242478,104369.85000000,0.44788000
1749242478,104370.13000000,0.00010000
1749242478,104370.57000000,0.00033000
1749242478,104370.83000000,0.00006000
1749242478,104370.94000000,0.01459000
1749242478,104371.03000000,0.00136000
1749242478,104371.50000000,0.00100000
1749242478,104371.85000000,0.00005000
1749242478,104372.00000000,0.00200000
1749242478,104372.10000000,0.04554000
1749242478,104372.78000000,0.96179000
1749242478,104372.90000000,0.00005000
1749242478,104373.00000000,0.00006000
1749242478,104373.38000000,0.00249000
1749242478,104373.53000000,0.00010000
1749242478,104373.68000000,0.00005000
1749242478,104373.90000000,0.00010000
1749242478,104374.61000000,0.05805000
1749242478,104374.72000000,0.92668000
1749242478,104374.73000000,0.38953000
1749242478,104374.89000000,0.00051000
1749242478,104375.43000000,0.00180000
1749242478,104375.62000000,0.00008000
1749242478,104375.67000000,0.00999000
1749242478,104375.68000000,0.00008000
1749242478,104375.76000000,0.14880000
1749242478,104375.82000000,0.00958000
1749242478,104376.00000000,0.00200000
1749242478,104376.21000000,0.00010000
1749242478,104376.35000000,0.00005000
1749242478,104377.03000000,0.96173000
1749242478,104378.57000000,0.38348000
1749242478,104378.72000000,0.60399000
1749242478,104378.76000000,0.00005000
1749242478,104379.37000000,0.00069000
1749242478,104379.49000000,0.06240000
1749242478,104379.78000000,0.00010000
1749242478,104379.79000000,0.00005000
1749242478,104379.94000000,0.00728000
1749242478,104380.00000000,0.02116000
1749242478,104380.34000000,0.00022000
1749242478,104380.35000000,0.00560000
1749242478,104380.42000000,0.14400000
1749242478,104380.44000000,0.13440000
1749242478,104380.51000000,1.21896000
1749242478,104380.82000000,0.28761000
1749242478,104381.18000000,0.00958000
1749242478,104381.20000000,0.00006000
1749242478,104381.23000000,0.00144000
1749242478,104381.34000000,0.96173000
1749242478,104381.69000000,0.00010000
1749242478,104381.72000000,0.58500000
1749242478,104382.00000000,0.00006000
1749242478,104382.16000000,0.28761000
1749242478,104382.69000000,0.28761000
1749242478,104382.78000000,0.47936000
1749242478,104382.83000000,0.28761000
1749242478,104383.24000000,0.00005000
1749242478,104383.41000000,0.00005000
1749242478,104383.59000000,0.60399000
1749242478,104383.84000000,0.00005000
1749242478,104383.98000000,0.06000000
1749242478,104384.00000000,0.00200000
1749242478,104384.31000000,0.00010000
1749242478,104384.46000000,0.47936000
1749242478,104384.48000000,1.37539000
1749242478,104384.86000000,0.01938000
1749242478,104385.17000000,0.38474000
1749242478,104385.32000000,0.00051000
1749242478,104385.49000000,0.12068000
1749242478,104385.53000000,0.96173000
1749242478,104385.56000000,0.15360000
1749242478,104386.00000000,0.31592000
1749242478,104386.13000000,0.00008000
1749242478,104386.41000000,0.00062000
1749242478,104386.57000000,0.13920000
1749242478,104386.62000000,0.14880000
1749242478,104386.68000000,0.00005000
1749242478,104386.69000000,0.60399000
1749242539,104431.03000000,1.45192000
1749242539,104431.04000000,0.00093000
1749242539,104431.18000000,0.00006000
1749242539,104431.19000000,0.00006000
1749242539,104431.28000000,0.00391000
1749242539,104431.35000000,0.00006000
1749242539,104431.36000000,0.00006000
1749242539,104431.39000000,0.00018000
1749242539,104431.40000000,0.04386000
1749242539,104431.68000000,0.00023000
1749242539,104431.72000000,0.00048000
1749242539,104431.74000000,0.00072000
1749242539,104432.00000000,0.00235000
1749242539,104432.47000000,0.00010000
1749242539,104432.73000000,0.00012000
1749242539,104432.99000000,0.00007000
1749242539,104433.12000000,0.00064000
1749242539,104433.15000000,0.00005000
1749242539,104433.31000000,0.00094000
1749242539,104433.33000000,0.00125000
1749242539,104434.24000000,0.00006000
1749242539,104434.63000000,0.00008000
1749242539,104435.48000000,0.00006000
1749242539,104435.65000000,0.00100000
1749242539,104435.95000000,0.00007000
1749242539,104436.00000000,0.00235000
1749242539,104436.54000000,0.00010000
1749242539,104436.60000000,0.00010000
1749242539,104437.08000000,0.00010000
1749242539,104437.31000000,0.00009000
1749242539,104437.47000000,0.00012000
1749242539,104437.48000000,0.03860000
1749242539,104437.50000000,0.00267000
1749242539,104437.67000000,0.00010000
1749242539,104437.94000000,0.00012000
1749242539,104437.95000000,0.02157000
1749242539,104438.03000000,0.00138000
1749242539,104438.09000000,0.00180000
1749242539,104438.30000000,0.00006000
1749242539,104438.36000000,0.00005000
1749242539,104438.46000000,0.01203000
1749242539,104438.87000000,0.00024000
1749242539,104439.02000000,0.00006000
1749242539,104439.13000000,0.00011000
1749242539,104439.22000000,0.00012000
1749242539,104439.23000000,0.05926000
1749242539,104439.36000000,0.00069000
1749242539,104439.48000000,0.00088000
1749242539,104440.00000000,0.02259000
1749242539,104440.13000000,0.00191000
1749242539,104440.31000000,0.00034000
1749242539,104441.00000000,0.00577000
1749242539,104441.17000000,0.00317000
1749242539,104441.28000000,0.00087000
1749242539,104441.47000000,0.00250000
1749242539,104441.58000000,0.00023000
1749242539,104441.75000000,0.00010000
1749242539,104441.78000000,0.19237000
1749242539,104441.81000000,0.00005000
1749242539,104441.82000000,0.19237000
1749242539,104441.86000000,0.00229000
1749242539,104441.87000000,0.00021000
1749242539,104442.33000000,0.00300000
