timestamp,price,volume,current_price
1749254535,2.32200000,2883.52000000,2.321
1749254535,2.32300000,2716.41000000,2.321
1749254535,2.32400000,1638.97000000,2.321
1749254535,2.32500000,2327.02000000,2.321
1749254535,2.32600000,3019.60000000,2.321
1749254535,2.32700000,3268.83000000,2.321
1749254535,2.32800000,2244.99000000,2.321
1749254535,2.32900000,2586.89000000,2.321
1749254535,2.33000000,1525.40000000,2.321
1749254535,2.33100000,1379.70000000,2.321
1749254535,2.33200000,2101.67000000,2.321
1749254535,2.33300000,743.20000000,2.321
1749254535,2.33400000,4121.60000000,2.321
1749254535,2.33500000,2514.43000000,2.321
1749254535,2.33600000,397.94000000,2.321
1749254535,2.33700000,1367.72000000,2.321
1749254535,2.33800000,126.94000000,2.321
1749254535,2.33900000,559.35000000,2.321
1749254535,2.34000000,1908.99000000,2.321
1749254535,2.34100000,802.86000000,2.321
1749254535,2.34200000,201.22000000,2.321
1749254535,2.34300000,16.64000000,2.321
1749254535,2.34400000,118.75000000,2.321
1749254535,2.34500000,940.59000000,2.321
1749254535,2.34600000,204.24000000,2.321
1749254535,2.34700000,861.34000000,2.321
1749254535,2.34800000,18.47000000,2.321
1749254535,2.34900000,1598.90000000,2.321
1749254535,2.35000000,7209.12000000,2.321
1749254535,2.35100000,4.34000000,2.321
1749254535,2.35200000,56.70000000,2.321
1749254535,2.35300000,1554.59000000,2.321
1749254535,2.35400000,7.72000000,2.321
1749254535,2.35500000,75.47000000,2.321
1749254535,2.35600000,265.41000000,2.321
1749254535,2.35700000,281.39000000,2.321
1749254535,2.35800000,3132.31000000,2.321
1749254535,2.35900000,100.38000000,2.321
1749254535,2.36000000,4357.66000000,2.321
1749254535,2.36100000,46.79000000,2.321
1749254535,2.36200000,133.40000000,2.321
1749254535,2.36300000,4.34000000,2.321
1749254535,2.36400000,22.66000000,2.321
1749254535,2.36500000,101.73000000,2.321
1749254535,2.36600000,45.07000000,2.321
1749254535,2.36700000,12.09000000,2.321
1749254535,2.36800000,843.83000000,2.321
1749254535,2.36900000,2006.42000000,2.321
1749254535,2.37000000,1113.56000000,2.321
1749254535,2.37100000,980.85000000,2.321
1749254535,2.37200000,24.19000000,2.321
1749254535,2.37300000,68.77000000,2.321
1749254535,2.37400000,14.21000000,2.321
1749254535,2.37500000,88.69000000,2.321
1749254535,2.37600000,85.36000000,2.321
1749254535,2.37700000,38.98000000,2.321
1749254535,2.37800000,46.87000000,2.321
1749254535,2.37900000,44.74000000,2.321
1749254535,2.38000000,149.69000000,2.321
1749254535,2.38100000,6.97000000,2.321
1749254535,2.38200000,19.29000000,2.321
1749254535,2.38300000,117.55000000,2.321
1749254535,2.38400000,19.97000000,2.321
1749254535,2.38500000,126.14000000,2.321
1749254535,2.38600000,4.33000000,2.321
1749254535,2.38700000,36.87000000,2.321
1749254535,2.38800000,658.45000000,2.321
1749254535,2.38900000,220.17000000,2.321
1749254535,2.39000000,741.76000000,2.321
1749254535,2.39100000,226.81000000,2.321
1749254535,2.39200000,23.42000000,2.321
1749254535,2.39300000,8.49000000,2.321
1749254535,2.39400000,67.44000000,2.321
1749254535,2.39500000,168.23000000,2.321
1749254535,2.39600000,6.41000000,2.321
1749254535,2.39700000,58.78000000,2.321
1749254535,2.39800000,24.98000000,2.321
1749254535,2.39900000,605.92000000,2.321
1749254535,2.40000000,2176.37000000,2.321
1749254535,2.40100000,104.42000000,2.321
1749254535,2.40200000,93.03000000,2.321
1749254535,2.40300000,81.75000000,2.321
1749254535,2.40400000,67.39000000,2.321
1749254535,2.40500000,97.50000000,2.321
1749254535,2.40600000,18.26000000,2.321
1749254535,2.40700000,108.82000000,2.321
1749254535,2.40800000,3.83000000,2.321
1749254535,2.40900000,43.41000000,2.321
1749254535,2.41000000,2382.67000000,2.321
1749254535,2.41100000,20.83000000,2.321
1749254535,2.41200000,6.61000000,2.321
1749254535,2.41300000,78.28000000,2.321
1749254535,2.41400000,63.02000000,2.321
1749254535,2.41500000,8.53000000,2.321
1749254535,2.41600000,8.40000000,2.321
1749254535,2.41700000,94.46000000,2.321
1749254535,2.41800000,35.05000000,2.321
1749254535,2.41900000,6589.53000000,2.321
1749254535,2.42000000,3503.64000000,2.321
1749254535,2.42100000,26.15000000,2.321
1749254841,2.32000000,221.32000000,2.32
1749254841,2.32100000,3539.92000000,2.32
1749254841,2.32200000,2752.01000000,2.32
1749254841,2.32300000,3074.20000000,2.32
1749254841,2.32400000,3088.22000000,2.32
1749254841,2.32500000,2414.95000000,2.32
1749254841,2.32600000,1682.65000000,2.32
1749254841,2.32700000,1529.04000000,2.32
1749254841,2.32800000,2946.72000000,2.32
1749254841,2.32900000,1093.84000000,2.32
1749254841,2.33000000,1392.91000000,2.32
1749254841,2.33100000,992.49000000,2.32
1749254841,2.33200000,1239.58000000,2.32
1749254841,2.33300000,4185.86000000,2.32
1749254841,2.33400000,2910.08000000,2.32
1749254841,2.33500000,1829.67000000,2.32
1749254841,2.33600000,397.94000000,2.32
1749254841,2.33700000,1717.89000000,2.32
1749254841,2.33800000,9.94000000,2.32
1749254841,2.33900000,17.58000000,2.32
1749254841,2.34000000,297.23000000,2.32
1749254841,2.34100000,879.19000000,2.32
1749254841,2.34200000,198.87000000,2.32
1749254841,2.34300000,16.64000000,2.32
1749254841,2.34400000,118.75000000,2.32
1749254841,2.34500000,940.59000000,2.32
1749254841,2.34600000,204.24000000,2.32
1749254841,2.34700000,12.13000000,2.32
1749254841,2.34800000,83.99000000,2.32
1749254841,2.34900000,3074.28000000,2.32
1749254841,2.35000000,11583.99000000,2.32
1749254841,2.35100000,4.34000000,2.32
1749254841,2.35200000,56.70000000,2.32
1749254841,2.35300000,54.59000000,2.32
1749254841,2.35400000,7.72000000,2.32
1749254841,2.35500000,75.47000000,2.32
1749254841,2.35600000,1135.34000000,2.32
1749254841,2.35700000,2281.39000000,2.32
1749254841,2.35800000,132.31000000,2.32
1749254841,2.35900000,30.68000000,2.32
1749254841,2.36000000,113.18000000,2.32
1749254841,2.36100000,46.79000000,2.32
1749254841,2.36200000,133.40000000,2.32
1749254841,2.36300000,4.34000000,2.32
1749254841,2.36400000,22.66000000,2.32
1749254841,2.36500000,101.73000000,2.32
1749254841,2.36600000,45.07000000,2.32
1749254841,2.36700000,12.09000000,2.32
1749254841,2.36800000,843.83000000,2.32
1749254841,2.36900000,2006.42000000,2.32
1749254841,2.37000000,1113.56000000,2.32
1749254841,2.37100000,980.85000000,2.32
1749254841,2.37200000,45.32000000,2.32
1749254841,2.37300000,68.77000000,2.32
1749254841,2.37400000,14.21000000,2.32
1749254841,2.37500000,88.69000000,2.32
1749254841,2.37600000,85.36000000,2.32
1749254841,2.37700000,38.98000000,2.32
1749254841,2.37800000,25.74000000,2.32
1749254841,2.37900000,44.74000000,2.32
1749254841,2.38000000,149.69000000,2.32
1749254841,2.38100000,6.97000000,2.32
1749254841,2.38200000,19.29000000,2.32
1749254841,2.38300000,117.55000000,2.32
1749254841,2.38400000,19.97000000,2.32
1749254841,2.38500000,126.14000000,2.32
1749254841,2.38600000,4.33000000,2.32
1749254841,2.38700000,36.87000000,2.32
1749254841,2.38800000,658.45000000,2.32
1749254841,2.38900000,220.17000000,2.32
1749254841,2.39000000,741.76000000,2.32
1749254841,2.39100000,226.81000000,2.32
1749254841,2.39200000,23.42000000,2.32
1749254841,2.39300000,21.01000000,2.32
1749254841,2.39400000,67.44000000,2.32
1749254841,2.39500000,168.23000000,2.32
1749254841,2.39600000,2.09000000,2.32
1749254841,2.39700000,54.47000000,2.32
1749254841,2.39800000,24.98000000,2.32
1749254841,2.39900000,605.92000000,2.32
1749254841,2.40000000,2176.37000000,2.32
1749254841,2.40100000,104.42000000,2.32
1749254841,2.40200000,93.03000000,2.32
1749254841,2.40300000,81.75000000,2.32
1749254841,2.40400000,67.39000000,2.32
1749254841,2.40500000,97.50000000,2.32
1749254841,2.40600000,18.26000000,2.32
1749254841,2.40700000,108.82000000,2.32
1749254841,2.40800000,3.83000000,2.32
1749254841,2.40900000,43.41000000,2.32
1749254841,2.41000000,2382.67000000,2.32
1749254841,2.41100000,20.83000000,2.32
1749254841,2.41200000,6.61000000,2.32
1749254841,2.41300000,78.28000000,2.32
1749254841,2.41400000,63.02000000,2.32
1749254841,2.41500000,8.53000000,2.32
1749254841,2.41600000,8.40000000,2.32
1749254841,2.41700000,94.46000000,2.32
1749254841,2.41800000,63.64000000,2.32
1749254841,2.41900000,6589.53000000,2.32
