timestamp,price,volume,current_price
1749258408,0.08390000,14281.00000000,0.0839
1749258408,0.08400000,194772.00000000,0.0839
1749258408,0.08410000,112088.00000000,0.0839
1749258408,0.08420000,49376.00000000,0.0839
1749258408,0.08430000,42786.00000000,0.0839
1749258408,0.08440000,47720.00000000,0.0839
1749258408,0.08450000,73513.00000000,0.0839
1749258408,0.08460000,43462.00000000,0.0839
1749258408,0.08470000,58025.00000000,0.0839
1749258408,0.08480000,103392.00000000,0.0839
1749258408,0.08490000,12552.00000000,0.0839
1749258408,0.08500000,36824.00000000,0.0839
1749258408,0.08510000,4073.00000000,0.0839
1749258408,0.08520000,4320.00000000,0.0839
1749258408,0.08530000,2450.00000000,0.0839
1749258408,0.08540000,18951.00000000,0.0839
1749258408,0.08550000,14843.00000000,0.0839
1749258408,0.08560000,13694.00000000,0.0839
1749258408,0.08570000,398.00000000,0.0839
1749258408,0.08580000,11700.00000000,0.0839
1749258408,0.08590000,160315.00000000,0.0839
1749258408,0.08600000,21131.00000000,0.0839
1749258408,0.08610000,334.00000000,0.0839
1749258408,0.08620000,1113.00000000,0.0839
1749258408,0.08630000,305.00000000,0.0839
1749258408,0.08640000,462.00000000,0.0839
1749258408,0.08650000,1717.00000000,0.0839
1749258408,0.08660000,3225.00000000,0.0839
1749258408,0.08670000,339.00000000,0.0839
1749258408,0.08680000,242.00000000,0.0839
1749258408,0.08690000,12147.00000000,0.0839
1749258408,0.08700000,3229.00000000,0.0839
1749258408,0.08710000,503.00000000,0.0839
1749258408,0.08720000,1553.00000000,0.0839
1749258408,0.08730000,8007.00000000,0.0839
1749258408,0.08740000,249.00000000,0.0839
1749258408,0.08750000,106913.00000000,0.0839
1749258408,0.08760000,563.00000000,0.0839
1749258408,0.08770000,125.00000000,0.0839
1749258408,0.08780000,661.00000000,0.0839
1749258408,0.08790000,125.00000000,0.0839
1749258408,0.08800000,74563.00000000,0.0839
1749258408,0.08810000,239.00000000,0.0839
1749258408,0.08820000,124.00000000,0.0839
1749258408,0.08830000,204.00000000,0.0839
1749258408,0.08840000,1499.00000000,0.0839
1749258408,0.08850000,21827.00000000,0.0839
1749258408,0.08860000,399.00000000,0.0839
1749258408,0.08870000,124.00000000,0.0839
1749258408,0.08880000,5947.00000000,0.0839
1749258408,0.08890000,123.00000000,0.0839
1749258408,0.08900000,43886.00000000,0.0839
1749258408,0.08910000,1263.00000000,0.0839
1749258408,0.08920000,1722.00000000,0.0839
1749258408,0.08930000,225.00000000,0.0839
1749258408,0.08940000,123.00000000,0.0839
1749258408,0.08950000,245.00000000,0.0839
1749258408,0.08960000,409.00000000,0.0839
1749258408,0.08970000,122.00000000,0.0839
1749258408,0.08980000,3122.00000000,0.0839
1749258408,0.08990000,2036.00000000,0.0839
1749258408,0.09000000,124546.00000000,0.0839
1749258408,0.09010000,122.00000000,0.0839
1749258408,0.09020000,1137.00000000,0.0839
1749258408,0.09030000,179.00000000,0.0839
1749258408,0.09040000,291.00000000,0.0839
1749258408,0.09050000,14962.00000000,0.0839
1749258408,0.09060000,457.00000000,0.0839
1749258408,0.09070000,121.00000000,0.0839
1749258408,0.09080000,2255.00000000,0.0839
1749258408,0.09090000,120.00000000,0.0839
1749258408,0.09100000,24597.00000000,0.0839
1749258408,0.09110000,214.00000000,0.0839
1749258408,0.09120000,1599.00000000,0.0839
1749258408,0.09130000,2335.00000000,0.0839
1749258408,0.09140000,389.00000000,0.0839
1749258408,0.09150000,293.00000000,0.0839
1749258408,0.09160000,1334.00000000,0.0839
1749258408,0.09190000,55.00000000,0.0839
1749258408,0.09200000,42274.00000000,0.0839
1749258408,0.09210000,2692.00000000,0.0839
1749258408,0.09220000,2670.00000000,0.0839
1749258408,0.09230000,2369.00000000,0.0839
1749258408,0.09240000,1016.00000000,0.0839
1749258408,0.09250000,2672.00000000,0.0839
1749258408,0.09260000,1082.00000000,0.0839
1749258408,0.09270000,117.00000000,0.0839
1749258408,0.09280000,70.00000000,0.0839
1749258408,0.09290000,38641.00000000,0.0839
1749258408,0.09300000,12197.00000000,0.0839
1749258408,0.09310000,102.00000000,0.0839
1749258408,0.09330000,293.00000000,0.0839
1749258408,0.09350000,1079.00000000,0.0839
1749258408,0.09360000,667.00000000,0.0839
1749258408,0.09370000,2328.00000000,0.0839
1749258408,0.09380000,159.00000000,0.0839
1749258408,0.09390000,2369.00000000,0.0839
1749258408,0.09400000,18894.00000000,0.0839
1749258408,0.09410000,490.00000000,0.0839
1749258408,0.09420000,170.00000000,0.0839
1749258744,0.08340000,48314.00000000,0.0834
1749258744,0.08350000,70136.00000000,0.0834
1749258744,0.08360000,130235.00000000,0.0834
1749258744,0.08370000,51391.00000000,0.0834
1749258744,0.08380000,27370.00000000,0.0834
1749258744,0.08390000,36093.00000000,0.0834
1749258744,0.08400000,52467.00000000,0.0834
1749258744,0.08410000,83956.00000000,0.0834
1749258744,0.08420000,123990.00000000,0.0834
1749258744,0.08430000,49857.00000000,0.0834
1749258744,0.08440000,62063.00000000,0.0834
1749258744,0.08450000,17717.00000000,0.0834
1749258744,0.08460000,18468.00000000,0.0834
1749258744,0.08470000,17914.00000000,0.0834
1749258744,0.08480000,16107.00000000,0.0834
1749258744,0.08490000,17965.00000000,0.0834
1749258744,0.08500000,45158.00000000,0.0834
1749258744,0.08510000,162039.00000000,0.0834
1749258744,0.08520000,2678.00000000,0.0834
1749258744,0.08530000,2266.00000000,0.0834
1749258744,0.08540000,11657.00000000,0.0834
1749258744,0.08550000,14843.00000000,0.0834
1749258744,0.08560000,13694.00000000,0.0834
1749258744,0.08570000,398.00000000,0.0834
1749258744,0.08580000,290.00000000,0.0834
1749258744,0.08590000,2670.00000000,0.0834
1749258744,0.08600000,20073.00000000,0.0834
1749258744,0.08610000,334.00000000,0.0834
1749258744,0.08620000,1113.00000000,0.0834
1749258744,0.08630000,305.00000000,0.0834
1749258744,0.08640000,462.00000000,0.0834
1749258744,0.08650000,1717.00000000,0.0834
1749258744,0.08660000,3225.00000000,0.0834
1749258744,0.08670000,339.00000000,0.0834
1749258744,0.08680000,126.00000000,0.0834
1749258744,0.08690000,12031.00000000,0.0834
1749258744,0.08700000,3229.00000000,0.0834
1749258744,0.08710000,503.00000000,0.0834
1749258744,0.08720000,1553.00000000,0.0834
1749258744,0.08730000,2908.00000000,0.0834
1749258744,0.08740000,104314.00000000,0.0834
1749258744,0.08750000,2757.00000000,0.0834
1749258744,0.08760000,355.00000000,0.0834
1749258744,0.08770000,239.00000000,0.0834
1749258744,0.08780000,1099.00000000,0.0834
1749258744,0.08790000,125.00000000,0.0834
1749258744,0.08800000,74563.00000000,0.0834
1749258744,0.08810000,353.00000000,0.0834
1749258744,0.08820000,124.00000000,0.0834
1749258744,0.08830000,204.00000000,0.0834
1749258744,0.08840000,1499.00000000,0.0834
1749258744,0.08850000,21827.00000000,0.0834
1749258744,0.08860000,399.00000000,0.0834
1749258744,0.08870000,124.00000000,0.0834
1749258744,0.08880000,5947.00000000,0.0834
1749258744,0.08890000,123.00000000,0.0834
1749258744,0.08900000,43886.00000000,0.0834
1749258744,0.08910000,1263.00000000,0.0834
1749258744,0.08920000,1722.00000000,0.0834
1749258744,0.08930000,225.00000000,0.0834
1749258744,0.08940000,123.00000000,0.0834
1749258744,0.08950000,245.00000000,0.0834
1749258744,0.08960000,409.00000000,0.0834
1749258744,0.08970000,122.00000000,0.0834
1749258744,0.08980000,3122.00000000,0.0834
1749258744,0.08990000,7135.00000000,0.0834
1749258744,0.09000000,124546.00000000,0.0834
1749258744,0.09010000,122.00000000,0.0834
1749258744,0.09020000,1137.00000000,0.0834
1749258744,0.09030000,179.00000000,0.0834
1749258744,0.09040000,291.00000000,0.0834
1749258744,0.09050000,14962.00000000,0.0834
1749258744,0.09060000,457.00000000,0.0834
1749258744,0.09070000,121.00000000,0.0834
1749258744,0.09080000,2134.00000000,0.0834
1749258744,0.09100000,24477.00000000,0.0834
1749258744,0.09110000,94.00000000,0.0834
1749258744,0.09120000,1479.00000000,0.0834
1749258744,0.09130000,2335.00000000,0.0834
1749258744,0.09140000,389.00000000,0.0834
1749258744,0.09150000,293.00000000,0.0834
1749258744,0.09160000,1334.00000000,0.0834
1749258744,0.09190000,55.00000000,0.0834
1749258744,0.09200000,42680.00000000,0.0834
1749258744,0.09210000,2692.00000000,0.0834
1749258744,0.09220000,2670.00000000,0.0834
1749258744,0.09230000,2369.00000000,0.0834
1749258744,0.09240000,1016.00000000,0.0834
1749258744,0.09250000,2672.00000000,0.0834
1749258744,0.09260000,1082.00000000,0.0834
1749258744,0.09270000,117.00000000,0.0834
1749258744,0.09280000,70.00000000,0.0834
1749258744,0.09290000,38641.00000000,0.0834
1749258744,0.09300000,12197.00000000,0.0834
1749258744,0.09310000,102.00000000,0.0834
1749258744,0.09330000,293.00000000,0.0834
1749258744,0.09350000,1079.00000000,0.0834
1749258744,0.09360000,667.00000000,0.0834
1749258744,0.09370000,2328.00000000,0.0834
1749258744,0.09380000,159.00000000,0.0834
1749259045,0.08340000,29117.00000000,0.0834
1749259045,0.08350000,81990.00000000,0.0834
1749259045,0.08360000,98634.00000000,0.0834
1749259045,0.08370000,62148.00000000,0.0834
1749259045,0.08380000,37830.00000000,0.0834
1749259045,0.08390000,23422.00000000,0.0834
1749259045,0.08400000,106478.00000000,0.0834
1749259045,0.08410000,28466.00000000,0.0834
1749259045,0.08420000,70228.00000000,0.0834
1749259045,0.08430000,109905.00000000,0.0834
1749259045,0.08440000,55823.00000000,0.0834
1749259045,0.08450000,23708.00000000,0.0834
1749259045,0.08460000,18468.00000000,0.0834
1749259045,0.08470000,17914.00000000,0.0834
1749259045,0.08480000,16107.00000000,0.0834
1749259045,0.08490000,17965.00000000,0.0834
1749259045,0.08500000,45158.00000000,0.0834
1749259045,0.08510000,4659.00000000,0.0834
1749259045,0.08520000,160058.00000000,0.0834
1749259045,0.08530000,2266.00000000,0.0834
1749259045,0.08540000,11657.00000000,0.0834
1749259045,0.08550000,14843.00000000,0.0834
1749259045,0.08560000,13694.00000000,0.0834
1749259045,0.08570000,1929.00000000,0.0834
1749259045,0.08580000,290.00000000,0.0834
1749259045,0.08590000,2670.00000000,0.0834
1749259045,0.08600000,20073.00000000,0.0834
1749259045,0.08610000,334.00000000,0.0834
1749259045,0.08620000,1113.00000000,0.0834
1749259045,0.08630000,305.00000000,0.0834
1749259045,0.08640000,462.00000000,0.0834
1749259045,0.08650000,1717.00000000,0.0834
1749259045,0.08660000,3225.00000000,0.0834
1749259045,0.08670000,339.00000000,0.0834
1749259045,0.08680000,126.00000000,0.0834
1749259045,0.08690000,12031.00000000,0.0834
1749259045,0.08700000,3229.00000000,0.0834
1749259045,0.08710000,2322.00000000,0.0834
1749259045,0.08720000,105899.00000000,0.0834
1749259045,0.08730000,6188.00000000,0.0834
1749259045,0.08740000,249.00000000,0.0834
1749259045,0.08750000,2642.00000000,0.0834
1749259045,0.08760000,470.00000000,0.0834
1749259045,0.08770000,239.00000000,0.0834
1749259045,0.08780000,1099.00000000,0.0834
1749259045,0.08790000,125.00000000,0.0834
1749259045,0.08800000,74563.00000000,0.0834
1749259045,0.08810000,353.00000000,0.0834
1749259045,0.08820000,124.00000000,0.0834
1749259045,0.08830000,204.00000000,0.0834
1749259045,0.08840000,1499.00000000,0.0834
1749259045,0.08850000,21827.00000000,0.0834
1749259045,0.08860000,399.00000000,0.0834
1749259045,0.08870000,124.00000000,0.0834
1749259045,0.08880000,5947.00000000,0.0834
1749259045,0.08890000,123.00000000,0.0834
1749259045,0.08900000,43886.00000000,0.0834
1749259045,0.08910000,1263.00000000,0.0834
1749259045,0.08920000,1722.00000000,0.0834
1749259045,0.08930000,225.00000000,0.0834
1749259045,0.08940000,123.00000000,0.0834
1749259045,0.08950000,245.00000000,0.0834
1749259045,0.08960000,409.00000000,0.0834
1749259045,0.08970000,122.00000000,0.0834
1749259045,0.08980000,3122.00000000,0.0834
1749259045,0.08990000,2036.00000000,0.0834
1749259045,0.09000000,124546.00000000,0.0834
1749259045,0.09010000,122.00000000,0.0834
1749259045,0.09020000,1137.00000000,0.0834
1749259045,0.09030000,179.00000000,0.0834
1749259045,0.09040000,291.00000000,0.0834
1749259045,0.09050000,14962.00000000,0.0834
1749259045,0.09060000,457.00000000,0.0834
1749259045,0.09070000,121.00000000,0.0834
1749259045,0.09080000,2134.00000000,0.0834
1749259045,0.09100000,24477.00000000,0.0834
1749259045,0.09110000,94.00000000,0.0834
1749259045,0.09120000,1479.00000000,0.0834
1749259045,0.09130000,2335.00000000,0.0834
1749259045,0.09140000,389.00000000,0.0834
1749259045,0.09150000,293.00000000,0.0834
1749259045,0.09160000,1334.00000000,0.0834
1749259045,0.09190000,55.00000000,0.0834
1749259045,0.09200000,42680.00000000,0.0834
1749259045,0.09210000,2692.00000000,0.0834
1749259045,0.09220000,2670.00000000,0.0834
1749259045,0.09230000,2369.00000000,0.0834
1749259045,0.09240000,1016.00000000,0.0834
1749259045,0.09250000,2672.00000000,0.0834
1749259045,0.09260000,1082.00000000,0.0834
1749259045,0.09270000,117.00000000,0.0834
1749259045,0.09280000,70.00000000,0.0834
1749259045,0.09290000,38641.00000000,0.0834
1749259045,0.09300000,12197.00000000,0.0834
1749259045,0.09310000,102.00000000,0.0834
1749259045,0.09330000,293.00000000,0.0834
1749259045,0.09350000,1079.00000000,0.0834
1749259045,0.09360000,667.00000000,0.0834
1749259045,0.09370000,2328.00000000,0.0834
1749259045,0.09380000,159.00000000,0.0834
