timestamp,price,volume,current_price
1749260791,0.08250000,64608.00000000,0.0824
1749260791,0.08260000,469596.00000000,0.0824
1749260791,0.08270000,250947.00000000,0.0824
1749260791,0.08280000,115184.00000000,0.0824
1749260791,0.08290000,32554.00000000,0.0824
1749260791,0.08300000,52758.00000000,0.0824
1749260791,0.08310000,47465.00000000,0.0824
1749260791,0.08320000,69873.00000000,0.0824
1749260791,0.08330000,48913.00000000,0.0824
1749260791,0.08340000,110739.00000000,0.0824
1749260791,0.08350000,35511.00000000,0.0824
1749260791,0.08360000,18437.00000000,0.0824
1749260791,0.08370000,12336.00000000,0.0824
1749260791,0.08380000,15491.00000000,0.0824
1749260791,0.08390000,33872.00000000,0.0824
1749260791,0.08400000,43611.00000000,0.0824
1749260791,0.08410000,18931.00000000,0.0824
1749260791,0.08420000,20126.00000000,0.0824
1749260791,0.08430000,175622.00000000,0.0824
1749260791,0.08440000,28588.00000000,0.0824
1749260791,0.08450000,15971.00000000,0.0824
1749260791,0.08460000,18378.00000000,0.0824
1749260791,0.08470000,18158.00000000,0.0824
1749260791,0.08480000,16017.00000000,0.0824
1749260791,0.08490000,17875.00000000,0.0824
1749260791,0.08500000,41741.00000000,0.0824
1749260791,0.08510000,3486.00000000,0.0824
1749260791,0.08520000,2678.00000000,0.0824
1749260791,0.08530000,2266.00000000,0.0824
1749260791,0.08540000,217.00000000,0.0824
1749260791,0.08550000,14843.00000000,0.0824
1749260791,0.08560000,13694.00000000,0.0824
1749260791,0.08570000,1929.00000000,0.0824
1749260791,0.08580000,290.00000000,0.0824
1749260791,0.08590000,2336.00000000,0.0824
1749260791,0.08600000,20073.00000000,0.0824
1749260791,0.08610000,1265.00000000,0.0824
1749260791,0.08620000,106613.00000000,0.0824
1749260791,0.08630000,305.00000000,0.0824
1749260791,0.08640000,694.00000000,0.0824
1749260791,0.08650000,2446.00000000,0.0824
1749260791,0.08660000,3341.00000000,0.0824
1749260791,0.08670000,1761.00000000,0.0824
1749260791,0.08680000,6102.00000000,0.0824
1749260791,0.08690000,12031.00000000,0.0824
1749260791,0.08700000,3229.00000000,0.0824
1749260791,0.08710000,503.00000000,0.0824
1749260791,0.08720000,1553.00000000,0.0824
1749260791,0.08730000,488.00000000,0.0824
1749260791,0.08740000,249.00000000,0.0824
1749260791,0.08750000,3080.00000000,0.0824
1749260791,0.08760000,518.00000000,0.0824
1749260791,0.08770000,125.00000000,0.0824
1749260791,0.08780000,661.00000000,0.0824
1749260791,0.08790000,125.00000000,0.0824
1749260791,0.08800000,74563.00000000,0.0824
1749260791,0.08810000,125.00000000,0.0824
1749260791,0.08820000,124.00000000,0.0824
1749260791,0.08830000,204.00000000,0.0824
1749260791,0.08840000,1499.00000000,0.0824
1749260791,0.08850000,21827.00000000,0.0824
1749260791,0.08860000,399.00000000,0.0824
1749260791,0.08870000,124.00000000,0.0824
1749260791,0.08880000,5947.00000000,0.0824
1749260791,0.08890000,123.00000000,0.0824
1749260791,0.08900000,43886.00000000,0.0824
1749260791,0.08910000,1263.00000000,0.0824
1749260791,0.08920000,1722.00000000,0.0824
1749260791,0.08930000,225.00000000,0.0824
1749260791,0.08940000,123.00000000,0.0824
1749260791,0.08950000,245.00000000,0.0824
1749260791,0.08960000,409.00000000,0.0824
1749260791,0.08970000,122.00000000,0.0824
1749260791,0.08980000,3122.00000000,0.0824
1749260791,0.08990000,724.00000000,0.0824
1749260791,0.09000000,125942.00000000,0.0824
1749260791,0.09020000,1016.00000000,0.0824
1749260791,0.09030000,58.00000000,0.0824
1749260791,0.09040000,170.00000000,0.0824
1749260791,0.09050000,14841.00000000,0.0824
1749260791,0.09060000,336.00000000,0.0824
1749260791,0.09080000,2134.00000000,0.0824
1749260791,0.09100000,24477.00000000,0.0824
1749260791,0.09110000,94.00000000,0.0824
1749260791,0.09120000,1479.00000000,0.0824
1749260791,0.09130000,2335.00000000,0.0824
1749260791,0.09140000,389.00000000,0.0824
1749260791,0.09150000,293.00000000,0.0824
1749260791,0.09160000,1334.00000000,0.0824
1749260791,0.09190000,55.00000000,0.0824
1749260791,0.09200000,42680.00000000,0.0824
1749260791,0.09210000,2692.00000000,0.0824
1749260791,0.09220000,2670.00000000,0.0824
1749260791,0.09230000,2369.00000000,0.0824
1749260791,0.09240000,1016.00000000,0.0824
1749260791,0.09250000,2672.00000000,0.0824
1749260791,0.09260000,1082.00000000,0.0824
1749260791,0.09270000,117.00000000,0.0824
1749260791,0.09280000,70.00000000,0.0824
1749260791,0.09290000,38641.00000000,0.0824
1749261112,0.08250000,105324.00000000,0.0824
1749261112,0.08260000,523561.00000000,0.0824
1749261112,0.08270000,179349.00000000,0.0824
1749261112,0.08280000,98556.00000000,0.0824
1749261112,0.08290000,71974.00000000,0.0824
1749261112,0.08300000,67651.00000000,0.0824
1749261112,0.08310000,42257.00000000,0.0824
1749261112,0.08320000,40958.00000000,0.0824
1749261112,0.08330000,90136.00000000,0.0824
1749261112,0.08340000,38067.00000000,0.0824
1749261112,0.08350000,37027.00000000,0.0824
1749261112,0.08360000,104659.00000000,0.0824
1749261112,0.08370000,13290.00000000,0.0824
1749261112,0.08380000,28630.00000000,0.0824
1749261112,0.08390000,30726.00000000,0.0824
1749261112,0.08400000,45277.00000000,0.0824
1749261112,0.08410000,18931.00000000,0.0824
1749261112,0.08420000,18940.00000000,0.0824
1749261112,0.08430000,15946.00000000,0.0824
1749261112,0.08440000,17022.00000000,0.0824
1749261112,0.08450000,174682.00000000,0.0824
1749261112,0.08460000,19558.00000000,0.0824
1749261112,0.08470000,18158.00000000,0.0824
1749261112,0.08480000,19149.00000000,0.0824
1749261112,0.08490000,9568.00000000,0.0824
1749261112,0.08500000,33434.00000000,0.0824
1749261112,0.08510000,3486.00000000,0.0824
1749261112,0.08520000,2678.00000000,0.0824
1749261112,0.08530000,2266.00000000,0.0824
1749261112,0.08540000,217.00000000,0.0824
1749261112,0.08550000,14843.00000000,0.0824
1749261112,0.08560000,13694.00000000,0.0824
1749261112,0.08570000,1929.00000000,0.0824
1749261112,0.08580000,290.00000000,0.0824
1749261112,0.08590000,2336.00000000,0.0824
1749261112,0.08600000,20073.00000000,0.0824
1749261112,0.08610000,1456.00000000,0.0824
1749261112,0.08620000,1113.00000000,0.0824
1749261112,0.08630000,305.00000000,0.0824
1749261112,0.08640000,694.00000000,0.0824
1749261112,0.08650000,2446.00000000,0.0824
1749261112,0.08660000,6482.00000000,0.0824
1749261112,0.08670000,105480.00000000,0.0824
1749261112,0.08680000,812.00000000,0.0824
1749261112,0.08690000,12031.00000000,0.0824
1749261112,0.08700000,3229.00000000,0.0824
1749261112,0.08710000,503.00000000,0.0824
1749261112,0.08720000,1553.00000000,0.0824
1749261112,0.08730000,488.00000000,0.0824
1749261112,0.08740000,249.00000000,0.0824
1749261112,0.08750000,3080.00000000,0.0824
1749261112,0.08760000,518.00000000,0.0824
1749261112,0.08770000,125.00000000,0.0824
1749261112,0.08780000,661.00000000,0.0824
1749261112,0.08790000,125.00000000,0.0824
1749261112,0.08800000,74179.00000000,0.0824
1749261112,0.08810000,125.00000000,0.0824
1749261112,0.08820000,124.00000000,0.0824
1749261112,0.08830000,204.00000000,0.0824
1749261112,0.08840000,1499.00000000,0.0824
1749261112,0.08850000,21827.00000000,0.0824
1749261112,0.08860000,399.00000000,0.0824
1749261112,0.08870000,124.00000000,0.0824
1749261112,0.08880000,5947.00000000,0.0824
1749261112,0.08890000,123.00000000,0.0824
1749261112,0.08900000,43886.00000000,0.0824
1749261112,0.08910000,1263.00000000,0.0824
1749261112,0.08920000,1722.00000000,0.0824
1749261112,0.08930000,225.00000000,0.0824
1749261112,0.08940000,123.00000000,0.0824
1749261112,0.08950000,245.00000000,0.0824
1749261112,0.08960000,409.00000000,0.0824
1749261112,0.08970000,122.00000000,0.0824
1749261112,0.08980000,3122.00000000,0.0824
1749261112,0.08990000,3872.00000000,0.0824
1749261112,0.09000000,126544.00000000,0.0824
1749261112,0.09020000,1016.00000000,0.0824
1749261112,0.09030000,58.00000000,0.0824
1749261112,0.09040000,170.00000000,0.0824
1749261112,0.09050000,14841.00000000,0.0824
1749261112,0.09060000,336.00000000,0.0824
1749261112,0.09080000,2134.00000000,0.0824
1749261112,0.09100000,24477.00000000,0.0824
1749261112,0.09110000,94.00000000,0.0824
1749261112,0.09120000,1479.00000000,0.0824
1749261112,0.09130000,2335.00000000,0.0824
1749261112,0.09140000,389.00000000,0.0824
1749261112,0.09150000,293.00000000,0.0824
1749261112,0.09160000,1334.00000000,0.0824
1749261112,0.09190000,55.00000000,0.0824
1749261112,0.09200000,42680.00000000,0.0824
1749261112,0.09210000,2692.00000000,0.0824
1749261112,0.09220000,2670.00000000,0.0824
1749261112,0.09230000,2369.00000000,0.0824
1749261112,0.09240000,1016.00000000,0.0824
1749261112,0.09250000,2672.00000000,0.0824
1749261112,0.09260000,1082.00000000,0.0824
1749261112,0.09270000,117.00000000,0.0824
1749261112,0.09280000,70.00000000,0.0824
1749261112,0.09290000,38641.00000000,0.0824
1749261430,0.08230000,22950.00000000,0.0823
1749261430,0.08240000,318726.00000000,0.0823
1749261430,0.08250000,271146.00000000,0.0823
1749261430,0.08260000,145040.00000000,0.0823
1749261430,0.08270000,43870.00000000,0.0823
1749261430,0.08280000,26363.00000000,0.0823
1749261430,0.08290000,34412.00000000,0.0823
1749261430,0.08300000,49010.00000000,0.0823
1749261430,0.08310000,90670.00000000,0.0823
1749261430,0.08320000,28954.00000000,0.0823
1749261430,0.08330000,122185.00000000,0.0823
1749261430,0.08340000,16199.00000000,0.0823
1749261430,0.08350000,32478.00000000,0.0823
1749261430,0.08360000,31524.00000000,0.0823
1749261430,0.08370000,12336.00000000,0.0823
1749261430,0.08380000,15825.00000000,0.0823
1749261430,0.08390000,17044.00000000,0.0823
1749261430,0.08400000,43611.00000000,0.0823
1749261430,0.08410000,178607.00000000,0.0823
1749261430,0.08420000,20126.00000000,0.0823
1749261430,0.08430000,15946.00000000,0.0823
1749261430,0.08440000,28288.00000000,0.0823
1749261430,0.08450000,7664.00000000,0.0823
1749261430,0.08460000,10071.00000000,0.0823
1749261430,0.08470000,9517.00000000,0.0823
1749261430,0.08480000,7710.00000000,0.0823
1749261430,0.08490000,9568.00000000,0.0823
1749261430,0.08500000,33434.00000000,0.0823
1749261430,0.08510000,3486.00000000,0.0823
1749261430,0.08520000,2678.00000000,0.0823
1749261430,0.08530000,2266.00000000,0.0823
1749261430,0.08540000,217.00000000,0.0823
1749261430,0.08550000,14843.00000000,0.0823
1749261430,0.08560000,13694.00000000,0.0823
1749261430,0.08570000,1929.00000000,0.0823
1749261430,0.08580000,290.00000000,0.0823
1749261430,0.08590000,2336.00000000,0.0823
1749261430,0.08600000,20073.00000000,0.0823
1749261430,0.08610000,107094.00000000,0.0823
1749261430,0.08620000,1113.00000000,0.0823
1749261430,0.08630000,305.00000000,0.0823
1749261430,0.08640000,810.00000000,0.0823
1749261430,0.08650000,2446.00000000,0.0823
1749261430,0.08660000,6598.00000000,0.0823
1749261430,0.08670000,339.00000000,0.0823
1749261430,0.08680000,126.00000000,0.0823
1749261430,0.08690000,12031.00000000,0.0823
1749261430,0.08700000,3229.00000000,0.0823
1749261430,0.08710000,503.00000000,0.0823
1749261430,0.08720000,1553.00000000,0.0823
1749261430,0.08730000,488.00000000,0.0823
1749261430,0.08740000,249.00000000,0.0823
1749261430,0.08750000,3080.00000000,0.0823
1749261430,0.08760000,518.00000000,0.0823
1749261430,0.08770000,125.00000000,0.0823
1749261430,0.08780000,661.00000000,0.0823
1749261430,0.08790000,125.00000000,0.0823
1749261430,0.08800000,74179.00000000,0.0823
1749261430,0.08810000,125.00000000,0.0823
1749261430,0.08820000,124.00000000,0.0823
1749261430,0.08830000,204.00000000,0.0823
1749261430,0.08840000,1499.00000000,0.0823
1749261430,0.08850000,21827.00000000,0.0823
1749261430,0.08860000,399.00000000,0.0823
1749261430,0.08870000,124.00000000,0.0823
1749261430,0.08880000,5947.00000000,0.0823
1749261430,0.08890000,123.00000000,0.0823
1749261430,0.08900000,43886.00000000,0.0823
1749261430,0.08910000,1263.00000000,0.0823
1749261430,0.08920000,1722.00000000,0.0823
1749261430,0.08930000,225.00000000,0.0823
1749261430,0.08940000,123.00000000,0.0823
1749261430,0.08950000,245.00000000,0.0823
1749261430,0.08960000,409.00000000,0.0823
1749261430,0.08980000,3000.00000000,0.0823
1749261430,0.08990000,4558.00000000,0.0823
1749261430,0.09000000,126544.00000000,0.0823
1749261430,0.09020000,1016.00000000,0.0823
1749261430,0.09030000,58.00000000,0.0823
1749261430,0.09040000,170.00000000,0.0823
1749261430,0.09050000,14841.00000000,0.0823
1749261430,0.09060000,336.00000000,0.0823
1749261430,0.09080000,2134.00000000,0.0823
1749261430,0.09100000,24477.00000000,0.0823
1749261430,0.09110000,94.00000000,0.0823
1749261430,0.09120000,1479.00000000,0.0823
1749261430,0.09130000,2335.00000000,0.0823
1749261430,0.09140000,389.00000000,0.0823
1749261430,0.09150000,293.00000000,0.0823
1749261430,0.09160000,1334.00000000,0.0823
1749261430,0.09190000,55.00000000,0.0823
1749261430,0.09200000,42274.00000000,0.0823
1749261430,0.09210000,2692.00000000,0.0823
1749261430,0.09220000,2670.00000000,0.0823
1749261430,0.09230000,2369.00000000,0.0823
1749261430,0.09240000,1016.00000000,0.0823
1749261430,0.09250000,2672.00000000,0.0823
1749261430,0.09260000,1082.00000000,0.0823
1749261430,0.09270000,117.00000000,0.0823
1749261430,0.09280000,70.00000000,0.0823
1749261741,0.08230000,19863.00000000,0.0823
1749261741,0.08240000,338720.00000000,0.0823
1749261741,0.08250000,352452.00000000,0.0823
1749261741,0.08260000,164692.00000000,0.0823
1749261741,0.08270000,45229.00000000,0.0823
1749261741,0.08280000,56782.00000000,0.0823
1749261741,0.08290000,29641.00000000,0.0823
1749261741,0.08300000,71409.00000000,0.0823
1749261741,0.08310000,37284.00000000,0.0823
1749261741,0.08320000,110008.00000000,0.0823
1749261741,0.08330000,41230.00000000,0.0823
1749261741,0.08340000,16199.00000000,0.0823
1749261741,0.08350000,32478.00000000,0.0823
1749261741,0.08360000,31524.00000000,0.0823
1749261741,0.08370000,12336.00000000,0.0823
1749261741,0.08380000,15825.00000000,0.0823
1749261741,0.08390000,17044.00000000,0.0823
1749261741,0.08400000,43611.00000000,0.0823
1749261741,0.08410000,18931.00000000,0.0823
1749261741,0.08420000,179414.00000000,0.0823
1749261741,0.08430000,15946.00000000,0.0823
1749261741,0.08440000,28288.00000000,0.0823
1749261741,0.08450000,15971.00000000,0.0823
1749261741,0.08460000,18378.00000000,0.0823
1749261741,0.08470000,9517.00000000,0.0823
1749261741,0.08480000,7710.00000000,0.0823
1749261741,0.08490000,9568.00000000,0.0823
1749261741,0.08500000,33434.00000000,0.0823
1749261741,0.08510000,3486.00000000,0.0823
1749261741,0.08520000,2678.00000000,0.0823
1749261741,0.08530000,2266.00000000,0.0823
1749261741,0.08540000,217.00000000,0.0823
1749261741,0.08550000,14843.00000000,0.0823
1749261741,0.08560000,13694.00000000,0.0823
1749261741,0.08570000,1929.00000000,0.0823
1749261741,0.08580000,290.00000000,0.0823
1749261741,0.08590000,2336.00000000,0.0823
1749261741,0.08600000,20073.00000000,0.0823
1749261741,0.08610000,451.00000000,0.0823
1749261741,0.08620000,1113.00000000,0.0823
1749261741,0.08630000,105817.00000000,0.0823
1749261741,0.08640000,694.00000000,0.0823
1749261741,0.08650000,2446.00000000,0.0823
1749261741,0.08660000,5784.00000000,0.0823
1749261741,0.08670000,339.00000000,0.0823
1749261741,0.08680000,126.00000000,0.0823
1749261741,0.08690000,12031.00000000,0.0823
1749261741,0.08700000,3229.00000000,0.0823
1749261741,0.08710000,503.00000000,0.0823
1749261741,0.08720000,1553.00000000,0.0823
1749261741,0.08730000,488.00000000,0.0823
1749261741,0.08740000,249.00000000,0.0823
1749261741,0.08750000,2642.00000000,0.0823
1749261741,0.08760000,518.00000000,0.0823
1749261741,0.08770000,563.00000000,0.0823
1749261741,0.08780000,661.00000000,0.0823
1749261741,0.08790000,125.00000000,0.0823
1749261741,0.08800000,74179.00000000,0.0823
1749261741,0.08810000,125.00000000,0.0823
1749261741,0.08820000,124.00000000,0.0823
1749261741,0.08830000,204.00000000,0.0823
1749261741,0.08840000,1499.00000000,0.0823
1749261741,0.08850000,21827.00000000,0.0823
1749261741,0.08860000,399.00000000,0.0823
1749261741,0.08870000,124.00000000,0.0823
1749261741,0.08880000,5947.00000000,0.0823
1749261741,0.08890000,123.00000000,0.0823
1749261741,0.08900000,43886.00000000,0.0823
1749261741,0.08910000,1263.00000000,0.0823
1749261741,0.08920000,1722.00000000,0.0823
1749261741,0.08930000,225.00000000,0.0823
1749261741,0.08940000,123.00000000,0.0823
1749261741,0.08950000,245.00000000,0.0823
1749261741,0.08960000,409.00000000,0.0823
1749261741,0.08980000,3000.00000000,0.0823
1749261741,0.08990000,6377.00000000,0.0823
1749261741,0.09000000,126544.00000000,0.0823
1749261741,0.09020000,1016.00000000,0.0823
1749261741,0.09030000,58.00000000,0.0823
1749261741,0.09040000,170.00000000,0.0823
1749261741,0.09050000,14841.00000000,0.0823
1749261741,0.09060000,336.00000000,0.0823
1749261741,0.09080000,2134.00000000,0.0823
1749261741,0.09100000,24477.00000000,0.0823
1749261741,0.09110000,94.00000000,0.0823
1749261741,0.09120000,1479.00000000,0.0823
1749261741,0.09130000,2335.00000000,0.0823
1749261741,0.09140000,389.00000000,0.0823
1749261741,0.09150000,293.00000000,0.0823
1749261741,0.09160000,1334.00000000,0.0823
1749261741,0.09190000,55.00000000,0.0823
1749261741,0.09200000,42274.00000000,0.0823
1749261741,0.09210000,2692.00000000,0.0823
1749261741,0.09220000,2670.00000000,0.0823
1749261741,0.09230000,2369.00000000,0.0823
1749261741,0.09240000,1016.00000000,0.0823
1749261741,0.09250000,2672.00000000,0.0823
1749261741,0.09260000,1082.00000000,0.0823
1749261741,0.09270000,117.00000000,0.0823
1749261741,0.09280000,70.00000000,0.0823
1749262048,0.08230000,29040.00000000,0.0822
1749262048,0.08240000,335524.00000000,0.0822
1749262048,0.08250000,318044.00000000,0.0822
1749262048,0.08260000,156173.00000000,0.0822
1749262048,0.08270000,52112.00000000,0.0822
1749262048,0.08280000,50306.00000000,0.0822
1749262048,0.08290000,78165.00000000,0.0822
1749262048,0.08300000,29370.00000000,0.0822
1749262048,0.08310000,37284.00000000,0.0822
1749262048,0.08320000,110008.00000000,0.0822
1749262048,0.08330000,27031.00000000,0.0822
1749262048,0.08340000,16199.00000000,0.0822
1749262048,0.08350000,32478.00000000,0.0822
1749262048,0.08360000,50258.00000000,0.0822
1749262048,0.08370000,12336.00000000,0.0822
1749262048,0.08380000,15825.00000000,0.0822
1749262048,0.08390000,17044.00000000,0.0822
1749262048,0.08400000,39185.00000000,0.0822
1749262048,0.08410000,18931.00000000,0.0822
1749262048,0.08420000,179414.00000000,0.0822
1749262048,0.08430000,15946.00000000,0.0822
1749262048,0.08440000,28288.00000000,0.0822
1749262048,0.08450000,15971.00000000,0.0822
1749262048,0.08460000,10071.00000000,0.0822
1749262048,0.08470000,9517.00000000,0.0822
1749262048,0.08480000,7710.00000000,0.0822
1749262048,0.08490000,9416.00000000,0.0822
1749262048,0.08500000,33434.00000000,0.0822
1749262048,0.08510000,3486.00000000,0.0822
1749262048,0.08520000,2678.00000000,0.0822
1749262048,0.08530000,2266.00000000,0.0822
1749262048,0.08540000,217.00000000,0.0822
1749262048,0.08550000,14843.00000000,0.0822
1749262048,0.08560000,13694.00000000,0.0822
1749262048,0.08570000,1929.00000000,0.0822
1749262048,0.08580000,290.00000000,0.0822
1749262048,0.08590000,2336.00000000,0.0822
1749262048,0.08600000,20073.00000000,0.0822
1749262048,0.08610000,334.00000000,0.0822
1749262048,0.08620000,1113.00000000,0.0822
1749262048,0.08630000,421.00000000,0.0822
1749262048,0.08640000,105942.00000000,0.0822
1749262048,0.08650000,1717.00000000,0.0822
1749262048,0.08660000,3573.00000000,0.0822
1749262048,0.08670000,339.00000000,0.0822
1749262048,0.08680000,126.00000000,0.0822
1749262048,0.08690000,12031.00000000,0.0822
1749262048,0.08700000,3229.00000000,0.0822
1749262048,0.08710000,503.00000000,0.0822
1749262048,0.08720000,1553.00000000,0.0822
1749262048,0.08730000,488.00000000,0.0822
1749262048,0.08740000,249.00000000,0.0822
1749262048,0.08750000,2642.00000000,0.0822
1749262048,0.08760000,518.00000000,0.0822
1749262048,0.08770000,563.00000000,0.0822
1749262048,0.08780000,661.00000000,0.0822
1749262048,0.08790000,125.00000000,0.0822
1749262048,0.08800000,74179.00000000,0.0822
1749262048,0.08810000,125.00000000,0.0822
1749262048,0.08820000,124.00000000,0.0822
1749262048,0.08830000,204.00000000,0.0822
1749262048,0.08840000,1499.00000000,0.0822
1749262048,0.08850000,21827.00000000,0.0822
1749262048,0.08860000,399.00000000,0.0822
1749262048,0.08870000,124.00000000,0.0822
1749262048,0.08880000,5947.00000000,0.0822
1749262048,0.08890000,123.00000000,0.0822
1749262048,0.08900000,43886.00000000,0.0822
1749262048,0.08910000,1263.00000000,0.0822
1749262048,0.08920000,1722.00000000,0.0822
1749262048,0.08930000,225.00000000,0.0822
1749262048,0.08940000,123.00000000,0.0822
1749262048,0.08950000,245.00000000,0.0822
1749262048,0.08960000,409.00000000,0.0822
1749262048,0.08980000,3000.00000000,0.0822
1749262048,0.08990000,9433.00000000,0.0822
1749262048,0.09000000,121525.00000000,0.0822
1749262048,0.09020000,1016.00000000,0.0822
1749262048,0.09030000,58.00000000,0.0822
1749262048,0.09040000,170.00000000,0.0822
1749262048,0.09050000,14841.00000000,0.0822
1749262048,0.09060000,336.00000000,0.0822
1749262048,0.09080000,2134.00000000,0.0822
1749262048,0.09100000,24477.00000000,0.0822
1749262048,0.09110000,94.00000000,0.0822
1749262048,0.09120000,1479.00000000,0.0822
1749262048,0.09130000,2335.00000000,0.0822
1749262048,0.09140000,389.00000000,0.0822
1749262048,0.09150000,1209.00000000,0.0822
1749262048,0.09160000,1334.00000000,0.0822
1749262048,0.09190000,55.00000000,0.0822
1749262048,0.09200000,42274.00000000,0.0822
1749262048,0.09210000,2692.00000000,0.0822
1749262048,0.09220000,2670.00000000,0.0822
1749262048,0.09230000,2369.00000000,0.0822
1749262048,0.09240000,1016.00000000,0.0822
1749262048,0.09250000,2672.00000000,0.0822
1749262048,0.09260000,1082.00000000,0.0822
1749262048,0.09270000,117.00000000,0.0822
1749262048,0.09280000,70.00000000,0.0822
1749262350,0.08230000,29305.00000000,0.0822
1749262350,0.08240000,450911.00000000,0.0822
1749262350,0.08250000,275496.00000000,0.0822
1749262350,0.08260000,93038.00000000,0.0822
1749262350,0.08270000,31509.00000000,0.0822
1749262350,0.08280000,47188.00000000,0.0822
1749262350,0.08290000,53929.00000000,0.0822
1749262350,0.08300000,31928.00000000,0.0822
1749262350,0.08310000,79514.00000000,0.0822
1749262350,0.08320000,35025.00000000,0.0822
1749262350,0.08330000,107888.00000000,0.0822
1749262350,0.08340000,16199.00000000,0.0822
1749262350,0.08350000,32478.00000000,0.0822
1749262350,0.08360000,50258.00000000,0.0822
1749262350,0.08370000,12336.00000000,0.0822
1749262350,0.08380000,15825.00000000,0.0822
1749262350,0.08390000,17044.00000000,0.0822
1749262350,0.08400000,39185.00000000,0.0822
1749262350,0.08410000,18931.00000000,0.0822
1749262350,0.08420000,179414.00000000,0.0822
1749262350,0.08430000,15946.00000000,0.0822
1749262350,0.08440000,28288.00000000,0.0822
1749262350,0.08450000,15971.00000000,0.0822
1749262350,0.08460000,18378.00000000,0.0822
1749262350,0.08470000,17824.00000000,0.0822
1749262350,0.08480000,16017.00000000,0.0822
1749262350,0.08490000,9416.00000000,0.0822
1749262350,0.08500000,33434.00000000,0.0822
1749262350,0.08510000,3486.00000000,0.0822
1749262350,0.08520000,2678.00000000,0.0822
1749262350,0.08530000,2266.00000000,0.0822
1749262350,0.08540000,217.00000000,0.0822
1749262350,0.08550000,14843.00000000,0.0822
1749262350,0.08560000,13694.00000000,0.0822
1749262350,0.08570000,1929.00000000,0.0822
1749262350,0.08580000,290.00000000,0.0822
1749262350,0.08590000,2336.00000000,0.0822
1749262350,0.08600000,201192.00000000,0.0822
1749262350,0.08610000,334.00000000,0.0822
1749262350,0.08620000,1113.00000000,0.0822
1749262350,0.08630000,105778.00000000,0.0822
1749262350,0.08640000,694.00000000,0.0822
1749262350,0.08650000,1717.00000000,0.0822
1749262350,0.08660000,3573.00000000,0.0822
1749262350,0.08670000,339.00000000,0.0822
1749262350,0.08680000,126.00000000,0.0822
1749262350,0.08690000,12031.00000000,0.0822
1749262350,0.08700000,3229.00000000,0.0822
1749262350,0.08710000,503.00000000,0.0822
1749262350,0.08720000,1553.00000000,0.0822
1749262350,0.08730000,488.00000000,0.0822
1749262350,0.08740000,249.00000000,0.0822
1749262350,0.08750000,2642.00000000,0.0822
1749262350,0.08760000,518.00000000,0.0822
1749262350,0.08770000,563.00000000,0.0822
1749262350,0.08780000,661.00000000,0.0822
1749262350,0.08790000,125.00000000,0.0822
1749262350,0.08800000,74179.00000000,0.0822
1749262350,0.08810000,125.00000000,0.0822
1749262350,0.08820000,124.00000000,0.0822
1749262350,0.08830000,204.00000000,0.0822
1749262350,0.08840000,1499.00000000,0.0822
1749262350,0.08850000,21827.00000000,0.0822
1749262350,0.08860000,399.00000000,0.0822
1749262350,0.08870000,124.00000000,0.0822
1749262350,0.08880000,5947.00000000,0.0822
1749262350,0.08890000,123.00000000,0.0822
1749262350,0.08900000,43886.00000000,0.0822
1749262350,0.08910000,1263.00000000,0.0822
1749262350,0.08920000,1722.00000000,0.0822
1749262350,0.08930000,225.00000000,0.0822
1749262350,0.08940000,123.00000000,0.0822
1749262350,0.08950000,245.00000000,0.0822
1749262350,0.08960000,409.00000000,0.0822
1749262350,0.08980000,3000.00000000,0.0822
1749262350,0.08990000,7106.00000000,0.0822
1749262350,0.09000000,121525.00000000,0.0822
1749262350,0.09020000,1016.00000000,0.0822
1749262350,0.09030000,58.00000000,0.0822
1749262350,0.09040000,170.00000000,0.0822
1749262350,0.09050000,14841.00000000,0.0822
1749262350,0.09060000,336.00000000,0.0822
1749262350,0.09080000,2134.00000000,0.0822
1749262350,0.09100000,24477.00000000,0.0822
1749262350,0.09110000,94.00000000,0.0822
1749262350,0.09120000,1479.00000000,0.0822
1749262350,0.09130000,2335.00000000,0.0822
1749262350,0.09140000,389.00000000,0.0822
1749262350,0.09150000,1209.00000000,0.0822
1749262350,0.09160000,1334.00000000,0.0822
1749262350,0.09190000,55.00000000,0.0822
1749262350,0.09200000,42274.00000000,0.0822
1749262350,0.09210000,2692.00000000,0.0822
1749262350,0.09220000,2670.00000000,0.0822
1749262350,0.09230000,2369.00000000,0.0822
1749262350,0.09240000,1016.00000000,0.0822
1749262350,0.09250000,2672.00000000,0.0822
1749262350,0.09260000,1082.00000000,0.0822
1749262350,0.09270000,117.00000000,0.0822
1749262350,0.09280000,70.00000000,0.0822
1749262651,0.08200000,142738.00000000,0.0819
1749262651,0.08210000,354744.00000000,0.0819
1749262651,0.08220000,167661.00000000,0.0819
1749262651,0.08230000,60030.00000000,0.0819
1749262651,0.08240000,43860.00000000,0.0819
1749262651,0.08250000,46355.00000000,0.0819
1749262651,0.08260000,40290.00000000,0.0819
1749262651,0.08270000,44923.00000000,0.0819
1749262651,0.08280000,35328.00000000,0.0819
1749262651,0.08290000,156805.00000000,0.0819
1749262651,0.08300000,29370.00000000,0.0819
1749262651,0.08310000,30117.00000000,0.0819
1749262651,0.08320000,28979.00000000,0.0819
1749262651,0.08330000,15323.00000000,0.0819
1749262651,0.08340000,16199.00000000,0.0819
1749262651,0.08350000,47819.00000000,0.0819
1749262651,0.08360000,48584.00000000,0.0819
1749262651,0.08370000,12336.00000000,0.0819
1749262651,0.08380000,177082.00000000,0.0819
1749262651,0.08390000,17044.00000000,0.0819
1749262651,0.08400000,50406.00000000,0.0819
1749262651,0.08410000,18931.00000000,0.0819
1749262651,0.08420000,18940.00000000,0.0819
1749262651,0.08430000,15946.00000000,0.0819
1749262651,0.08440000,38810.00000000,0.0819
1749262651,0.08450000,7664.00000000,0.0819
1749262651,0.08460000,10071.00000000,0.0819
1749262651,0.08470000,9517.00000000,0.0819
1749262651,0.08480000,7710.00000000,0.0819
1749262651,0.08490000,9416.00000000,0.0819
1749262651,0.08500000,33434.00000000,0.0819
1749262651,0.08510000,3486.00000000,0.0819
1749262651,0.08520000,2678.00000000,0.0819
1749262651,0.08530000,2266.00000000,0.0819
1749262651,0.08540000,217.00000000,0.0819
1749262651,0.08550000,14843.00000000,0.0819
1749262651,0.08560000,13694.00000000,0.0819
1749262651,0.08570000,1929.00000000,0.0819
1749262651,0.08580000,290.00000000,0.0819
1749262651,0.08590000,9855.00000000,0.0819
1749262651,0.08600000,20073.00000000,0.0819
1749262651,0.08610000,334.00000000,0.0819
1749262651,0.08620000,1113.00000000,0.0819
1749262651,0.08630000,105774.00000000,0.0819
1749262651,0.08640000,694.00000000,0.0819
1749262651,0.08650000,1717.00000000,0.0819
1749262651,0.08660000,3573.00000000,0.0819
1749262651,0.08670000,339.00000000,0.0819
1749262651,0.08680000,126.00000000,0.0819
1749262651,0.08690000,12031.00000000,0.0819
1749262651,0.08700000,3229.00000000,0.0819
1749262651,0.08710000,503.00000000,0.0819
1749262651,0.08720000,1991.00000000,0.0819
1749262651,0.08730000,488.00000000,0.0819
1749262651,0.08740000,249.00000000,0.0819
1749262651,0.08750000,2642.00000000,0.0819
1749262651,0.08760000,518.00000000,0.0819
1749262651,0.08770000,125.00000000,0.0819
1749262651,0.08780000,661.00000000,0.0819
1749262651,0.08790000,125.00000000,0.0819
1749262651,0.08800000,74179.00000000,0.0819
1749262651,0.08810000,125.00000000,0.0819
1749262651,0.08820000,124.00000000,0.0819
1749262651,0.08830000,204.00000000,0.0819
1749262651,0.08840000,1499.00000000,0.0819
1749262651,0.08850000,21827.00000000,0.0819
1749262651,0.08860000,399.00000000,0.0819
1749262651,0.08870000,124.00000000,0.0819
1749262651,0.08880000,5947.00000000,0.0819
1749262651,0.08890000,123.00000000,0.0819
1749262651,0.08900000,43886.00000000,0.0819
1749262651,0.08910000,1263.00000000,0.0819
1749262651,0.08920000,1722.00000000,0.0819
1749262651,0.08930000,225.00000000,0.0819
1749262651,0.08950000,123.00000000,0.0819
1749262651,0.08960000,287.00000000,0.0819
1749262651,0.08980000,3000.00000000,0.0819
1749262651,0.08990000,1914.00000000,0.0819
1749262651,0.09000000,121525.00000000,0.0819
1749262651,0.09020000,1016.00000000,0.0819
1749262651,0.09030000,58.00000000,0.0819
1749262651,0.09040000,170.00000000,0.0819
1749262651,0.09050000,14841.00000000,0.0819
1749262651,0.09060000,336.00000000,0.0819
1749262651,0.09080000,2134.00000000,0.0819
1749262651,0.09100000,24477.00000000,0.0819
1749262651,0.09110000,94.00000000,0.0819
1749262651,0.09120000,1479.00000000,0.0819
1749262651,0.09130000,2335.00000000,0.0819
1749262651,0.09140000,389.00000000,0.0819
1749262651,0.09150000,1209.00000000,0.0819
1749262651,0.09160000,1334.00000000,0.0819
1749262651,0.09190000,55.00000000,0.0819
1749262651,0.09200000,42274.00000000,0.0819
1749262651,0.09210000,2692.00000000,0.0819
1749262651,0.09220000,2670.00000000,0.0819
1749262651,0.09230000,2369.00000000,0.0819
1749262651,0.09240000,1016.00000000,0.0819
1749262651,0.09250000,2672.00000000,0.0819
1749262651,0.09260000,1082.00000000,0.0819
1749262953,0.08210000,60538.00000000,0.0821
1749262953,0.08220000,500905.00000000,0.0821
1749262953,0.08230000,190091.00000000,0.0821
1749262953,0.08240000,56584.00000000,0.0821
1749262953,0.08250000,34170.00000000,0.0821
1749262953,0.08260000,40292.00000000,0.0821
1749262953,0.08270000,43714.00000000,0.0821
1749262953,0.08280000,77589.00000000,0.0821
1749262953,0.08290000,114632.00000000,0.0821
1749262953,0.08300000,29372.00000000,0.0821
1749262953,0.08310000,30119.00000000,0.0821
1749262953,0.08320000,28981.00000000,0.0821
1749262953,0.08330000,15233.00000000,0.0821
1749262953,0.08340000,16109.00000000,0.0821
1749262953,0.08350000,31792.00000000,0.0821
1749262953,0.08360000,48496.00000000,0.0821
1749262953,0.08370000,12248.00000000,0.0821
1749262953,0.08380000,16929.00000000,0.0821
1749262953,0.08390000,177021.00000000,0.0821
1749262953,0.08400000,54664.00000000,0.0821
1749262953,0.08410000,16651.00000000,0.0821
1749262953,0.08420000,18940.00000000,0.0821
1749262953,0.08430000,15854.00000000,0.0821
1749262953,0.08440000,38718.00000000,0.0821
1749262953,0.08450000,15880.00000000,0.0821
1749262953,0.08460000,18287.00000000,0.0821
1749262953,0.08470000,17733.00000000,0.0821
1749262953,0.08480000,7619.00000000,0.0821
1749262953,0.08490000,9325.00000000,0.0821
1749262953,0.08500000,33343.00000000,0.0821
1749262953,0.08510000,3395.00000000,0.0821
1749262953,0.08520000,2587.00000000,0.0821
1749262953,0.08530000,2175.00000000,0.0821
1749262953,0.08540000,126.00000000,0.0821
1749262953,0.08550000,14753.00000000,0.0821
1749262953,0.08560000,13604.00000000,0.0821
1749262953,0.08570000,1839.00000000,0.0821
1749262953,0.08580000,200.00000000,0.0821
1749262953,0.08590000,2246.00000000,0.0821
1749262953,0.08600000,20073.00000000,0.0821
1749262953,0.08610000,334.00000000,0.0821
1749262953,0.08620000,106598.00000000,0.0821
1749262953,0.08630000,421.00000000,0.0821
1749262953,0.08640000,694.00000000,0.0821
1749262953,0.08650000,1717.00000000,0.0821
1749262953,0.08660000,3573.00000000,0.0821
1749262953,0.08670000,339.00000000,0.0821
1749262953,0.08680000,126.00000000,0.0821
1749262953,0.08690000,12031.00000000,0.0821
1749262953,0.08700000,3229.00000000,0.0821
1749262953,0.08710000,503.00000000,0.0821
1749262953,0.08720000,1991.00000000,0.0821
1749262953,0.08730000,488.00000000,0.0821
1749262953,0.08740000,249.00000000,0.0821
1749262953,0.08750000,2642.00000000,0.0821
1749262953,0.08760000,518.00000000,0.0821
1749262953,0.08770000,125.00000000,0.0821
1749262953,0.08780000,661.00000000,0.0821
1749262953,0.08790000,125.00000000,0.0821
1749262953,0.08800000,74179.00000000,0.0821
1749262953,0.08810000,125.00000000,0.0821
1749262953,0.08820000,124.00000000,0.0821
1749262953,0.08830000,204.00000000,0.0821
1749262953,0.08840000,1499.00000000,0.0821
1749262953,0.08850000,21827.00000000,0.0821
1749262953,0.08860000,399.00000000,0.0821
1749262953,0.08870000,124.00000000,0.0821
1749262953,0.08880000,5947.00000000,0.0821
1749262953,0.08890000,123.00000000,0.0821
1749262953,0.08900000,43886.00000000,0.0821
1749262953,0.08910000,1263.00000000,0.0821
1749262953,0.08920000,1722.00000000,0.0821
1749262953,0.08930000,225.00000000,0.0821
1749262953,0.08940000,123.00000000,0.0821
1749262953,0.08950000,123.00000000,0.0821
1749262953,0.08960000,287.00000000,0.0821
1749262953,0.08980000,3000.00000000,0.0821
1749262953,0.08990000,9433.00000000,0.0821
1749262953,0.09000000,121370.00000000,0.0821
1749262953,0.09020000,1016.00000000,0.0821
1749262953,0.09030000,58.00000000,0.0821
1749262953,0.09040000,170.00000000,0.0821
1749262953,0.09050000,14841.00000000,0.0821
1749262953,0.09060000,336.00000000,0.0821
1749262953,0.09080000,2134.00000000,0.0821
1749262953,0.09100000,24477.00000000,0.0821
1749262953,0.09110000,94.00000000,0.0821
1749262953,0.09120000,1479.00000000,0.0821
1749262953,0.09130000,2335.00000000,0.0821
1749262953,0.09140000,389.00000000,0.0821
1749262953,0.09150000,1209.00000000,0.0821
1749262953,0.09160000,1334.00000000,0.0821
1749262953,0.09190000,55.00000000,0.0821
1749262953,0.09200000,42274.00000000,0.0821
1749262953,0.09210000,2692.00000000,0.0821
1749262953,0.09220000,2670.00000000,0.0821
1749262953,0.09230000,2369.00000000,0.0821
1749262953,0.09240000,1016.00000000,0.0821
1749262953,0.09250000,2672.00000000,0.0821
1749262953,0.09260000,1082.00000000,0.0821
1749263260,0.08210000,22782.00000000,0.0821
1749263260,0.08220000,591558.00000000,0.0821
1749263260,0.08230000,242710.00000000,0.0821
1749263260,0.08240000,38277.00000000,0.0821
1749263260,0.08250000,31771.00000000,0.0821
1749263260,0.08260000,54500.00000000,0.0821
1749263260,0.08270000,44968.00000000,0.0821
1749263260,0.08280000,71518.00000000,0.0821
1749263260,0.08290000,27167.00000000,0.0821
1749263260,0.08300000,29372.00000000,0.0821
1749263260,0.08310000,117600.00000000,0.0821
1749263260,0.08320000,22910.00000000,0.0821
1749263260,0.08330000,15233.00000000,0.0821
1749263260,0.08340000,16109.00000000,0.0821
1749263260,0.08350000,31792.00000000,0.0821
1749263260,0.08360000,48496.00000000,0.0821
1749263260,0.08370000,12248.00000000,0.0821
1749263260,0.08380000,16929.00000000,0.0821
1749263260,0.08390000,177021.00000000,0.0821
1749263260,0.08400000,54664.00000000,0.0821
1749263260,0.08410000,16651.00000000,0.0821
1749263260,0.08420000,18940.00000000,0.0821
1749263260,0.08430000,15854.00000000,0.0821
1749263260,0.08440000,38718.00000000,0.0821
1749263260,0.08450000,15880.00000000,0.0821
1749263260,0.08460000,18287.00000000,0.0821
1749263260,0.08470000,17733.00000000,0.0821
1749263260,0.08480000,15926.00000000,0.0821
1749263260,0.08490000,9325.00000000,0.0821
1749263260,0.08500000,35582.00000000,0.0821
1749263260,0.08510000,3395.00000000,0.0821
1749263260,0.08520000,2587.00000000,0.0821
1749263260,0.08530000,2175.00000000,0.0821
1749263260,0.08540000,126.00000000,0.0821
1749263260,0.08550000,14753.00000000,0.0821
1749263260,0.08560000,13604.00000000,0.0821
1749263260,0.08570000,1839.00000000,0.0821
1749263260,0.08580000,200.00000000,0.0821
1749263260,0.08590000,2246.00000000,0.0821
1749263260,0.08600000,20073.00000000,0.0821
1749263260,0.08610000,105935.00000000,0.0821
1749263260,0.08620000,1113.00000000,0.0821
1749263260,0.08630000,421.00000000,0.0821
1749263260,0.08640000,694.00000000,0.0821
1749263260,0.08650000,1717.00000000,0.0821
1749263260,0.08660000,3573.00000000,0.0821
1749263260,0.08670000,339.00000000,0.0821
1749263260,0.08680000,126.00000000,0.0821
1749263260,0.08690000,12031.00000000,0.0821
1749263260,0.08700000,3229.00000000,0.0821
1749263260,0.08710000,503.00000000,0.0821
1749263260,0.08720000,1991.00000000,0.0821
1749263260,0.08730000,488.00000000,0.0821
1749263260,0.08740000,249.00000000,0.0821
1749263260,0.08750000,2642.00000000,0.0821
1749263260,0.08760000,518.00000000,0.0821
1749263260,0.08770000,125.00000000,0.0821
1749263260,0.08780000,661.00000000,0.0821
1749263260,0.08790000,125.00000000,0.0821
1749263260,0.08800000,74179.00000000,0.0821
1749263260,0.08810000,125.00000000,0.0821
1749263260,0.08820000,124.00000000,0.0821
1749263260,0.08830000,204.00000000,0.0821
1749263260,0.08840000,1499.00000000,0.0821
1749263260,0.08850000,21827.00000000,0.0821
1749263260,0.08860000,399.00000000,0.0821
1749263260,0.08870000,124.00000000,0.0821
1749263260,0.08880000,5947.00000000,0.0821
1749263260,0.08890000,123.00000000,0.0821
1749263260,0.08900000,43886.00000000,0.0821
1749263260,0.08910000,1263.00000000,0.0821
1749263260,0.08920000,1722.00000000,0.0821
1749263260,0.08930000,225.00000000,0.0821
1749263260,0.08940000,123.00000000,0.0821
1749263260,0.08950000,123.00000000,0.0821
1749263260,0.08960000,287.00000000,0.0821
1749263260,0.08980000,3000.00000000,0.0821
1749263260,0.08990000,9433.00000000,0.0821
1749263260,0.09000000,119651.00000000,0.0821
1749263260,0.09020000,1016.00000000,0.0821
1749263260,0.09030000,58.00000000,0.0821
1749263260,0.09040000,170.00000000,0.0821
1749263260,0.09050000,14841.00000000,0.0821
1749263260,0.09060000,336.00000000,0.0821
1749263260,0.09080000,2134.00000000,0.0821
1749263260,0.09100000,23477.00000000,0.0821
1749263260,0.09110000,94.00000000,0.0821
1749263260,0.09120000,1479.00000000,0.0821
1749263260,0.09130000,2335.00000000,0.0821
1749263260,0.09140000,389.00000000,0.0821
1749263260,0.09150000,1209.00000000,0.0821
1749263260,0.09160000,1334.00000000,0.0821
1749263260,0.09190000,55.00000000,0.0821
1749263260,0.09200000,41274.00000000,0.0821
1749263260,0.09210000,2692.00000000,0.0821
1749263260,0.09220000,2670.00000000,0.0821
1749263260,0.09230000,2369.00000000,0.0821
1749263260,0.09240000,1016.00000000,0.0821
1749263260,0.09250000,2672.00000000,0.0821
1749263260,0.09260000,1082.00000000,0.0821
1749263567,0.08180000,16410.00000000,0.0817
1749263567,0.08190000,407395.00000000,0.0817
1749263567,0.08200000,370688.00000000,0.0817
1749263567,0.08210000,158477.00000000,0.0817
1749263567,0.08220000,157291.00000000,0.0817
1749263567,0.08230000,35319.00000000,0.0817
1749263567,0.08240000,24400.00000000,0.0817
1749263567,0.08250000,65871.00000000,0.0817
1749263567,0.08260000,29961.00000000,0.0817
1749263567,0.08270000,114723.00000000,0.0817
1749263567,0.08280000,42745.00000000,0.0817
1749263567,0.08290000,18206.00000000,0.0817
1749263567,0.08300000,17060.00000000,0.0817
1749263567,0.08310000,16633.00000000,0.0817
1749263567,0.08320000,36049.00000000,0.0817
1749263567,0.08330000,18555.00000000,0.0817
1749263567,0.08340000,16109.00000000,0.0817
1749263567,0.08350000,25893.00000000,0.0817
1749263567,0.08360000,208952.00000000,0.0817
1749263567,0.08370000,12350.00000000,0.0817
1749263567,0.08380000,18122.00000000,0.0817
1749263567,0.08390000,17321.00000000,0.0817
1749263567,0.08400000,54664.00000000,0.0817
1749263567,0.08410000,16651.00000000,0.0817
1749263567,0.08420000,18940.00000000,0.0817
1749263567,0.08430000,15854.00000000,0.0817
1749263567,0.08440000,38718.00000000,0.0817
1749263567,0.08450000,15880.00000000,0.0817
1749263567,0.08460000,18287.00000000,0.0817
1749263567,0.08470000,17733.00000000,0.0817
1749263567,0.08480000,126.00000000,0.0817
1749263567,0.08490000,2012.00000000,0.0817
1749263567,0.08500000,28269.00000000,0.0817
1749263567,0.08510000,3395.00000000,0.0817
1749263567,0.08520000,2587.00000000,0.0817
1749263567,0.08530000,2175.00000000,0.0817
1749263567,0.08540000,126.00000000,0.0817
1749263567,0.08550000,14753.00000000,0.0817
1749263567,0.08560000,13604.00000000,0.0817
1749263567,0.08570000,1839.00000000,0.0817
1749263567,0.08580000,200.00000000,0.0817
1749263567,0.08590000,108115.00000000,0.0817
1749263567,0.08600000,23073.00000000,0.0817
1749263567,0.08610000,568.00000000,0.0817
1749263567,0.08620000,1113.00000000,0.0817
1749263567,0.08630000,421.00000000,0.0817
1749263567,0.08640000,578.00000000,0.0817
1749263567,0.08650000,1717.00000000,0.0817
1749263567,0.08660000,3457.00000000,0.0817
1749263567,0.08670000,339.00000000,0.0817
1749263567,0.08680000,126.00000000,0.0817
1749263567,0.08690000,12031.00000000,0.0817
1749263567,0.08700000,3229.00000000,0.0817
1749263567,0.08710000,503.00000000,0.0817
1749263567,0.08720000,1991.00000000,0.0817
1749263567,0.08730000,488.00000000,0.0817
1749263567,0.08740000,249.00000000,0.0817
1749263567,0.08750000,2642.00000000,0.0817
1749263567,0.08760000,518.00000000,0.0817
1749263567,0.08770000,125.00000000,0.0817
1749263567,0.08780000,661.00000000,0.0817
1749263567,0.08790000,125.00000000,0.0817
1749263567,0.08800000,74179.00000000,0.0817
1749263567,0.08810000,125.00000000,0.0817
1749263567,0.08820000,124.00000000,0.0817
1749263567,0.08830000,204.00000000,0.0817
1749263567,0.08840000,1499.00000000,0.0817
1749263567,0.08850000,21827.00000000,0.0817
1749263567,0.08860000,399.00000000,0.0817
1749263567,0.08870000,124.00000000,0.0817
1749263567,0.08880000,5947.00000000,0.0817
1749263567,0.08890000,123.00000000,0.0817
1749263567,0.08900000,43886.00000000,0.0817
1749263567,0.08910000,1263.00000000,0.0817
1749263567,0.08920000,1599.00000000,0.0817
1749263567,0.08930000,102.00000000,0.0817
1749263567,0.08950000,123.00000000,0.0817
1749263567,0.08960000,287.00000000,0.0817
1749263567,0.08980000,3000.00000000,0.0817
1749263567,0.08990000,9433.00000000,0.0817
1749263567,0.09000000,130807.00000000,0.0817
1749263567,0.09020000,1016.00000000,0.0817
1749263567,0.09030000,58.00000000,0.0817
1749263567,0.09040000,170.00000000,0.0817
1749263567,0.09050000,14841.00000000,0.0817
1749263567,0.09060000,336.00000000,0.0817
1749263567,0.09080000,2134.00000000,0.0817
1749263567,0.09100000,23477.00000000,0.0817
1749263567,0.09110000,94.00000000,0.0817
1749263567,0.09120000,1479.00000000,0.0817
1749263567,0.09130000,2335.00000000,0.0817
1749263567,0.09140000,389.00000000,0.0817
1749263567,0.09150000,1209.00000000,0.0817
1749263567,0.09160000,1334.00000000,0.0817
1749263567,0.09190000,55.00000000,0.0817
1749263567,0.09200000,41274.00000000,0.0817
1749263567,0.09210000,2692.00000000,0.0817
1749263567,0.09220000,2670.00000000,0.0817
1749263567,0.09230000,2369.00000000,0.0817
1749263567,0.09240000,1016.00000000,0.0817
1749263868,0.08180000,42998.00000000,0.0818
1749263868,0.08190000,380984.00000000,0.0818
1749263868,0.08200000,365052.00000000,0.0818
1749263868,0.08210000,156627.00000000,0.0818
1749263868,0.08220000,120604.00000000,0.0818
1749263868,0.08230000,49061.00000000,0.0818
1749263868,0.08240000,24400.00000000,0.0818
1749263868,0.08250000,202303.00000000,0.0818
1749263868,0.08260000,29961.00000000,0.0818
1749263868,0.08270000,33379.00000000,0.0818
1749263868,0.08280000,42745.00000000,0.0818
1749263868,0.08290000,18206.00000000,0.0818
1749263868,0.08300000,17060.00000000,0.0818
1749263868,0.08310000,16633.00000000,0.0818
1749263868,0.08320000,36049.00000000,0.0818
1749263868,0.08330000,244855.00000000,0.0818
1749263868,0.08340000,16109.00000000,0.0818
1749263868,0.08350000,25893.00000000,0.0818
1749263868,0.08360000,48496.00000000,0.0818
1749263868,0.08370000,12350.00000000,0.0818
1749263868,0.08380000,18122.00000000,0.0818
1749263868,0.08390000,17321.00000000,0.0818
1749263868,0.08400000,54664.00000000,0.0818
1749263868,0.08410000,16651.00000000,0.0818
1749263868,0.08420000,18940.00000000,0.0818
1749263868,0.08430000,15854.00000000,0.0818
1749263868,0.08440000,38718.00000000,0.0818
1749263868,0.08450000,15880.00000000,0.0818
1749263868,0.08460000,18287.00000000,0.0818
1749263868,0.08470000,9426.00000000,0.0818
1749263868,0.08480000,126.00000000,0.0818
1749263868,0.08490000,2012.00000000,0.0818
1749263868,0.08500000,27660.00000000,0.0818
1749263868,0.08510000,3395.00000000,0.0818
1749263868,0.08520000,2587.00000000,0.0818
1749263868,0.08530000,2175.00000000,0.0818
1749263868,0.08540000,126.00000000,0.0818
1749263868,0.08550000,14753.00000000,0.0818
1749263868,0.08560000,13604.00000000,0.0818
1749263868,0.08570000,1839.00000000,0.0818
1749263868,0.08580000,200.00000000,0.0818
1749263868,0.08590000,108116.00000000,0.0818
1749263868,0.08600000,23073.00000000,0.0818
1749263868,0.08610000,568.00000000,0.0818
1749263868,0.08620000,1113.00000000,0.0818
1749263868,0.08630000,421.00000000,0.0818
1749263868,0.08640000,578.00000000,0.0818
1749263868,0.08650000,1717.00000000,0.0818
1749263868,0.08660000,3457.00000000,0.0818
1749263868,0.08670000,339.00000000,0.0818
1749263868,0.08680000,126.00000000,0.0818
1749263868,0.08690000,12031.00000000,0.0818
1749263868,0.08700000,3229.00000000,0.0818
1749263868,0.08710000,503.00000000,0.0818
1749263868,0.08720000,1991.00000000,0.0818
1749263868,0.08730000,488.00000000,0.0818
1749263868,0.08740000,249.00000000,0.0818
1749263868,0.08750000,2642.00000000,0.0818
1749263868,0.08760000,518.00000000,0.0818
1749263868,0.08770000,125.00000000,0.0818
1749263868,0.08780000,661.00000000,0.0818
1749263868,0.08790000,125.00000000,0.0818
1749263868,0.08800000,74179.00000000,0.0818
1749263868,0.08810000,125.00000000,0.0818
1749263868,0.08820000,124.00000000,0.0818
1749263868,0.08830000,204.00000000,0.0818
1749263868,0.08840000,1499.00000000,0.0818
1749263868,0.08850000,21827.00000000,0.0818
1749263868,0.08860000,399.00000000,0.0818
1749263868,0.08870000,124.00000000,0.0818
1749263868,0.08880000,5947.00000000,0.0818
1749263868,0.08890000,123.00000000,0.0818
1749263868,0.08900000,43886.00000000,0.0818
1749263868,0.08910000,1263.00000000,0.0818
1749263868,0.08920000,1599.00000000,0.0818
1749263868,0.08930000,102.00000000,0.0818
1749263868,0.08950000,123.00000000,0.0818
1749263868,0.08960000,287.00000000,0.0818
1749263868,0.08980000,3000.00000000,0.0818
1749263868,0.08990000,9433.00000000,0.0818
1749263868,0.09000000,130807.00000000,0.0818
1749263868,0.09020000,1016.00000000,0.0818
1749263868,0.09030000,58.00000000,0.0818
1749263868,0.09040000,170.00000000,0.0818
1749263868,0.09050000,14841.00000000,0.0818
1749263868,0.09060000,336.00000000,0.0818
1749263868,0.09080000,2134.00000000,0.0818
1749263868,0.09100000,23477.00000000,0.0818
1749263868,0.09110000,94.00000000,0.0818
1749263868,0.09120000,1479.00000000,0.0818
1749263868,0.09130000,2335.00000000,0.0818
1749263868,0.09140000,389.00000000,0.0818
1749263868,0.09150000,1209.00000000,0.0818
1749263868,0.09160000,1334.00000000,0.0818
1749263868,0.09190000,55.00000000,0.0818
1749263868,0.09200000,41274.00000000,0.0818
1749263868,0.09210000,2692.00000000,0.0818
1749263868,0.09220000,2670.00000000,0.0818
1749263868,0.09230000,2369.00000000,0.0818
1749263868,0.09240000,1016.00000000,0.0818
1749264170,0.08180000,52520.00000000,0.0817
1749264170,0.08190000,320955.00000000,0.0817
1749264170,0.08200000,220803.00000000,0.0817
1749264170,0.08210000,76471.00000000,0.0817
1749264170,0.08220000,32711.00000000,0.0817
1749264170,0.08230000,38808.00000000,0.0817
1749264170,0.08240000,22187.00000000,0.0817
1749264170,0.08250000,92534.00000000,0.0817
1749264170,0.08260000,29961.00000000,0.0817
1749264170,0.08270000,33251.00000000,0.0817
1749264170,0.08280000,43710.00000000,0.0817
1749264170,0.08290000,17242.00000000,0.0817
1749264170,0.08300000,29497.00000000,0.0817
1749264170,0.08310000,17716.00000000,0.0817
1749264170,0.08320000,34367.00000000,0.0817
1749264170,0.08330000,18647.00000000,0.0817
1749264170,0.08340000,16201.00000000,0.0817
1749264170,0.08350000,25893.00000000,0.0817
1749264170,0.08360000,48496.00000000,0.0817
1749264170,0.08370000,13543.00000000,0.0817
1749264170,0.08380000,16930.00000000,0.0817
1749264170,0.08390000,17321.00000000,0.0817
1749264170,0.08400000,54894.00000000,0.0817
1749264170,0.08410000,16651.00000000,0.0817
1749264170,0.08420000,18940.00000000,0.0817
1749264170,0.08430000,15946.00000000,0.0817
1749264170,0.08440000,38810.00000000,0.0817
1749264170,0.08450000,16880.00000000,0.0817
1749264170,0.08460000,18287.00000000,0.0817
1749264170,0.08470000,10420.00000000,0.0817
1749264170,0.08480000,126.00000000,0.0817
1749264170,0.08490000,2012.00000000,0.0817
1749264170,0.08500000,27660.00000000,0.0817
1749264170,0.08510000,3395.00000000,0.0817
1749264170,0.08520000,2587.00000000,0.0817
1749264170,0.08530000,2175.00000000,0.0817
1749264170,0.08540000,126.00000000,0.0817
1749264170,0.08550000,14753.00000000,0.0817
1749264170,0.08560000,13604.00000000,0.0817
1749264170,0.08570000,1839.00000000,0.0817
1749264170,0.08580000,200.00000000,0.0817
1749264170,0.08590000,2363.00000000,0.0817
1749264170,0.08600000,23190.00000000,0.0817
1749264170,0.08610000,2292.00000000,0.0817
1749264170,0.08620000,106780.00000000,0.0817
1749264170,0.08630000,537.00000000,0.0817
1749264170,0.08640000,578.00000000,0.0817
1749264170,0.08650000,1717.00000000,0.0817
1749264170,0.08660000,3225.00000000,0.0817
1749264170,0.08670000,339.00000000,0.0817
1749264170,0.08680000,126.00000000,0.0817
1749264170,0.08690000,12031.00000000,0.0817
1749264170,0.08700000,3229.00000000,0.0817
1749264170,0.08710000,503.00000000,0.0817
1749264170,0.08720000,1991.00000000,0.0817
1749264170,0.08730000,488.00000000,0.0817
1749264170,0.08740000,249.00000000,0.0817
1749264170,0.08750000,2642.00000000,0.0817
1749264170,0.08760000,518.00000000,0.0817
1749264170,0.08770000,125.00000000,0.0817
1749264170,0.08780000,661.00000000,0.0817
1749264170,0.08790000,125.00000000,0.0817
1749264170,0.08800000,74179.00000000,0.0817
1749264170,0.08810000,125.00000000,0.0817
1749264170,0.08820000,124.00000000,0.0817
1749264170,0.08830000,204.00000000,0.0817
1749264170,0.08840000,1499.00000000,0.0817
1749264170,0.08850000,21827.00000000,0.0817
1749264170,0.08860000,399.00000000,0.0817
1749264170,0.08870000,124.00000000,0.0817
1749264170,0.08880000,5947.00000000,0.0817
1749264170,0.08890000,123.00000000,0.0817
1749264170,0.08900000,43886.00000000,0.0817
1749264170,0.08910000,1263.00000000,0.0817
1749264170,0.08920000,1599.00000000,0.0817
1749264170,0.08930000,102.00000000,0.0817
1749264170,0.08950000,123.00000000,0.0817
1749264170,0.08960000,287.00000000,0.0817
1749264170,0.08980000,3000.00000000,0.0817
1749264170,0.08990000,7475.00000000,0.0817
1749264170,0.09000000,130807.00000000,0.0817
1749264170,0.09020000,1016.00000000,0.0817
1749264170,0.09030000,58.00000000,0.0817
1749264170,0.09040000,170.00000000,0.0817
1749264170,0.09050000,14841.00000000,0.0817
1749264170,0.09060000,336.00000000,0.0817
1749264170,0.09080000,2134.00000000,0.0817
1749264170,0.09100000,23477.00000000,0.0817
1749264170,0.09110000,94.00000000,0.0817
1749264170,0.09120000,1479.00000000,0.0817
1749264170,0.09130000,2335.00000000,0.0817
1749264170,0.09140000,389.00000000,0.0817
1749264170,0.09150000,1209.00000000,0.0817
1749264170,0.09160000,1334.00000000,0.0817
1749264170,0.09190000,55.00000000,0.0817
1749264170,0.09200000,41274.00000000,0.0817
1749264170,0.09210000,2692.00000000,0.0817
1749264170,0.09220000,2670.00000000,0.0817
1749264170,0.09230000,2369.00000000,0.0817
1749264170,0.09240000,1016.00000000,0.0817
1749264472,0.08180000,179094.00000000,0.0817
1749264472,0.08190000,402979.00000000,0.0817
1749264472,0.08200000,152446.00000000,0.0817
1749264472,0.08210000,35849.00000000,0.0817
1749264472,0.08220000,26047.00000000,0.0817
1749264472,0.08230000,32596.00000000,0.0817
1749264472,0.08240000,80648.00000000,0.0817
1749264472,0.08250000,54089.00000000,0.0817
1749264472,0.08260000,153659.00000000,0.0817
1749264472,0.08270000,30076.00000000,0.0817
1749264472,0.08280000,25284.00000000,0.0817
1749264472,0.08290000,17809.00000000,0.0817
1749264472,0.08300000,29560.00000000,0.0817
1749264472,0.08310000,17716.00000000,0.0817
1749264472,0.08320000,34367.00000000,0.0817
1749264472,0.08330000,276768.00000000,0.0817
1749264472,0.08340000,16201.00000000,0.0817
1749264472,0.08350000,37319.00000000,0.0817
1749264472,0.08360000,16675.00000000,0.0817
1749264472,0.08370000,13543.00000000,0.0817
1749264472,0.08380000,16930.00000000,0.0817
1749264472,0.08390000,17321.00000000,0.0817
1749264472,0.08400000,44678.00000000,0.0817
1749264472,0.08410000,16651.00000000,0.0817
1749264472,0.08420000,18940.00000000,0.0817
1749264472,0.08430000,8633.00000000,0.0817
1749264472,0.08440000,31497.00000000,0.0817
1749264472,0.08450000,1260.00000000,0.0817
1749264472,0.08460000,2667.00000000,0.0817
1749264472,0.08470000,2113.00000000,0.0817
1749264472,0.08480000,126.00000000,0.0817
1749264472,0.08490000,2012.00000000,0.0817
1749264472,0.08500000,27660.00000000,0.0817
1749264472,0.08510000,3395.00000000,0.0817
1749264472,0.08520000,2587.00000000,0.0817
1749264472,0.08530000,2175.00000000,0.0817
1749264472,0.08540000,126.00000000,0.0817
1749264472,0.08550000,14753.00000000,0.0817
1749264472,0.08560000,120123.00000000,0.0817
1749264472,0.08570000,2190.00000000,0.0817
1749264472,0.08580000,200.00000000,0.0817
1749264472,0.08590000,2363.00000000,0.0817
1749264472,0.08600000,23073.00000000,0.0817
1749264472,0.08610000,2292.00000000,0.0817
1749264472,0.08620000,1113.00000000,0.0817
1749264472,0.08630000,305.00000000,0.0817
1749264472,0.08640000,462.00000000,0.0817
1749264472,0.08650000,1717.00000000,0.0817
1749264472,0.08660000,3225.00000000,0.0817
1749264472,0.08670000,339.00000000,0.0817
1749264472,0.08680000,126.00000000,0.0817
1749264472,0.08690000,12469.00000000,0.0817
1749264472,0.08700000,3229.00000000,0.0817
1749264472,0.08710000,503.00000000,0.0817
1749264472,0.08720000,1553.00000000,0.0817
1749264472,0.08730000,488.00000000,0.0817
1749264472,0.08740000,249.00000000,0.0817
1749264472,0.08750000,2642.00000000,0.0817
1749264472,0.08760000,518.00000000,0.0817
1749264472,0.08770000,125.00000000,0.0817
1749264472,0.08780000,661.00000000,0.0817
1749264472,0.08790000,125.00000000,0.0817
1749264472,0.08800000,74179.00000000,0.0817
1749264472,0.08810000,125.00000000,0.0817
1749264472,0.08820000,124.00000000,0.0817
1749264472,0.08830000,204.00000000,0.0817
1749264472,0.08840000,1499.00000000,0.0817
1749264472,0.08850000,21827.00000000,0.0817
1749264472,0.08860000,399.00000000,0.0817
1749264472,0.08870000,124.00000000,0.0817
1749264472,0.08880000,5947.00000000,0.0817
1749264472,0.08890000,123.00000000,0.0817
1749264472,0.08900000,43886.00000000,0.0817
1749264472,0.08910000,1263.00000000,0.0817
1749264472,0.08920000,1599.00000000,0.0817
1749264472,0.08930000,102.00000000,0.0817
1749264472,0.08950000,123.00000000,0.0817
1749264472,0.08960000,287.00000000,0.0817
1749264472,0.08980000,3000.00000000,0.0817
1749264472,0.08990000,7475.00000000,0.0817
1749264472,0.09000000,130807.00000000,0.0817
1749264472,0.09020000,1016.00000000,0.0817
1749264472,0.09030000,58.00000000,0.0817
1749264472,0.09040000,170.00000000,0.0817
1749264472,0.09050000,14841.00000000,0.0817
1749264472,0.09060000,336.00000000,0.0817
1749264472,0.09080000,2134.00000000,0.0817
1749264472,0.09100000,23477.00000000,0.0817
1749264472,0.09110000,94.00000000,0.0817
1749264472,0.09120000,1479.00000000,0.0817
1749264472,0.09130000,2335.00000000,0.0817
1749264472,0.09140000,389.00000000,0.0817
1749264472,0.09150000,1209.00000000,0.0817
1749264472,0.09160000,1334.00000000,0.0817
1749264472,0.09190000,55.00000000,0.0817
1749264472,0.09200000,41274.00000000,0.0817
1749264472,0.09210000,2692.00000000,0.0817
1749264472,0.09220000,2670.00000000,0.0817
1749264472,0.09230000,2369.00000000,0.0817
1749264472,0.09240000,1016.00000000,0.0817
1749264773,0.08200000,88366.00000000,0.0819
1749264773,0.08210000,477369.00000000,0.0819
1749264773,0.08220000,176780.00000000,0.0819
1749264773,0.08230000,43828.00000000,0.0819
1749264773,0.08240000,20972.00000000,0.0819
1749264773,0.08250000,65341.00000000,0.0819
1749264773,0.08260000,49875.00000000,0.0819
1749264773,0.08270000,28129.00000000,0.0819
1749264773,0.08280000,36481.00000000,0.0819
1749264773,0.08290000,24095.00000000,0.0819
1749264773,0.08300000,29560.00000000,0.0819
1749264773,0.08310000,17716.00000000,0.0819
1749264773,0.08320000,34367.00000000,0.0819
1749264773,0.08330000,37381.00000000,0.0819
1749264773,0.08340000,16201.00000000,0.0819
1749264773,0.08350000,252193.00000000,0.0819
1749264773,0.08360000,29762.00000000,0.0819
1749264773,0.08370000,13543.00000000,0.0819
1749264773,0.08380000,17743.00000000,0.0819
1749264773,0.08390000,28690.00000000,0.0819
1749264773,0.08400000,44678.00000000,0.0819
1749264773,0.08410000,15838.00000000,0.0819
1749264773,0.08420000,18940.00000000,0.0819
1749264773,0.08430000,8633.00000000,0.0819
1749264773,0.08440000,31497.00000000,0.0819
1749264773,0.08450000,1260.00000000,0.0819
1749264773,0.08460000,10974.00000000,0.0819
1749264773,0.08470000,2113.00000000,0.0819
1749264773,0.08480000,126.00000000,0.0819
1749264773,0.08490000,2012.00000000,0.0819
1749264773,0.08500000,27660.00000000,0.0819
1749264773,0.08510000,3395.00000000,0.0819
1749264773,0.08520000,2587.00000000,0.0819
1749264773,0.08530000,2175.00000000,0.0819
1749264773,0.08540000,126.00000000,0.0819
1749264773,0.08550000,14753.00000000,0.0819
1749264773,0.08560000,13838.00000000,0.0819
1749264773,0.08570000,2190.00000000,0.0819
1749264773,0.08580000,200.00000000,0.0819
1749264773,0.08590000,108168.00000000,0.0819
1749264773,0.08600000,23190.00000000,0.0819
1749264773,0.08610000,334.00000000,0.0819
1749264773,0.08620000,1113.00000000,0.0819
1749264773,0.08630000,305.00000000,0.0819
1749264773,0.08640000,462.00000000,0.0819
1749264773,0.08650000,1717.00000000,0.0819
1749264773,0.08660000,3225.00000000,0.0819
1749264773,0.08670000,339.00000000,0.0819
1749264773,0.08680000,126.00000000,0.0819
1749264773,0.08690000,12469.00000000,0.0819
1749264773,0.08700000,3229.00000000,0.0819
1749264773,0.08710000,503.00000000,0.0819
1749264773,0.08720000,1553.00000000,0.0819
1749264773,0.08730000,488.00000000,0.0819
1749264773,0.08740000,249.00000000,0.0819
1749264773,0.08750000,2642.00000000,0.0819
1749264773,0.08760000,518.00000000,0.0819
1749264773,0.08770000,125.00000000,0.0819
1749264773,0.08780000,661.00000000,0.0819
1749264773,0.08790000,125.00000000,0.0819
1749264773,0.08800000,74179.00000000,0.0819
1749264773,0.08810000,125.00000000,0.0819
1749264773,0.08820000,124.00000000,0.0819
1749264773,0.08830000,204.00000000,0.0819
1749264773,0.08840000,1499.00000000,0.0819
1749264773,0.08850000,21827.00000000,0.0819
1749264773,0.08860000,399.00000000,0.0819
1749264773,0.08870000,124.00000000,0.0819
1749264773,0.08880000,5947.00000000,0.0819
1749264773,0.08890000,123.00000000,0.0819
1749264773,0.08900000,43886.00000000,0.0819
1749264773,0.08910000,1263.00000000,0.0819
1749264773,0.08920000,1722.00000000,0.0819
1749264773,0.08930000,225.00000000,0.0819
1749264773,0.08950000,123.00000000,0.0819
1749264773,0.08960000,287.00000000,0.0819
1749264773,0.08980000,3000.00000000,0.0819
1749264773,0.08990000,9433.00000000,0.0819
1749264773,0.09000000,130807.00000000,0.0819
1749264773,0.09020000,1016.00000000,0.0819
1749264773,0.09030000,58.00000000,0.0819
1749264773,0.09040000,170.00000000,0.0819
1749264773,0.09050000,14841.00000000,0.0819
1749264773,0.09060000,336.00000000,0.0819
1749264773,0.09080000,2134.00000000,0.0819
1749264773,0.09100000,23477.00000000,0.0819
1749264773,0.09110000,94.00000000,0.0819
1749264773,0.09120000,1479.00000000,0.0819
1749264773,0.09130000,2335.00000000,0.0819
1749264773,0.09140000,389.00000000,0.0819
1749264773,0.09150000,1209.00000000,0.0819
1749264773,0.09160000,1334.00000000,0.0819
1749264773,0.09190000,55.00000000,0.0819
1749264773,0.09200000,41274.00000000,0.0819
1749264773,0.09210000,2692.00000000,0.0819
1749264773,0.09220000,2670.00000000,0.0819
1749264773,0.09230000,2369.00000000,0.0819
1749264773,0.09240000,1016.00000000,0.0819
1749264773,0.09250000,2672.00000000,0.0819
1749264773,0.09260000,1082.00000000,0.0819
1749265075,0.08190000,73071.00000000,0.0818
1749265075,0.08200000,465781.00000000,0.0818
1749265075,0.08210000,288834.00000000,0.0818
1749265075,0.08220000,87704.00000000,0.0818
1749265075,0.08230000,51884.00000000,0.0818
1749265075,0.08240000,22192.00000000,0.0818
1749265075,0.08250000,44012.00000000,0.0818
1749265075,0.08260000,72314.00000000,0.0818
1749265075,0.08270000,150155.00000000,0.0818
1749265075,0.08280000,22510.00000000,0.0818
1749265075,0.08290000,29626.00000000,0.0818
1749265075,0.08300000,17725.00000000,0.0818
1749265075,0.08310000,31687.00000000,0.0818
1749265075,0.08320000,21795.00000000,0.0818
1749265075,0.08330000,49216.00000000,0.0818
1749265075,0.08340000,16201.00000000,0.0818
1749265075,0.08350000,39140.00000000,0.0818
1749265075,0.08360000,29762.00000000,0.0818
1749265075,0.08370000,13543.00000000,0.0818
1749265075,0.08380000,17743.00000000,0.0818
1749265075,0.08390000,28690.00000000,0.0818
1749265075,0.08400000,44678.00000000,0.0818
1749265075,0.08410000,15838.00000000,0.0818
1749265075,0.08420000,18940.00000000,0.0818
1749265075,0.08430000,8633.00000000,0.0818
1749265075,0.08440000,31497.00000000,0.0818
1749265075,0.08450000,1260.00000000,0.0818
1749265075,0.08460000,10974.00000000,0.0818
1749265075,0.08470000,2113.00000000,0.0818
1749265075,0.08480000,126.00000000,0.0818
1749265075,0.08490000,2012.00000000,0.0818
1749265075,0.08500000,27660.00000000,0.0818
1749265075,0.08510000,3395.00000000,0.0818
1749265075,0.08520000,2728.00000000,0.0818
1749265075,0.08530000,2175.00000000,0.0818
1749265075,0.08540000,126.00000000,0.0818
1749265075,0.08550000,14753.00000000,0.0818
1749265075,0.08560000,13838.00000000,0.0818
1749265075,0.08570000,2190.00000000,0.0818
1749265075,0.08580000,929.00000000,0.0818
1749265075,0.08590000,2246.00000000,0.0818
1749265075,0.08600000,23190.00000000,0.0818
1749265075,0.08610000,106068.00000000,0.0818
1749265075,0.08620000,1113.00000000,0.0818
1749265075,0.08630000,305.00000000,0.0818
1749265075,0.08640000,462.00000000,0.0818
1749265075,0.08650000,1717.00000000,0.0818
1749265075,0.08660000,3225.00000000,0.0818
1749265075,0.08670000,339.00000000,0.0818
1749265075,0.08680000,299.00000000,0.0818
1749265075,0.08690000,12469.00000000,0.0818
1749265075,0.08700000,3229.00000000,0.0818
1749265075,0.08710000,503.00000000,0.0818
1749265075,0.08720000,1553.00000000,0.0818
1749265075,0.08730000,488.00000000,0.0818
1749265075,0.08740000,249.00000000,0.0818
1749265075,0.08750000,2642.00000000,0.0818
1749265075,0.08760000,518.00000000,0.0818
1749265075,0.08770000,125.00000000,0.0818
1749265075,0.08780000,661.00000000,0.0818
1749265075,0.08790000,125.00000000,0.0818
1749265075,0.08800000,74179.00000000,0.0818
1749265075,0.08810000,125.00000000,0.0818
1749265075,0.08820000,124.00000000,0.0818
1749265075,0.08830000,204.00000000,0.0818
1749265075,0.08840000,1499.00000000,0.0818
1749265075,0.08850000,21827.00000000,0.0818
1749265075,0.08860000,399.00000000,0.0818
1749265075,0.08870000,124.00000000,0.0818
1749265075,0.08880000,5947.00000000,0.0818
1749265075,0.08890000,123.00000000,0.0818
1749265075,0.08900000,43886.00000000,0.0818
1749265075,0.08910000,1263.00000000,0.0818
1749265075,0.08920000,1722.00000000,0.0818
1749265075,0.08930000,102.00000000,0.0818
1749265075,0.08950000,123.00000000,0.0818
1749265075,0.08960000,287.00000000,0.0818
1749265075,0.08980000,3000.00000000,0.0818
1749265075,0.08990000,8704.00000000,0.0818
1749265075,0.09000000,119651.00000000,0.0818
1749265075,0.09020000,1016.00000000,0.0818
1749265075,0.09030000,58.00000000,0.0818
1749265075,0.09040000,170.00000000,0.0818
1749265075,0.09050000,14841.00000000,0.0818
1749265075,0.09060000,336.00000000,0.0818
1749265075,0.09080000,2134.00000000,0.0818
1749265075,0.09100000,23477.00000000,0.0818
1749265075,0.09110000,94.00000000,0.0818
1749265075,0.09120000,1479.00000000,0.0818
1749265075,0.09130000,2335.00000000,0.0818
1749265075,0.09140000,389.00000000,0.0818
1749265075,0.09150000,1209.00000000,0.0818
1749265075,0.09160000,1334.00000000,0.0818
1749265075,0.09190000,55.00000000,0.0818
1749265075,0.09200000,41274.00000000,0.0818
1749265075,0.09210000,2692.00000000,0.0818
1749265075,0.09220000,2670.00000000,0.0818
1749265075,0.09230000,2369.00000000,0.0818
1749265075,0.09240000,1016.00000000,0.0818
1749265075,0.09250000,2672.00000000,0.0818
1749265379,0.08200000,58144.00000000,0.082
1749265379,0.08210000,296049.00000000,0.082
1749265379,0.08220000,273329.00000000,0.082
1749265379,0.08230000,49809.00000000,0.082
1749265379,0.08240000,27636.00000000,0.082
1749265379,0.08250000,34540.00000000,0.082
1749265379,0.08260000,45395.00000000,0.082
1749265379,0.08270000,67184.00000000,0.082
1749265379,0.08280000,50940.00000000,0.082
1749265379,0.08290000,30193.00000000,0.082
1749265379,0.08300000,49089.00000000,0.082
1749265379,0.08310000,31202.00000000,0.082
1749265379,0.08320000,21228.00000000,0.082
1749265379,0.08330000,49216.00000000,0.082
1749265379,0.08340000,16201.00000000,0.082
1749265379,0.08350000,39140.00000000,0.082
1749265379,0.08360000,29762.00000000,0.082
1749265379,0.08370000,13543.00000000,0.082
1749265379,0.08380000,17743.00000000,0.082
1749265379,0.08390000,28690.00000000,0.082
1749265379,0.08400000,44678.00000000,0.082
1749265379,0.08410000,15838.00000000,0.082
1749265379,0.08420000,18940.00000000,0.082
1749265379,0.08430000,8633.00000000,0.082
1749265379,0.08440000,31497.00000000,0.082
1749265379,0.08450000,1260.00000000,0.082
1749265379,0.08460000,10974.00000000,0.082
1749265379,0.08470000,2113.00000000,0.082
1749265379,0.08480000,8433.00000000,0.082
1749265379,0.08490000,2012.00000000,0.082
1749265379,0.08500000,35131.00000000,0.082
1749265379,0.08510000,3395.00000000,0.082
1749265379,0.08520000,2728.00000000,0.082
1749265379,0.08530000,2175.00000000,0.082
1749265379,0.08540000,126.00000000,0.082
1749265379,0.08550000,14753.00000000,0.082
1749265379,0.08560000,18313.00000000,0.082
1749265379,0.08570000,2073.00000000,0.082
1749265379,0.08580000,929.00000000,0.082
1749265379,0.08590000,2246.00000000,0.082
1749265379,0.08600000,29092.00000000,0.082
1749265379,0.08610000,106036.00000000,0.082
1749265379,0.08620000,1113.00000000,0.082
1749265379,0.08630000,305.00000000,0.082
1749265379,0.08640000,462.00000000,0.082
1749265379,0.08650000,1717.00000000,0.082
1749265379,0.08660000,3225.00000000,0.082
1749265379,0.08670000,339.00000000,0.082
1749265379,0.08680000,299.00000000,0.082
1749265379,0.08690000,12469.00000000,0.082
1749265379,0.08700000,3229.00000000,0.082
1749265379,0.08710000,503.00000000,0.082
1749265379,0.08720000,1553.00000000,0.082
1749265379,0.08730000,488.00000000,0.082
1749265379,0.08740000,249.00000000,0.082
1749265379,0.08750000,2642.00000000,0.082
1749265379,0.08760000,518.00000000,0.082
1749265379,0.08770000,125.00000000,0.082
1749265379,0.08780000,661.00000000,0.082
1749265379,0.08790000,125.00000000,0.082
1749265379,0.08800000,74179.00000000,0.082
1749265379,0.08810000,125.00000000,0.082
1749265379,0.08820000,124.00000000,0.082
1749265379,0.08830000,204.00000000,0.082
1749265379,0.08840000,1499.00000000,0.082
1749265379,0.08850000,21827.00000000,0.082
1749265379,0.08860000,399.00000000,0.082
1749265379,0.08870000,124.00000000,0.082
1749265379,0.08880000,5947.00000000,0.082
1749265379,0.08890000,123.00000000,0.082
1749265379,0.08900000,43886.00000000,0.082
1749265379,0.08910000,1263.00000000,0.082
1749265379,0.08920000,1722.00000000,0.082
1749265379,0.08930000,225.00000000,0.082
1749265379,0.08950000,123.00000000,0.082
1749265379,0.08960000,287.00000000,0.082
1749265379,0.08980000,3000.00000000,0.082
1749265379,0.08990000,2919.00000000,0.082
1749265379,0.09000000,119651.00000000,0.082
1749265379,0.09020000,1016.00000000,0.082
1749265379,0.09030000,58.00000000,0.082
1749265379,0.09040000,170.00000000,0.082
1749265379,0.09050000,14841.00000000,0.082
1749265379,0.09060000,336.00000000,0.082
1749265379,0.09080000,2134.00000000,0.082
1749265379,0.09100000,23477.00000000,0.082
1749265379,0.09110000,94.00000000,0.082
1749265379,0.09120000,1479.00000000,0.082
1749265379,0.09130000,2335.00000000,0.082
1749265379,0.09140000,389.00000000,0.082
1749265379,0.09150000,1209.00000000,0.082
1749265379,0.09160000,1334.00000000,0.082
1749265379,0.09190000,55.00000000,0.082
1749265379,0.09200000,41274.00000000,0.082
1749265379,0.09210000,2692.00000000,0.082
1749265379,0.09220000,2670.00000000,0.082
1749265379,0.09230000,2369.00000000,0.082
1749265379,0.09240000,1016.00000000,0.082
1749265379,0.09250000,2672.00000000,0.082
1749265379,0.09260000,1082.00000000,0.082
1749265681,0.08230000,36748.00000000,0.0823
1749265681,0.08240000,395838.00000000,0.0823
1749265681,0.08250000,281719.00000000,0.0823
1749265681,0.08260000,130488.00000000,0.0823
1749265681,0.08270000,25089.00000000,0.0823
1749265681,0.08280000,40034.00000000,0.0823
1749265681,0.08290000,98104.00000000,0.0823
1749265681,0.08300000,55549.00000000,0.0823
1749265681,0.08310000,16517.00000000,0.0823
1749265681,0.08320000,144336.00000000,0.0823
1749265681,0.08330000,55415.00000000,0.0823
1749265681,0.08340000,30286.00000000,0.0823
1749265681,0.08350000,40816.00000000,0.0823
1749265681,0.08360000,16675.00000000,0.0823
1749265681,0.08370000,12350.00000000,0.0823
1749265681,0.08380000,17743.00000000,0.0823
1749265681,0.08390000,30408.00000000,0.0823
1749265681,0.08400000,44678.00000000,0.0823
1749265681,0.08410000,26748.00000000,0.0823
1749265681,0.08420000,18940.00000000,0.0823
1749265681,0.08430000,19933.00000000,0.0823
1749265681,0.08440000,31497.00000000,0.0823
1749265681,0.08450000,1260.00000000,0.0823
1749265681,0.08460000,10974.00000000,0.0823
1749265681,0.08470000,2113.00000000,0.0823
1749265681,0.08480000,8433.00000000,0.0823
1749265681,0.08490000,2012.00000000,0.0823
1749265681,0.08500000,36307.00000000,0.0823
1749265681,0.08510000,3395.00000000,0.0823
1749265681,0.08520000,11035.00000000,0.0823
1749265681,0.08530000,2175.00000000,0.0823
1749265681,0.08540000,8433.00000000,0.0823
1749265681,0.08550000,14753.00000000,0.0823
1749265681,0.08560000,13721.00000000,0.0823
1749265681,0.08570000,1956.00000000,0.0823
1749265681,0.08580000,316.00000000,0.0823
1749265681,0.08590000,2246.00000000,0.0823
1749265681,0.08600000,30097.00000000,0.0823
1749265681,0.08610000,334.00000000,0.0823
1749265681,0.08620000,1842.00000000,0.0823
1749265681,0.08630000,106052.00000000,0.0823
1749265681,0.08640000,462.00000000,0.0823
1749265681,0.08650000,1717.00000000,0.0823
1749265681,0.08660000,3225.00000000,0.0823
1749265681,0.08670000,339.00000000,0.0823
1749265681,0.08680000,299.00000000,0.0823
1749265681,0.08690000,12469.00000000,0.0823
1749265681,0.08700000,3229.00000000,0.0823
1749265681,0.08710000,503.00000000,0.0823
1749265681,0.08720000,1553.00000000,0.0823
1749265681,0.08730000,488.00000000,0.0823
1749265681,0.08740000,249.00000000,0.0823
1749265681,0.08750000,2642.00000000,0.0823
1749265681,0.08760000,518.00000000,0.0823
1749265681,0.08770000,125.00000000,0.0823
1749265681,0.08780000,661.00000000,0.0823
1749265681,0.08790000,125.00000000,0.0823
1749265681,0.08800000,74179.00000000,0.0823
1749265681,0.08810000,125.00000000,0.0823
1749265681,0.08820000,124.00000000,0.0823
1749265681,0.08830000,204.00000000,0.0823
1749265681,0.08840000,1499.00000000,0.0823
1749265681,0.08850000,21827.00000000,0.0823
1749265681,0.08860000,399.00000000,0.0823
1749265681,0.08870000,124.00000000,0.0823
1749265681,0.08880000,5947.00000000,0.0823
1749265681,0.08890000,123.00000000,0.0823
1749265681,0.08900000,43886.00000000,0.0823
1749265681,0.08910000,1263.00000000,0.0823
1749265681,0.08920000,1722.00000000,0.0823
1749265681,0.08930000,225.00000000,0.0823
1749265681,0.08940000,123.00000000,0.0823
1749265681,0.08950000,245.00000000,0.0823
1749265681,0.08960000,409.00000000,0.0823
1749265681,0.08980000,3000.00000000,0.0823
1749265681,0.08990000,1914.00000000,0.0823
1749265681,0.09000000,119651.00000000,0.0823
1749265681,0.09020000,1016.00000000,0.0823
1749265681,0.09030000,58.00000000,0.0823
1749265681,0.09040000,170.00000000,0.0823
1749265681,0.09050000,14841.00000000,0.0823
1749265681,0.09060000,336.00000000,0.0823
1749265681,0.09080000,2134.00000000,0.0823
1749265681,0.09100000,23477.00000000,0.0823
1749265681,0.09110000,94.00000000,0.0823
1749265681,0.09120000,1479.00000000,0.0823
1749265681,0.09130000,2335.00000000,0.0823
1749265681,0.09140000,389.00000000,0.0823
1749265681,0.09150000,1209.00000000,0.0823
1749265681,0.09160000,1334.00000000,0.0823
1749265681,0.09190000,55.00000000,0.0823
1749265681,0.09200000,27799.00000000,0.0823
1749265681,0.09210000,2692.00000000,0.0823
1749265681,0.09220000,2670.00000000,0.0823
1749265681,0.09230000,2369.00000000,0.0823
1749265681,0.09240000,1016.00000000,0.0823
1749265681,0.09250000,2672.00000000,0.0823
1749265681,0.09260000,1082.00000000,0.0823
1749265681,0.09270000,117.00000000,0.0823
1749265681,0.09280000,70.00000000,0.0823
1749265983,0.08270000,15240.00000000,0.0827
1749265983,0.08280000,481824.00000000,0.0827
1749265983,0.08290000,271994.00000000,0.0827
1749265983,0.08300000,122171.00000000,0.0827
1749265983,0.08310000,54278.00000000,0.0827
1749265983,0.08320000,37731.00000000,0.0827
1749265983,0.08330000,46139.00000000,0.0827
1749265983,0.08340000,24225.00000000,0.0827
1749265983,0.08350000,75377.00000000,0.0827
1749265983,0.08360000,167797.00000000,0.0827
1749265983,0.08370000,32218.00000000,0.0827
1749265983,0.08380000,18430.00000000,0.0827
1749265983,0.08390000,18989.00000000,0.0827
1749265983,0.08400000,40420.00000000,0.0827
1749265983,0.08410000,28977.00000000,0.0827
1749265983,0.08420000,32027.00000000,0.0827
1749265983,0.08430000,8633.00000000,0.0827
1749265983,0.08440000,31497.00000000,0.0827
1749265983,0.08450000,26691.00000000,0.0827
1749265983,0.08460000,11065.00000000,0.0827
1749265983,0.08470000,13609.00000000,0.0827
1749265983,0.08480000,8524.00000000,0.0827
1749265983,0.08490000,2012.00000000,0.0827
1749265983,0.08500000,36307.00000000,0.0827
1749265983,0.08510000,3395.00000000,0.0827
1749265983,0.08520000,11035.00000000,0.0827
1749265983,0.08530000,2175.00000000,0.0827
1749265983,0.08540000,8433.00000000,0.0827
1749265983,0.08550000,23060.00000000,0.0827
1749265983,0.08560000,21911.00000000,0.0827
1749265983,0.08570000,1839.00000000,0.0827
1749265983,0.08580000,8623.00000000,0.0827
1749265983,0.08590000,2246.00000000,0.0827
1749265983,0.08600000,33316.00000000,0.0827
1749265983,0.08610000,334.00000000,0.0827
1749265983,0.08620000,1113.00000000,0.0827
1749265983,0.08630000,11488.00000000,0.0827
1749265983,0.08640000,105848.00000000,0.0827
1749265983,0.08650000,2065.00000000,0.0827
1749265983,0.08660000,3225.00000000,0.0827
1749265983,0.08670000,339.00000000,0.0827
1749265983,0.08680000,299.00000000,0.0827
1749265983,0.08690000,12469.00000000,0.0827
1749265983,0.08700000,3229.00000000,0.0827
1749265983,0.08710000,503.00000000,0.0827
1749265983,0.08720000,1553.00000000,0.0827
1749265983,0.08730000,488.00000000,0.0827
1749265983,0.08740000,249.00000000,0.0827
1749265983,0.08750000,2642.00000000,0.0827
1749265983,0.08760000,518.00000000,0.0827
1749265983,0.08770000,125.00000000,0.0827
1749265983,0.08780000,661.00000000,0.0827
1749265983,0.08790000,125.00000000,0.0827
1749265983,0.08800000,74179.00000000,0.0827
1749265983,0.08810000,125.00000000,0.0827
1749265983,0.08820000,124.00000000,0.0827
1749265983,0.08830000,204.00000000,0.0827
1749265983,0.08840000,1499.00000000,0.0827
1749265983,0.08850000,21827.00000000,0.0827
1749265983,0.08860000,399.00000000,0.0827
1749265983,0.08870000,124.00000000,0.0827
1749265983,0.08880000,5947.00000000,0.0827
1749265983,0.08890000,123.00000000,0.0827
1749265983,0.08900000,43886.00000000,0.0827
1749265983,0.08910000,1263.00000000,0.0827
1749265983,0.08920000,1722.00000000,0.0827
1749265983,0.08930000,225.00000000,0.0827
1749265983,0.08940000,123.00000000,0.0827
1749265983,0.08950000,245.00000000,0.0827
1749265983,0.08960000,409.00000000,0.0827
1749265983,0.08970000,122.00000000,0.0827
1749265983,0.08980000,3122.00000000,0.0827
1749265983,0.08990000,5092.00000000,0.0827
1749265983,0.09000000,119773.00000000,0.0827
1749265983,0.09020000,1016.00000000,0.0827
1749265983,0.09030000,58.00000000,0.0827
1749265983,0.09040000,170.00000000,0.0827
1749265983,0.09050000,14841.00000000,0.0827
1749265983,0.09060000,336.00000000,0.0827
1749265983,0.09080000,2134.00000000,0.0827
1749265983,0.09100000,23477.00000000,0.0827
1749265983,0.09110000,94.00000000,0.0827
1749265983,0.09120000,1479.00000000,0.0827
1749265983,0.09130000,2335.00000000,0.0827
1749265983,0.09140000,389.00000000,0.0827
1749265983,0.09150000,1209.00000000,0.0827
1749265983,0.09160000,1334.00000000,0.0827
1749265983,0.09190000,55.00000000,0.0827
1749265983,0.09200000,27799.00000000,0.0827
1749265983,0.09210000,2692.00000000,0.0827
1749265983,0.09220000,2670.00000000,0.0827
1749265983,0.09230000,2369.00000000,0.0827
1749265983,0.09240000,1016.00000000,0.0827
1749265983,0.09250000,2672.00000000,0.0827
1749265983,0.09260000,1082.00000000,0.0827
1749265983,0.09270000,117.00000000,0.0827
1749265983,0.09280000,70.00000000,0.0827
1749265983,0.09290000,38641.00000000,0.0827
1749265983,0.09300000,3560.00000000,0.0827
1749265983,0.09310000,102.00000000,0.0827
1749266289,0.08240000,51418.00000000,0.0824
1749266289,0.08250000,257760.00000000,0.0824
1749266289,0.08260000,453180.00000000,0.0824
1749266289,0.08270000,177439.00000000,0.0824
1749266289,0.08280000,80595.00000000,0.0824
1749266289,0.08290000,57205.00000000,0.0824
1749266289,0.08300000,55915.00000000,0.0824
1749266289,0.08310000,77709.00000000,0.0824
1749266289,0.08320000,153310.00000000,0.0824
1749266289,0.08330000,27628.00000000,0.0824
1749266289,0.08340000,45013.00000000,0.0824
1749266289,0.08350000,39407.00000000,0.0824
1749266289,0.08360000,51546.00000000,0.0824
1749266289,0.08370000,25927.00000000,0.0824
1749266289,0.08380000,18430.00000000,0.0824
1749266289,0.08390000,18989.00000000,0.0824
1749266289,0.08400000,40420.00000000,0.0824
1749266289,0.08410000,28977.00000000,0.0824
1749266289,0.08420000,32027.00000000,0.0824
1749266289,0.08430000,8633.00000000,0.0824
1749266289,0.08440000,9709.00000000,0.0824
1749266289,0.08450000,26691.00000000,0.0824
1749266289,0.08460000,11065.00000000,0.0824
1749266289,0.08470000,13609.00000000,0.0824
1749266289,0.08480000,8524.00000000,0.0824
1749266289,0.08490000,2012.00000000,0.0824
1749266289,0.08500000,36307.00000000,0.0824
1749266289,0.08510000,3395.00000000,0.0824
1749266289,0.08520000,11129.00000000,0.0824
1749266289,0.08530000,2175.00000000,0.0824
1749266289,0.08540000,8433.00000000,0.0824
1749266289,0.08550000,23060.00000000,0.0824
1749266289,0.08560000,21911.00000000,0.0824
1749266289,0.08570000,1839.00000000,0.0824
1749266289,0.08580000,316.00000000,0.0824
1749266289,0.08590000,2246.00000000,0.0824
1749266289,0.08600000,24078.00000000,0.0824
1749266289,0.08610000,334.00000000,0.0824
1749266289,0.08620000,1113.00000000,0.0824
1749266289,0.08630000,2949.00000000,0.0824
1749266289,0.08640000,462.00000000,0.0824
1749266289,0.08650000,6164.00000000,0.0824
1749266289,0.08660000,108663.00000000,0.0824
1749266289,0.08670000,687.00000000,0.0824
1749266289,0.08680000,414.00000000,0.0824
1749266289,0.08690000,12469.00000000,0.0824
1749266289,0.08700000,3229.00000000,0.0824
1749266289,0.08710000,503.00000000,0.0824
1749266289,0.08720000,1553.00000000,0.0824
1749266289,0.08730000,488.00000000,0.0824
1749266289,0.08740000,249.00000000,0.0824
1749266289,0.08750000,2642.00000000,0.0824
1749266289,0.08760000,518.00000000,0.0824
1749266289,0.08770000,125.00000000,0.0824
1749266289,0.08780000,661.00000000,0.0824
1749266289,0.08790000,125.00000000,0.0824
1749266289,0.08800000,74179.00000000,0.0824
1749266289,0.08810000,125.00000000,0.0824
1749266289,0.08820000,124.00000000,0.0824
1749266289,0.08830000,204.00000000,0.0824
1749266289,0.08840000,1499.00000000,0.0824
1749266289,0.08850000,21827.00000000,0.0824
1749266289,0.08860000,399.00000000,0.0824
1749266289,0.08870000,124.00000000,0.0824
1749266289,0.08880000,5947.00000000,0.0824
1749266289,0.08890000,123.00000000,0.0824
1749266289,0.08900000,43886.00000000,0.0824
1749266289,0.08910000,1263.00000000,0.0824
1749266289,0.08920000,1722.00000000,0.0824
1749266289,0.08930000,225.00000000,0.0824
1749266289,0.08940000,123.00000000,0.0824
1749266289,0.08950000,245.00000000,0.0824
1749266289,0.08960000,409.00000000,0.0824
1749266289,0.08970000,122.00000000,0.0824
1749266289,0.08980000,3000.00000000,0.0824
1749266289,0.08990000,1453.00000000,0.0824
1749266289,0.09000000,119049.00000000,0.0824
1749266289,0.09020000,1016.00000000,0.0824
1749266289,0.09030000,58.00000000,0.0824
1749266289,0.09040000,170.00000000,0.0824
1749266289,0.09050000,14841.00000000,0.0824
1749266289,0.09060000,336.00000000,0.0824
1749266289,0.09080000,2134.00000000,0.0824
1749266289,0.09100000,23477.00000000,0.0824
1749266289,0.09110000,94.00000000,0.0824
1749266289,0.09120000,1479.00000000,0.0824
1749266289,0.09130000,2335.00000000,0.0824
1749266289,0.09140000,389.00000000,0.0824
1749266289,0.09150000,1209.00000000,0.0824
1749266289,0.09160000,1334.00000000,0.0824
1749266289,0.09190000,55.00000000,0.0824
1749266289,0.09200000,27799.00000000,0.0824
1749266289,0.09210000,2692.00000000,0.0824
1749266289,0.09220000,2670.00000000,0.0824
1749266289,0.09230000,2369.00000000,0.0824
1749266289,0.09240000,1016.00000000,0.0824
1749266289,0.09250000,2672.00000000,0.0824
1749266289,0.09260000,1082.00000000,0.0824
1749266289,0.09270000,117.00000000,0.0824
1749266289,0.09280000,70.00000000,0.0824
1749266591,0.08230000,57025.00000000,0.0823
1749266591,0.08240000,374913.00000000,0.0823
1749266591,0.08250000,271156.00000000,0.0823
1749266591,0.08260000,50111.00000000,0.0823
1749266591,0.08270000,43455.00000000,0.0823
1749266591,0.08280000,37110.00000000,0.0823
1749266591,0.08290000,102676.00000000,0.0823
1749266591,0.08300000,55915.00000000,0.0823
1749266591,0.08310000,32742.00000000,0.0823
1749266591,0.08320000,30249.00000000,0.0823
1749266591,0.08330000,48908.00000000,0.0823
1749266591,0.08340000,58499.00000000,0.0823
1749266591,0.08350000,16164.00000000,0.0823
1749266591,0.08360000,36456.00000000,0.0823
1749266591,0.08370000,12441.00000000,0.0823
1749266591,0.08380000,35383.00000000,0.0823
1749266591,0.08390000,243640.00000000,0.0823
1749266591,0.08400000,40420.00000000,0.0823
1749266591,0.08410000,15838.00000000,0.0823
1749266591,0.08420000,32027.00000000,0.0823
1749266591,0.08430000,20059.00000000,0.0823
1749266591,0.08440000,9709.00000000,0.0823
1749266591,0.08450000,26691.00000000,0.0823
1749266591,0.08460000,11065.00000000,0.0823
1749266591,0.08470000,2204.00000000,0.0823
1749266591,0.08480000,8524.00000000,0.0823
1749266591,0.08490000,2012.00000000,0.0823
1749266591,0.08500000,46307.00000000,0.0823
1749266591,0.08510000,3395.00000000,0.0823
1749266591,0.08520000,11129.00000000,0.0823
1749266591,0.08530000,2175.00000000,0.0823
1749266591,0.08540000,8433.00000000,0.0823
1749266591,0.08550000,23060.00000000,0.0823
1749266591,0.08560000,13604.00000000,0.0823
1749266591,0.08570000,1839.00000000,0.0823
1749266591,0.08580000,316.00000000,0.0823
1749266591,0.08590000,2246.00000000,0.0823
1749266591,0.08600000,23073.00000000,0.0823
1749266591,0.08610000,334.00000000,0.0823
1749266591,0.08620000,1113.00000000,0.0823
1749266591,0.08630000,6819.00000000,0.0823
1749266591,0.08640000,105875.00000000,0.0823
1749266591,0.08650000,4028.00000000,0.0823
1749266591,0.08660000,3457.00000000,0.0823
1749266591,0.08670000,687.00000000,0.0823
1749266591,0.08680000,414.00000000,0.0823
1749266591,0.08690000,12469.00000000,0.0823
1749266591,0.08700000,3229.00000000,0.0823
1749266591,0.08710000,503.00000000,0.0823
1749266591,0.08720000,1553.00000000,0.0823
1749266591,0.08730000,488.00000000,0.0823
1749266591,0.08740000,249.00000000,0.0823
1749266591,0.08750000,2642.00000000,0.0823
1749266591,0.08760000,518.00000000,0.0823
1749266591,0.08770000,125.00000000,0.0823
1749266591,0.08780000,661.00000000,0.0823
1749266591,0.08790000,125.00000000,0.0823
1749266591,0.08800000,74179.00000000,0.0823
1749266591,0.08810000,125.00000000,0.0823
1749266591,0.08820000,124.00000000,0.0823
1749266591,0.08830000,204.00000000,0.0823
1749266591,0.08840000,1499.00000000,0.0823
1749266591,0.08850000,21827.00000000,0.0823
1749266591,0.08860000,399.00000000,0.0823
1749266591,0.08870000,124.00000000,0.0823
1749266591,0.08880000,5947.00000000,0.0823
1749266591,0.08890000,123.00000000,0.0823
1749266591,0.08900000,43886.00000000,0.0823
1749266591,0.08910000,1263.00000000,0.0823
1749266591,0.08920000,1722.00000000,0.0823
1749266591,0.08930000,225.00000000,0.0823
1749266591,0.08940000,123.00000000,0.0823
1749266591,0.08950000,245.00000000,0.0823
1749266591,0.08960000,409.00000000,0.0823
1749266591,0.08980000,3000.00000000,0.0823
1749266591,0.08990000,724.00000000,0.0823
1749266591,0.09000000,119049.00000000,0.0823
1749266591,0.09020000,1016.00000000,0.0823
1749266591,0.09030000,58.00000000,0.0823
1749266591,0.09040000,170.00000000,0.0823
1749266591,0.09050000,14841.00000000,0.0823
1749266591,0.09060000,336.00000000,0.0823
1749266591,0.09080000,2134.00000000,0.0823
1749266591,0.09100000,23477.00000000,0.0823
1749266591,0.09110000,94.00000000,0.0823
1749266591,0.09120000,1479.00000000,0.0823
1749266591,0.09130000,2335.00000000,0.0823
1749266591,0.09140000,389.00000000,0.0823
1749266591,0.09150000,1209.00000000,0.0823
1749266591,0.09160000,1334.00000000,0.0823
1749266591,0.09190000,55.00000000,0.0823
1749266591,0.09200000,27799.00000000,0.0823
1749266591,0.09210000,2692.00000000,0.0823
1749266591,0.09220000,2670.00000000,0.0823
1749266591,0.09230000,2369.00000000,0.0823
1749266591,0.09240000,1016.00000000,0.0823
1749266591,0.09250000,2672.00000000,0.0823
1749266591,0.09260000,1082.00000000,0.0823
1749266591,0.09270000,117.00000000,0.0823
1749266591,0.09280000,70.00000000,0.0823
1749266892,0.08230000,49171.00000000,0.0823
1749266892,0.08240000,484737.00000000,0.0823
1749266892,0.08250000,232490.00000000,0.0823
1749266892,0.08260000,60598.00000000,0.0823
1749266892,0.08270000,43482.00000000,0.0823
1749266892,0.08280000,24336.00000000,0.0823
1749266892,0.08290000,97085.00000000,0.0823
1749266892,0.08300000,179245.00000000,0.0823
1749266892,0.08310000,33227.00000000,0.0823
1749266892,0.08320000,31776.00000000,0.0823
1749266892,0.08330000,36686.00000000,0.0823
1749266892,0.08340000,52074.00000000,0.0823
1749266892,0.08350000,17840.00000000,0.0823
1749266892,0.08360000,35500.00000000,0.0823
1749266892,0.08370000,12441.00000000,0.0823
1749266892,0.08380000,34787.00000000,0.0823
1749266892,0.08390000,30408.00000000,0.0823
1749266892,0.08400000,40420.00000000,0.0823
1749266892,0.08410000,17026.00000000,0.0823
1749266892,0.08420000,18940.00000000,0.0823
1749266892,0.08430000,20059.00000000,0.0823
1749266892,0.08440000,9709.00000000,0.0823
1749266892,0.08450000,27094.00000000,0.0823
1749266892,0.08460000,11065.00000000,0.0823
1749266892,0.08470000,2204.00000000,0.0823
1749266892,0.08480000,8524.00000000,0.0823
1749266892,0.08490000,2012.00000000,0.0823
1749266892,0.08500000,46307.00000000,0.0823
1749266892,0.08510000,3395.00000000,0.0823
1749266892,0.08520000,11129.00000000,0.0823
1749266892,0.08530000,2175.00000000,0.0823
1749266892,0.08540000,8501.00000000,0.0823
1749266892,0.08550000,23060.00000000,0.0823
1749266892,0.08560000,13604.00000000,0.0823
1749266892,0.08570000,1839.00000000,0.0823
1749266892,0.08580000,316.00000000,0.0823
1749266892,0.08590000,2246.00000000,0.0823
1749266892,0.08600000,23073.00000000,0.0823
1749266892,0.08610000,334.00000000,0.0823
1749266892,0.08620000,6813.00000000,0.0823
1749266892,0.08630000,106912.00000000,0.0823
1749266892,0.08640000,462.00000000,0.0823
1749266892,0.08650000,1833.00000000,0.0823
1749266892,0.08660000,3457.00000000,0.0823
1749266892,0.08670000,687.00000000,0.0823
1749266892,0.08680000,414.00000000,0.0823
1749266892,0.08690000,12469.00000000,0.0823
1749266892,0.08700000,3229.00000000,0.0823
1749266892,0.08710000,503.00000000,0.0823
1749266892,0.08720000,1553.00000000,0.0823
1749266892,0.08730000,488.00000000,0.0823
1749266892,0.08740000,249.00000000,0.0823
1749266892,0.08750000,2642.00000000,0.0823
1749266892,0.08760000,518.00000000,0.0823
1749266892,0.08770000,125.00000000,0.0823
1749266892,0.08780000,661.00000000,0.0823
1749266892,0.08790000,125.00000000,0.0823
1749266892,0.08800000,74179.00000000,0.0823
1749266892,0.08810000,125.00000000,0.0823
1749266892,0.08820000,124.00000000,0.0823
1749266892,0.08830000,204.00000000,0.0823
1749266892,0.08840000,1499.00000000,0.0823
1749266892,0.08850000,21827.00000000,0.0823
1749266892,0.08860000,399.00000000,0.0823
1749266892,0.08870000,124.00000000,0.0823
1749266892,0.08880000,5947.00000000,0.0823
1749266892,0.08890000,123.00000000,0.0823
1749266892,0.08900000,43886.00000000,0.0823
1749266892,0.08910000,1263.00000000,0.0823
1749266892,0.08920000,1722.00000000,0.0823
1749266892,0.08930000,225.00000000,0.0823
1749266892,0.08940000,123.00000000,0.0823
1749266892,0.08950000,245.00000000,0.0823
1749266892,0.08960000,409.00000000,0.0823
1749266892,0.08980000,3000.00000000,0.0823
1749266892,0.08990000,2728.00000000,0.0823
1749266892,0.09000000,119049.00000000,0.0823
1749266892,0.09020000,1016.00000000,0.0823
1749266892,0.09030000,58.00000000,0.0823
1749266892,0.09040000,170.00000000,0.0823
1749266892,0.09050000,14841.00000000,0.0823
1749266892,0.09060000,336.00000000,0.0823
1749266892,0.09080000,2134.00000000,0.0823
1749266892,0.09100000,23477.00000000,0.0823
1749266892,0.09110000,94.00000000,0.0823
1749266892,0.09120000,1479.00000000,0.0823
1749266892,0.09130000,2335.00000000,0.0823
1749266892,0.09140000,389.00000000,0.0823
1749266892,0.09150000,1209.00000000,0.0823
1749266892,0.09160000,1334.00000000,0.0823
1749266892,0.09190000,55.00000000,0.0823
1749266892,0.09200000,27799.00000000,0.0823
1749266892,0.09210000,2692.00000000,0.0823
1749266892,0.09220000,2670.00000000,0.0823
1749266892,0.09230000,2369.00000000,0.0823
1749266892,0.09240000,1016.00000000,0.0823
1749266892,0.09250000,2672.00000000,0.0823
1749266892,0.09260000,1082.00000000,0.0823
1749266892,0.09270000,117.00000000,0.0823
1749266892,0.09280000,70.00000000,0.0823
1749267194,0.08170000,116180.00000000,0.0816
1749267194,0.08180000,423002.00000000,0.0816
1749267194,0.08190000,211189.00000000,0.0816
1749267194,0.08200000,53642.00000000,0.0816
1749267194,0.08210000,34617.00000000,0.0816
1749267194,0.08220000,24592.00000000,0.0816
1749267194,0.08230000,47491.00000000,0.0816
1749267194,0.08240000,245985.00000000,0.0816
1749267194,0.08250000,41999.00000000,0.0816
1749267194,0.08260000,22680.00000000,0.0816
1749267194,0.08270000,37600.00000000,0.0816
1749267194,0.08280000,41571.00000000,0.0816
1749267194,0.08290000,27045.00000000,0.0816
1749267194,0.08300000,49244.00000000,0.0816
1749267194,0.08310000,243399.00000000,0.0816
1749267194,0.08320000,34934.00000000,0.0816
1749267194,0.08330000,30482.00000000,0.0816
1749267194,0.08340000,37989.00000000,0.0816
1749267194,0.08350000,16164.00000000,0.0816
1749267194,0.08360000,29853.00000000,0.0816
1749267194,0.08370000,13543.00000000,0.0816
1749267194,0.08380000,21557.00000000,0.0816
1749267194,0.08390000,64608.00000000,0.0816
1749267194,0.08400000,40420.00000000,0.0816
1749267194,0.08410000,15838.00000000,0.0816
1749267194,0.08420000,11627.00000000,0.0816
1749267194,0.08430000,8633.00000000,0.0816
1749267194,0.08440000,9709.00000000,0.0816
1749267194,0.08450000,27094.00000000,0.0816
1749267194,0.08460000,11065.00000000,0.0816
1749267194,0.08470000,2204.00000000,0.0816
1749267194,0.08480000,8524.00000000,0.0816
1749267194,0.08490000,2012.00000000,0.0816
1749267194,0.08500000,38000.00000000,0.0816
1749267194,0.08510000,3395.00000000,0.0816
1749267194,0.08520000,2822.00000000,0.0816
1749267194,0.08530000,2175.00000000,0.0816
1749267194,0.08540000,194.00000000,0.0816
1749267194,0.08550000,14753.00000000,0.0816
1749267194,0.08560000,13604.00000000,0.0816
1749267194,0.08570000,1839.00000000,0.0816
1749267194,0.08580000,316.00000000,0.0816
1749267194,0.08590000,2480.00000000,0.0816
1749267194,0.08600000,23073.00000000,0.0816
1749267194,0.08610000,451.00000000,0.0816
1749267194,0.08620000,8632.00000000,0.0816
1749267194,0.08630000,105860.00000000,0.0816
1749267194,0.08640000,578.00000000,0.0816
1749267194,0.08650000,1717.00000000,0.0816
1749267194,0.08660000,3457.00000000,0.0816
1749267194,0.08670000,339.00000000,0.0816
1749267194,0.08680000,852.00000000,0.0816
1749267194,0.08690000,12031.00000000,0.0816
1749267194,0.08700000,3229.00000000,0.0816
1749267194,0.08710000,503.00000000,0.0816
1749267194,0.08720000,1553.00000000,0.0816
1749267194,0.08730000,488.00000000,0.0816
1749267194,0.08740000,249.00000000,0.0816
1749267194,0.08750000,2642.00000000,0.0816
1749267194,0.08760000,518.00000000,0.0816
1749267194,0.08770000,125.00000000,0.0816
1749267194,0.08780000,661.00000000,0.0816
1749267194,0.08790000,125.00000000,0.0816
1749267194,0.08800000,74179.00000000,0.0816
1749267194,0.08810000,125.00000000,0.0816
1749267194,0.08820000,124.00000000,0.0816
1749267194,0.08830000,204.00000000,0.0816
1749267194,0.08840000,1499.00000000,0.0816
1749267194,0.08850000,21827.00000000,0.0816
1749267194,0.08860000,399.00000000,0.0816
1749267194,0.08870000,124.00000000,0.0816
1749267194,0.08880000,5947.00000000,0.0816
1749267194,0.08890000,123.00000000,0.0816
1749267194,0.08900000,43886.00000000,0.0816
1749267194,0.08910000,1140.00000000,0.0816
1749267194,0.08920000,1599.00000000,0.0816
1749267194,0.08930000,102.00000000,0.0816
1749267194,0.08950000,123.00000000,0.0816
1749267194,0.08960000,287.00000000,0.0816
1749267194,0.08980000,3000.00000000,0.0816
1749267194,0.08990000,1914.00000000,0.0816
1749267194,0.09000000,119049.00000000,0.0816
1749267194,0.09020000,1016.00000000,0.0816
1749267194,0.09030000,58.00000000,0.0816
1749267194,0.09040000,170.00000000,0.0816
1749267194,0.09050000,14841.00000000,0.0816
1749267194,0.09060000,336.00000000,0.0816
1749267194,0.09080000,2134.00000000,0.0816
1749267194,0.09100000,23477.00000000,0.0816
1749267194,0.09110000,94.00000000,0.0816
1749267194,0.09120000,1479.00000000,0.0816
1749267194,0.09130000,2335.00000000,0.0816
1749267194,0.09140000,389.00000000,0.0816
1749267194,0.09150000,1209.00000000,0.0816
1749267194,0.09160000,1334.00000000,0.0816
1749267194,0.09190000,55.00000000,0.0816
1749267194,0.09200000,27799.00000000,0.0816
1749267194,0.09210000,2692.00000000,0.0816
1749267194,0.09220000,2670.00000000,0.0816
1749267194,0.09230000,2369.00000000,0.0816
1749267501,0.08090000,122661.00000000,0.081
1749267501,0.08100000,431573.00000000,0.081
1749267501,0.08110000,166491.00000000,0.081
1749267501,0.08120000,72885.00000000,0.081
1749267501,0.08130000,33289.00000000,0.081
1749267501,0.08140000,32144.00000000,0.081
1749267501,0.08150000,51356.00000000,0.081
1749267501,0.08160000,55472.00000000,0.081
1749267501,0.08170000,80085.00000000,0.081
1749267501,0.08180000,38094.00000000,0.081
1749267501,0.08190000,32667.00000000,0.081
1749267501,0.08200000,9749.00000000,0.081
1749267501,0.08210000,28765.00000000,0.081
1749267501,0.08220000,10922.00000000,0.081
1749267501,0.08230000,35483.00000000,0.081
1749267501,0.08240000,78798.00000000,0.081
1749267501,0.08250000,30143.00000000,0.081
1749267501,0.08260000,15050.00000000,0.081
1749267501,0.08270000,36047.00000000,0.081
1749267501,0.08280000,21658.00000000,0.081
1749267501,0.08290000,41024.00000000,0.081
1749267501,0.08300000,33792.00000000,0.081
1749267501,0.08310000,8627.00000000,0.081
1749267501,0.08320000,13823.00000000,0.081
1749267501,0.08330000,8520.00000000,0.081
1749267501,0.08340000,31069.00000000,0.081
1749267501,0.08350000,564.00000000,0.081
1749267501,0.08360000,1791.00000000,0.081
1749267501,0.08370000,8621.00000000,0.081
1749267501,0.08380000,14339.00000000,0.081
1749267501,0.08390000,37457.00000000,0.081
1749267501,0.08400000,27610.00000000,0.081
1749267501,0.08410000,218.00000000,0.081
1749267501,0.08420000,320.00000000,0.081
1749267501,0.08430000,326.00000000,0.081
1749267501,0.08440000,1402.00000000,0.081
1749267501,0.08450000,25509.00000000,0.081
1749267501,0.08460000,2667.00000000,0.081
1749267501,0.08470000,2231.00000000,0.081
1749267501,0.08480000,126.00000000,0.081
1749267501,0.08490000,2012.00000000,0.081
1749267501,0.08500000,38000.00000000,0.081
1749267501,0.08510000,11823.00000000,0.081
1749267501,0.08520000,109727.00000000,0.081
1749267501,0.08530000,2175.00000000,0.081
1749267501,0.08540000,480.00000000,0.081
1749267501,0.08550000,14870.00000000,0.081
1749267501,0.08560000,13498.00000000,0.081
1749267501,0.08570000,1839.00000000,0.081
1749267501,0.08580000,316.00000000,0.081
1749267501,0.08590000,2246.00000000,0.081
1749267501,0.08600000,23073.00000000,0.081
1749267501,0.08610000,334.00000000,0.081
1749267501,0.08620000,2118.00000000,0.081
1749267501,0.08630000,234.00000000,0.081
1749267501,0.08640000,462.00000000,0.081
1749267501,0.08650000,1717.00000000,0.081
1749267501,0.08660000,3225.00000000,0.081
1749267501,0.08670000,339.00000000,0.081
1749267501,0.08680000,852.00000000,0.081
1749267501,0.08690000,12031.00000000,0.081
1749267501,0.08700000,3229.00000000,0.081
1749267501,0.08710000,503.00000000,0.081
1749267501,0.08720000,1553.00000000,0.081
1749267501,0.08730000,488.00000000,0.081
1749267501,0.08740000,249.00000000,0.081
1749267501,0.08750000,2642.00000000,0.081
1749267501,0.08760000,518.00000000,0.081
1749267501,0.08770000,125.00000000,0.081
