timestamp,price,volume,current_price
1749258412,0.03759000,11635.00000000,0.03759
1749258412,0.03760000,16950.00000000,0.03759
1749258412,0.03761000,40259.00000000,0.03759
1749258412,0.03762000,10882.00000000,0.03759
1749258412,0.03763000,169600.00000000,0.03759
1749258412,0.03764000,133404.00000000,0.03759
1749258412,0.03765000,122724.00000000,0.03759
1749258412,0.03766000,101478.00000000,0.03759
1749258412,0.03767000,225781.00000000,0.03759
1749258412,0.03768000,128341.00000000,0.03759
1749258412,0.03769000,64573.00000000,0.03759
1749258412,0.03770000,7362.00000000,0.03759
1749258412,0.03771000,25890.00000000,0.03759
1749258412,0.03772000,7654.00000000,0.03759
1749258412,0.03773000,40126.00000000,0.03759
1749258412,0.03774000,29668.00000000,0.03759
1749258412,0.03775000,11945.00000000,0.03759
1749258412,0.03776000,21095.00000000,0.03759
1749258412,0.03777000,12612.00000000,0.03759
1749258412,0.03778000,25022.00000000,0.03759
1749258412,0.03779000,10355.00000000,0.03759
1749258412,0.03780000,7685.00000000,0.03759
1749258412,0.03781000,12380.00000000,0.03759
1749258412,0.03782000,11945.00000000,0.03759
1749258412,0.03783000,22353.00000000,0.03759
1749258412,0.03784000,7018.00000000,0.03759
1749258412,0.03785000,11945.00000000,0.03759
1749258412,0.03786000,49466.00000000,0.03759
1749258412,0.03787000,32187.00000000,0.03759
1749258412,0.03788000,20097.00000000,0.03759
1749258412,0.03789000,12608.00000000,0.03759
1749258412,0.03790000,45579.00000000,0.03759
1749258412,0.03791000,40507.00000000,0.03759
1749258412,0.03792000,12143.00000000,0.03759
1749258412,0.03793000,13347.00000000,0.03759
1749258412,0.03794000,469.00000000,0.03759
1749258412,0.03795000,269.00000000,0.03759
1749258412,0.03796000,469.00000000,0.03759
1749258412,0.03797000,269.00000000,0.03759
1749258412,0.03798000,13715.00000000,0.03759
1749258412,0.03799000,248329.00000000,0.03759
1749258412,0.03800000,1047.00000000,0.03759
1749258412,0.03801000,269.00000000,0.03759
1749258412,0.03802000,470.00000000,0.03759
1749258412,0.03803000,5195.00000000,0.03759
1749258412,0.03804000,470.00000000,0.03759
1749258412,0.03805000,427.00000000,0.03759
1749258412,0.03806000,470.00000000,0.03759
1749258412,0.03807000,269.00000000,0.03759
1749258412,0.03808000,469.00000000,0.03759
1749258412,0.03809000,700.00000000,0.03759
1749258412,0.03810000,469.00000000,0.03759
1749258412,0.03811000,268.00000000,0.03759
1749258412,0.03812000,669.00000000,0.03759
1749258412,0.03813000,268.00000000,0.03759
1749258412,0.03814000,469.00000000,0.03759
1749258412,0.03815000,268.00000000,0.03759
1749258412,0.03816000,468.00000000,0.03759
1749258412,0.03817000,411.00000000,0.03759
1749258412,0.03818000,899.00000000,0.03759
1749258412,0.03819000,2624.00000000,0.03759
1749258412,0.03820000,607.00000000,0.03759
1749258412,0.03821000,268.00000000,0.03759
1749258412,0.03822000,467.00000000,0.03759
1749258412,0.03823000,267.00000000,0.03759
1749258412,0.03824000,467.00000000,0.03759
1749258412,0.03825000,267.00000000,0.03759
1749258412,0.03826000,467.00000000,0.03759
1749258412,0.03827000,697.00000000,0.03759
1749258412,0.03828000,267.00000000,0.03759
1749258412,0.03829000,267.00000000,0.03759
1749258412,0.03830000,411.00000000,0.03759
1749258412,0.03831000,528.00000000,0.03759
1749258412,0.03832000,267.00000000,0.03759
1749258412,0.03833000,267.00000000,0.03759
1749258412,0.03834000,267.00000000,0.03759
1749258412,0.03835000,354.00000000,0.03759
1749258412,0.03836000,429.00000000,0.03759
1749258412,0.03838000,182.00000000,0.03759
1749258412,0.03842000,452.00000000,0.03759
1749258412,0.03844000,143.00000000,0.03759
1749258412,0.03845000,428.00000000,0.03759
1749258412,0.03848000,9211.00000000,0.03759
1749258412,0.03850000,519.00000000,0.03759
1749258412,0.03852000,884.00000000,0.03759
1749258412,0.03854000,609.00000000,0.03759
1749258412,0.03858000,197.00000000,0.03759
1749258412,0.03859000,207.00000000,0.03759
1749258412,0.03860000,144.00000000,0.03759
1749258412,0.03863000,426.00000000,0.03759
1749258412,0.03864000,139.00000000,0.03759
1749258412,0.03865000,4180.00000000,0.03759
1749258412,0.03866000,181.00000000,0.03759
1749258412,0.03868000,156.00000000,0.03759
1749258412,0.03869000,24815.00000000,0.03759
1749258412,0.03870000,2170.00000000,0.03759
1749258412,0.03872000,425.00000000,0.03759
1749258412,0.03873000,207.00000000,0.03759
1749258412,0.03878000,6503.00000000,0.03759
1749258412,0.03880000,412.00000000,0.03759
1749258747,0.03753000,8449.00000000,0.03752
1749258747,0.03754000,17194.00000000,0.03752
1749258747,0.03755000,76408.00000000,0.03752
1749258747,0.03756000,77709.00000000,0.03752
1749258747,0.03757000,49259.00000000,0.03752
1749258747,0.03758000,174600.00000000,0.03752
1749258747,0.03759000,198045.00000000,0.03752
1749258747,0.03760000,110185.00000000,0.03752
1749258747,0.03761000,84383.00000000,0.03752
1749258747,0.03762000,20492.00000000,0.03752
1749258747,0.03763000,52307.00000000,0.03752
1749258747,0.03764000,26745.00000000,0.03752
1749258747,0.03765000,28828.00000000,0.03752
1749258747,0.03766000,33963.00000000,0.03752
1749258747,0.03767000,20497.00000000,0.03752
1749258747,0.03768000,29483.00000000,0.03752
1749258747,0.03769000,38581.00000000,0.03752
1749258747,0.03770000,21100.00000000,0.03752
1749258747,0.03771000,25022.00000000,0.03752
1749258747,0.03772000,7454.00000000,0.03752
1749258747,0.03773000,25022.00000000,0.03752
1749258747,0.03774000,16192.00000000,0.03752
1749258747,0.03775000,11945.00000000,0.03752
1749258747,0.03776000,7157.00000000,0.03752
1749258747,0.03777000,11945.00000000,0.03752
1749258747,0.03778000,25022.00000000,0.03752
1749258747,0.03779000,29166.00000000,0.03752
1749258747,0.03780000,21937.00000000,0.03752
1749258747,0.03781000,12380.00000000,0.03752
1749258747,0.03782000,27325.00000000,0.03752
1749258747,0.03783000,49534.00000000,0.03752
1749258747,0.03784000,268.00000000,0.03752
1749258747,0.03785000,11945.00000000,0.03752
1749258747,0.03786000,1303.00000000,0.03752
1749258747,0.03787000,11953.00000000,0.03752
1749258747,0.03788000,13347.00000000,0.03752
1749258747,0.03789000,127663.00000000,0.03752
1749258747,0.03790000,38829.00000000,0.03752
1749258747,0.03791000,13490.00000000,0.03752
1749258747,0.03792000,1136.00000000,0.03752
1749258747,0.03793000,13347.00000000,0.03752
1749258747,0.03794000,469.00000000,0.03752
1749258747,0.03795000,269.00000000,0.03752
1749258747,0.03796000,469.00000000,0.03752
1749258747,0.03797000,269.00000000,0.03752
1749258747,0.03798000,14381.00000000,0.03752
1749258747,0.03799000,121240.00000000,0.03752
1749258747,0.03800000,1047.00000000,0.03752
1749258747,0.03801000,269.00000000,0.03752
1749258747,0.03802000,470.00000000,0.03752
1749258747,0.03803000,5195.00000000,0.03752
1749258747,0.03804000,1136.00000000,0.03752
1749258747,0.03805000,427.00000000,0.03752
1749258747,0.03806000,470.00000000,0.03752
1749258747,0.03807000,269.00000000,0.03752
1749258747,0.03808000,469.00000000,0.03752
1749258747,0.03809000,700.00000000,0.03752
1749258747,0.03810000,1135.00000000,0.03752
1749258747,0.03811000,268.00000000,0.03752
1749258747,0.03812000,669.00000000,0.03752
1749258747,0.03813000,268.00000000,0.03752
1749258747,0.03814000,469.00000000,0.03752
1749258747,0.03815000,268.00000000,0.03752
1749258747,0.03816000,1134.00000000,0.03752
1749258747,0.03817000,411.00000000,0.03752
1749258747,0.03818000,899.00000000,0.03752
1749258747,0.03819000,2624.00000000,0.03752
1749258747,0.03820000,607.00000000,0.03752
1749258747,0.03821000,268.00000000,0.03752
1749258747,0.03822000,467.00000000,0.03752
1749258747,0.03823000,267.00000000,0.03752
1749258747,0.03824000,467.00000000,0.03752
1749258747,0.03825000,267.00000000,0.03752
1749258747,0.03826000,467.00000000,0.03752
1749258747,0.03827000,697.00000000,0.03752
1749258747,0.03828000,267.00000000,0.03752
1749258747,0.03830000,144.00000000,0.03752
1749258747,0.03831000,261.00000000,0.03752
1749258747,0.03835000,354.00000000,0.03752
1749258747,0.03836000,429.00000000,0.03752
1749258747,0.03838000,182.00000000,0.03752
1749258747,0.03842000,452.00000000,0.03752
1749258747,0.03844000,143.00000000,0.03752
1749258747,0.03845000,428.00000000,0.03752
1749258747,0.03848000,9211.00000000,0.03752
1749258747,0.03850000,519.00000000,0.03752
1749258747,0.03852000,884.00000000,0.03752
1749258747,0.03854000,609.00000000,0.03752
1749258747,0.03858000,197.00000000,0.03752
1749258747,0.03859000,207.00000000,0.03752
1749258747,0.03860000,144.00000000,0.03752
1749258747,0.03863000,426.00000000,0.03752
1749258747,0.03864000,139.00000000,0.03752
1749258747,0.03865000,4180.00000000,0.03752
1749258747,0.03866000,181.00000000,0.03752
1749258747,0.03868000,6453.00000000,0.03752
1749258747,0.03869000,24815.00000000,0.03752
1749258747,0.03870000,2170.00000000,0.03752
1749258747,0.03872000,425.00000000,0.03752
1749258747,0.03873000,207.00000000,0.03752
1749259049,0.03748000,9090.00000000,0.03747
1749259049,0.03749000,13512.00000000,0.03747
1749259049,0.03750000,40566.00000000,0.03747
1749259049,0.03751000,38711.00000000,0.03747
1749259049,0.03752000,67844.00000000,0.03747
1749259049,0.03753000,53164.00000000,0.03747
1749259049,0.03754000,121846.00000000,0.03747
1749259049,0.03755000,137959.00000000,0.03747
1749259049,0.03756000,95050.00000000,0.03747
1749259049,0.03757000,109106.00000000,0.03747
1749259049,0.03758000,68508.00000000,0.03747
1749259049,0.03759000,73905.00000000,0.03747
1749259049,0.03760000,12349.00000000,0.03747
1749259049,0.03761000,43574.00000000,0.03747
1749259049,0.03762000,58932.00000000,0.03747
1749259049,0.03763000,47532.00000000,0.03747
1749259049,0.03764000,12494.00000000,0.03747
1749259049,0.03765000,41137.00000000,0.03747
1749259049,0.03766000,12501.00000000,0.03747
1749259049,0.03767000,32466.00000000,0.03747
1749259049,0.03768000,23498.00000000,0.03747
1749259049,0.03769000,56948.00000000,0.03747
1749259049,0.03770000,7162.00000000,0.03747
1749259049,0.03771000,34552.00000000,0.03747
1749259049,0.03772000,7454.00000000,0.03747
1749259049,0.03773000,20095.00000000,0.03747
1749259049,0.03774000,31605.00000000,0.03747
1749259049,0.03775000,7018.00000000,0.03747
1749259049,0.03776000,7157.00000000,0.03747
1749259049,0.03777000,7018.00000000,0.03747
1749259049,0.03778000,20095.00000000,0.03747
1749259049,0.03779000,8872.00000000,0.03747
1749259049,0.03780000,7684.00000000,0.03747
1749259049,0.03781000,20530.00000000,0.03747
1749259049,0.03782000,268.00000000,0.03747
1749259049,0.03783000,42784.00000000,0.03747
1749259049,0.03784000,268.00000000,0.03747
1749259049,0.03785000,268.00000000,0.03747
1749259049,0.03786000,1303.00000000,0.03747
1749259049,0.03787000,270.00000000,0.03747
1749259049,0.03788000,13347.00000000,0.03747
1749259049,0.03789000,248924.00000000,0.03747
1749259049,0.03790000,38829.00000000,0.03747
1749259049,0.03791000,13490.00000000,0.03747
1749259049,0.03792000,1136.00000000,0.03747
1749259049,0.03793000,13347.00000000,0.03747
1749259049,0.03794000,469.00000000,0.03747
1749259049,0.03795000,269.00000000,0.03747
1749259049,0.03796000,469.00000000,0.03747
1749259049,0.03797000,269.00000000,0.03747
1749259049,0.03798000,14381.00000000,0.03747
1749259049,0.03799000,269.00000000,0.03747
1749259049,0.03800000,5048.00000000,0.03747
1749259049,0.03801000,269.00000000,0.03747
1749259049,0.03802000,470.00000000,0.03747
1749259049,0.03803000,5195.00000000,0.03747
1749259049,0.03804000,1136.00000000,0.03747
1749259049,0.03805000,427.00000000,0.03747
1749259049,0.03806000,470.00000000,0.03747
1749259049,0.03807000,269.00000000,0.03747
1749259049,0.03808000,469.00000000,0.03747
1749259049,0.03809000,700.00000000,0.03747
1749259049,0.03810000,1135.00000000,0.03747
1749259049,0.03811000,268.00000000,0.03747
1749259049,0.03812000,669.00000000,0.03747
1749259049,0.03813000,268.00000000,0.03747
1749259049,0.03814000,469.00000000,0.03747
1749259049,0.03815000,268.00000000,0.03747
1749259049,0.03816000,468.00000000,0.03747
1749259049,0.03817000,411.00000000,0.03747
1749259049,0.03818000,899.00000000,0.03747
1749259049,0.03819000,2624.00000000,0.03747
1749259049,0.03820000,607.00000000,0.03747
1749259049,0.03821000,268.00000000,0.03747
1749259049,0.03822000,467.00000000,0.03747
1749259049,0.03823000,267.00000000,0.03747
1749259049,0.03824000,200.00000000,0.03747
1749259049,0.03826000,200.00000000,0.03747
1749259049,0.03827000,430.00000000,0.03747
1749259049,0.03830000,144.00000000,0.03747
1749259049,0.03831000,261.00000000,0.03747
1749259049,0.03835000,354.00000000,0.03747
1749259049,0.03836000,429.00000000,0.03747
1749259049,0.03838000,182.00000000,0.03747
1749259049,0.03842000,452.00000000,0.03747
1749259049,0.03844000,143.00000000,0.03747
1749259049,0.03845000,428.00000000,0.03747
1749259049,0.03848000,9211.00000000,0.03747
1749259049,0.03850000,519.00000000,0.03747
1749259049,0.03852000,884.00000000,0.03747
1749259049,0.03854000,609.00000000,0.03747
1749259049,0.03858000,197.00000000,0.03747
1749259049,0.03859000,207.00000000,0.03747
1749259049,0.03860000,144.00000000,0.03747
1749259049,0.03863000,426.00000000,0.03747
1749259049,0.03864000,139.00000000,0.03747
1749259049,0.03865000,4180.00000000,0.03747
1749259049,0.03866000,181.00000000,0.03747
1749259049,0.03868000,6453.00000000,0.03747
1749259049,0.03869000,24815.00000000,0.03747
