timestamp,price,volume,current_price
1749260783,44.09000000,9.90000000,44.08
1749260783,44.10000000,139.71100000,44.08
1749260783,44.11000000,86.98000000,44.08
1749260783,44.12000000,135.21700000,44.08
1749260783,44.13000000,301.95400000,44.08
1749260783,44.14000000,195.03200000,44.08
1749260783,44.15000000,117.72200000,44.08
1749260783,44.16000000,273.89700000,44.08
1749260783,44.17000000,212.55400000,44.08
1749260783,44.18000000,241.90100000,44.08
1749260783,44.19000000,104.37800000,44.08
1749260783,44.20000000,86.82700000,44.08
1749260783,44.21000000,10.46700000,44.08
1749260783,44.22000000,68.20300000,44.08
1749260783,44.23000000,23.53100000,44.08
1749260783,44.24000000,14.78500000,44.08
1749260783,44.25000000,16.84200000,44.08
1749260783,44.26000000,23.18900000,44.08
1749260783,44.27000000,10.42700000,44.08
1749260783,44.28000000,66.14200000,44.08
1749260783,44.29000000,23.35900000,44.08
1749260783,44.30000000,12.39200000,44.08
1749260783,44.31000000,15.00300000,44.08
1749260783,44.32000000,23.18900000,44.08
1749260783,44.33000000,12.56800000,44.08
1749260783,44.34000000,16.77900000,44.08
1749260783,44.35000000,23.35900000,44.08
1749260783,44.36000000,12.39500000,44.08
1749260783,44.37000000,10.29600000,44.08
1749260783,44.38000000,25.45700000,44.08
1749260783,44.39000000,28.60700000,44.08
1749260783,44.40000000,10.12600000,44.08
1749260783,44.41000000,28.17200000,44.08
1749260783,44.42000000,99.44500000,44.08
1749260783,44.43000000,10.41200000,44.08
1749260783,44.44000000,28.78100000,44.08
1749260783,44.45000000,0.39500000,44.08
1749260783,44.46000000,10.98400000,44.08
1749260783,44.47000000,23.35700000,44.08
1749260783,44.48000000,0.22500000,44.08
1749260783,44.49000000,20.46200000,44.08
1749260783,44.50000000,14.16700000,44.08
1749260783,44.51000000,0.39400000,44.08
1749260783,44.52000000,3.93200000,44.08
1749260783,44.53000000,13.45700000,44.08
1749260783,44.54000000,0.22500000,44.08
1749260783,44.55000000,0.39400000,44.08
1749260783,44.56000000,13.28800000,44.08
1749260783,44.57000000,0.39400000,44.08
1749260783,44.58000000,0.22500000,44.08
1749260783,44.59000000,13.45700000,44.08
1749260783,44.60000000,0.22500000,44.08
1749260783,44.61000000,0.39400000,44.08
1749260783,44.62000000,13.28800000,44.08
1749260783,44.63000000,14.46300000,44.08
1749260783,44.64000000,0.22500000,44.08
1749260783,44.65000000,0.39300000,44.08
1749260783,44.66000000,0.22400000,44.08
1749260783,44.67000000,0.51000000,44.08
1749260783,44.68000000,0.22400000,44.08
1749260783,44.69000000,0.39200000,44.08
1749260783,44.70000000,0.22400000,44.08
1749260783,44.71000000,0.39200000,44.08
1749260783,44.72000000,0.34100000,44.08
1749260783,44.73000000,33.14800000,44.08
1749260783,44.74000000,0.35500000,44.08
1749260783,44.75000000,0.39400000,44.08
1749260783,44.76000000,0.22400000,44.08
1749260783,44.77000000,0.39600000,44.08
1749260783,44.78000000,17.83900000,44.08
1749260783,44.79000000,0.39600000,44.08
1749260783,44.80000000,0.22800000,44.08
1749260783,44.81000000,13.66700000,44.08
1749260783,44.82000000,0.22800000,44.08
1749260783,44.83000000,0.22700000,44.08
1749260783,44.84000000,3.57100000,44.08
1749260783,44.86000000,0.11700000,44.08
1749260783,44.88000000,22.47600000,44.08
1749260783,44.96000000,0.89300000,44.08
1749260783,44.98000000,0.13100000,44.08
1749260783,45.00000000,1.04400000,44.08
1749260783,45.01000000,0.82500000,44.08
1749260783,45.02000000,0.29700000,44.08
1749260783,45.09000000,0.11600000,44.08
1749260783,45.14000000,25.88400000,44.08
1749260783,45.20000000,0.40500000,44.08
1749260783,45.21000000,0.67500000,44.08
1749260783,45.22000000,0.13100000,44.08
1749260783,45.23000000,0.36400000,44.08
1749260783,45.29000000,13.31400000,44.08
1749260783,45.30000000,14.71500000,44.08
1749260783,45.33000000,9.59200000,44.08
1749260783,45.37000000,0.12600000,44.08
1749260783,45.40000000,34.20500000,44.08
1749260783,45.41000000,0.67400000,44.08
1749260783,45.47000000,0.13100000,44.08
1749260783,45.51000000,2.84400000,44.08
1749260783,45.52000000,199.80000000,44.08
1749260783,45.53000000,0.11500000,44.08
1749260783,45.56000000,0.17600000,44.08
1749261103,44.13000000,43.31700000,44.12
1749261103,44.14000000,158.46600000,44.12
1749261103,44.15000000,105.02400000,44.12
1749261103,44.16000000,124.86100000,44.12
1749261103,44.17000000,237.76300000,44.12
1749261103,44.18000000,140.63900000,44.12
1749261103,44.19000000,195.86300000,44.12
1749261103,44.20000000,260.02200000,44.12
1749261103,44.21000000,285.46000000,44.12
1749261103,44.22000000,178.48000000,44.12
1749261103,44.23000000,64.18900000,44.12
1749261103,44.24000000,183.09000000,44.12
1749261103,44.25000000,13.35300000,44.12
1749261103,44.26000000,23.35900000,44.12
1749261103,44.27000000,15.28100000,44.12
1749261103,44.28000000,66.63900000,44.12
1749261103,44.29000000,23.35900000,44.12
1749261103,44.30000000,10.12600000,44.12
1749261103,44.31000000,14.96200000,44.12
1749261103,44.32000000,23.18900000,44.12
1749261103,44.33000000,12.56200000,44.12
1749261103,44.34000000,16.77400000,44.12
1749261103,44.35000000,23.35900000,44.12
1749261103,44.36000000,12.39500000,44.12
1749261103,44.37000000,15.00300000,44.12
1749261103,44.38000000,25.45700000,44.12
1749261103,44.39000000,10.29600000,44.12
1749261103,44.40000000,12.39300000,44.12
1749261103,44.41000000,26.77500000,44.12
1749261103,44.42000000,0.22600000,44.12
1749261103,44.43000000,10.41200000,44.12
1749261103,44.44000000,33.21000000,44.12
1749261103,44.45000000,10.29500000,44.12
1749261103,44.46000000,20.88400000,44.12
1749261103,44.47000000,122.39400000,44.12
1749261103,44.48000000,8.21700000,44.12
1749261103,44.49000000,10.29400000,44.12
1749261103,44.50000000,24.06700000,44.12
1749261103,44.51000000,6.14300000,44.12
1749261103,44.52000000,13.83200000,44.12
1749261103,44.53000000,23.35700000,44.12
1749261103,44.54000000,0.22500000,44.12
1749261103,44.55000000,0.39400000,44.12
1749261103,44.56000000,13.28800000,44.12
1749261103,44.57000000,0.39400000,44.12
1749261103,44.58000000,0.22500000,44.12
1749261103,44.59000000,13.45700000,44.12
1749261103,44.60000000,0.22500000,44.12
1749261103,44.61000000,10.56200000,44.12
1749261103,44.62000000,13.28800000,44.12
1749261103,44.63000000,0.39400000,44.12
1749261103,44.64000000,0.22500000,44.12
1749261103,44.65000000,0.39300000,44.12
1749261103,44.66000000,0.22400000,44.12
1749261103,44.67000000,0.51000000,44.12
1749261103,44.68000000,0.22400000,44.12
1749261103,44.69000000,0.39200000,44.12
1749261103,44.70000000,0.22400000,44.12
1749261103,44.71000000,0.39200000,44.12
1749261103,44.72000000,0.34100000,44.12
1749261103,44.73000000,33.14800000,44.12
1749261103,44.74000000,14.68600000,44.12
1749261103,44.75000000,0.39400000,44.12
1749261103,44.76000000,0.22400000,44.12
1749261103,44.77000000,0.39600000,44.12
1749261103,44.78000000,17.83900000,44.12
1749261103,44.79000000,0.39600000,44.12
1749261103,44.80000000,0.22800000,44.12
1749261103,44.81000000,13.66700000,44.12
1749261103,44.82000000,0.22800000,44.12
1749261103,44.83000000,0.22700000,44.12
1749261103,44.84000000,3.57100000,44.12
1749261103,44.85000000,0.22700000,44.12
1749261103,44.86000000,0.34400000,44.12
1749261103,44.87000000,0.22700000,44.12
1749261103,44.88000000,0.22700000,44.12
1749261103,44.98000000,0.13100000,44.12
1749261103,45.00000000,22.47600000,44.12
1749261103,45.01000000,0.82500000,44.12
1749261103,45.02000000,0.29700000,44.12
1749261103,45.08000000,0.89300000,44.12
1749261103,45.09000000,0.11600000,44.12
1749261103,45.12000000,1.04400000,44.12
1749261103,45.13000000,0.26600000,44.12
1749261103,45.14000000,25.88400000,44.12
1749261103,45.20000000,0.40500000,44.12
1749261103,45.21000000,0.67500000,44.12
1749261103,45.22000000,0.13100000,44.12
1749261103,45.23000000,0.36400000,44.12
1749261103,45.29000000,13.31400000,44.12
1749261103,45.30000000,14.71500000,44.12
1749261103,45.37000000,0.12600000,44.12
1749261103,45.40000000,34.20500000,44.12
1749261103,45.41000000,0.67400000,44.12
1749261103,45.45000000,9.59200000,44.12
1749261103,45.47000000,0.13100000,44.12
1749261103,45.51000000,2.84400000,44.12
1749261103,45.52000000,199.80000000,44.12
1749261103,45.53000000,0.11500000,44.12
1749261103,45.56000000,0.17600000,44.12
1749261416,44.24000000,141.55800000,44.24
1749261416,44.25000000,26.62000000,44.24
1749261416,44.26000000,39.19100000,44.24
1749261416,44.27000000,60.05300000,44.24
1749261416,44.28000000,102.55200000,44.24
1749261416,44.29000000,255.66200000,44.24
1749261416,44.30000000,185.21500000,44.24
1749261416,44.31000000,294.69200000,44.24
1749261416,44.32000000,364.17000000,44.24
1749261416,44.33000000,177.02100000,44.24
1749261416,44.34000000,150.69800000,44.24
1749261416,44.35000000,117.10200000,44.24
1749261416,44.36000000,10.29600000,44.24
1749261416,44.37000000,15.50300000,44.24
1749261416,44.38000000,23.18900000,44.24
1749261416,44.39000000,10.29600000,44.24
1749261416,44.40000000,12.01000000,44.24
1749261416,44.41000000,23.35800000,44.24
1749261416,44.42000000,66.14200000,44.24
1749261416,44.43000000,10.41200000,44.24
1749261416,44.44000000,23.18900000,44.24
1749261416,44.45000000,12.55700000,44.24
1749261416,44.46000000,30.07100000,44.24
1749261416,44.47000000,27.74000000,44.24
1749261416,44.48000000,0.22500000,44.24
1749261416,44.49000000,10.29400000,44.24
1749261416,44.50000000,24.06700000,44.24
1749261416,44.51000000,2.65600000,44.24
1749261416,44.52000000,112.67500000,44.24
1749261416,44.53000000,23.35700000,44.24
1749261416,44.54000000,2.48700000,44.24
1749261416,44.55000000,11.71500000,44.24
1749261416,44.56000000,23.18800000,44.24
1749261416,44.57000000,6.07200000,44.24
1749261416,44.58000000,15.79200000,44.24
1749261416,44.59000000,26.25800000,44.24
1749261416,44.60000000,0.22500000,44.24
1749261416,44.61000000,20.46200000,44.24
1749261416,44.62000000,23.18800000,44.24
1749261416,44.63000000,0.39400000,44.24
1749261416,44.64000000,0.22500000,44.24
1749261416,44.65000000,0.39300000,44.24
1749261416,44.66000000,0.22400000,44.24
1749261416,44.67000000,0.51000000,44.24
1749261416,44.68000000,0.22400000,44.24
1749261416,44.69000000,0.39200000,44.24
1749261416,44.70000000,0.22400000,44.24
1749261416,44.71000000,0.39200000,44.24
1749261416,44.72000000,0.34100000,44.24
1749261416,44.73000000,43.04800000,44.24
1749261416,44.74000000,0.35500000,44.24
1749261416,44.75000000,0.39400000,44.24
1749261416,44.76000000,0.22400000,44.24
1749261416,44.77000000,0.39600000,44.24
1749261416,44.78000000,17.83900000,44.24
1749261416,44.79000000,0.39600000,44.24
1749261416,44.80000000,0.22800000,44.24
1749261416,44.81000000,0.39600000,44.24
1749261416,44.82000000,0.22800000,44.24
1749261416,44.83000000,0.22700000,44.24
1749261416,44.84000000,0.22700000,44.24
1749261416,44.85000000,14.57000000,44.24
1749261416,44.86000000,0.34400000,44.24
1749261416,44.87000000,0.22700000,44.24
1749261416,44.88000000,0.22700000,44.24
1749261416,44.89000000,0.22700000,44.24
1749261416,44.90000000,0.22700000,44.24
1749261416,44.91000000,0.22700000,44.24
1749261416,44.92000000,0.22700000,44.24
1749261416,44.93000000,0.22700000,44.24
1749261416,44.94000000,13.49800000,44.24
1749261416,44.95000000,0.22700000,44.24
1749261416,44.96000000,1.12000000,44.24
1749261416,44.97000000,0.22700000,44.24
1749261416,44.98000000,0.35800000,44.24
1749261416,44.99000000,0.22700000,44.24
1749261416,45.00000000,23.52000000,44.24
1749261416,45.01000000,0.82500000,44.24
1749261416,45.02000000,3.62800000,44.24
1749261416,45.09000000,0.11600000,44.24
1749261416,45.13000000,0.26600000,44.24
1749261416,45.14000000,25.88400000,44.24
1749261416,45.20000000,0.40500000,44.24
1749261416,45.21000000,0.67500000,44.24
1749261416,45.22000000,0.13100000,44.24
1749261416,45.23000000,0.36400000,44.24
1749261416,45.29000000,13.31400000,44.24
1749261416,45.37000000,0.12600000,44.24
1749261416,45.40000000,34.20500000,44.24
1749261416,45.41000000,0.67400000,44.24
1749261416,45.42000000,14.71500000,44.24
1749261416,45.45000000,9.59200000,44.24
1749261416,45.47000000,0.13100000,44.24
1749261416,45.51000000,2.84400000,44.24
1749261416,45.52000000,199.80000000,44.24
1749261416,45.53000000,0.11500000,44.24
1749261416,45.56000000,0.17600000,44.24
1749261416,45.60000000,0.20000000,44.24
1749261416,45.64000000,0.11500000,44.24
1749261416,45.65000000,0.16500000,44.24
1749261733,44.09000000,4.08100000,44.08
1749261733,44.10000000,64.79300000,44.08
1749261733,44.11000000,141.13700000,44.08
1749261733,44.12000000,112.96700000,44.08
1749261733,44.13000000,271.63300000,44.08
1749261733,44.14000000,93.05100000,44.08
1749261733,44.15000000,202.44000000,44.08
1749261733,44.16000000,376.85200000,44.08
1749261733,44.17000000,305.99300000,44.08
1749261733,44.18000000,61.68800000,44.08
1749261733,44.19000000,123.38200000,44.08
1749261733,44.20000000,49.48300000,44.08
1749261733,44.21000000,10.46700000,44.08
1749261733,44.22000000,12.18100000,44.08
1749261733,44.23000000,10.14200000,44.08
1749261733,44.24000000,10.29700000,44.08
1749261733,44.25000000,13.35500000,44.08
1749261733,44.26000000,23.35900000,44.08
1749261733,44.27000000,13.61900000,44.08
1749261733,44.28000000,66.31200000,44.08
1749261733,44.29000000,25.79500000,44.08
1749261733,44.30000000,15.41400000,44.08
1749261733,44.31000000,19.38600000,44.08
1749261733,44.32000000,23.18900000,44.08
1749261733,44.33000000,12.56200000,44.08
1749261733,44.34000000,12.39100000,44.08
1749261733,44.35000000,85.00100000,44.08
1749261733,44.36000000,10.12600000,44.08
1749261733,44.37000000,21.05500000,44.08
1749261733,44.38000000,23.18900000,44.08
1749261733,44.39000000,15.97600000,44.08
1749261733,44.40000000,12.38800000,44.08
1749261733,44.41000000,23.35800000,44.08
1749261733,44.42000000,10.12600000,44.08
1749261733,44.43000000,10.41200000,44.08
1749261733,44.44000000,23.18900000,44.08
1749261733,44.45000000,10.29500000,44.08
1749261733,44.46000000,109.17000000,44.08
1749261733,44.47000000,24.78700000,44.08
1749261733,44.48000000,10.39300000,44.08
1749261733,44.49000000,15.88200000,44.08
1749261733,44.50000000,24.06700000,44.08
1749261733,44.51000000,0.39400000,44.08
1749261733,44.52000000,13.83200000,44.08
1749261733,44.53000000,23.35700000,44.08
1749261733,44.54000000,0.22500000,44.08
1749261733,44.55000000,0.39400000,44.08
1749261733,44.56000000,13.28800000,44.08
1749261733,44.57000000,0.39400000,44.08
1749261733,44.58000000,0.22500000,44.08
1749261733,44.59000000,13.45700000,44.08
1749261733,44.60000000,0.22500000,44.08
1749261733,44.61000000,0.39400000,44.08
1749261733,44.62000000,13.28800000,44.08
1749261733,44.63000000,0.39400000,44.08
1749261733,44.64000000,0.22500000,44.08
1749261733,44.65000000,0.39300000,44.08
1749261733,44.66000000,0.22400000,44.08
1749261733,44.67000000,0.51000000,44.08
1749261733,44.68000000,0.22400000,44.08
1749261733,44.69000000,0.39200000,44.08
1749261733,44.70000000,0.22400000,44.08
1749261733,44.71000000,0.39200000,44.08
1749261733,44.72000000,0.34100000,44.08
1749261733,44.73000000,33.14800000,44.08
1749261733,44.74000000,14.41800000,44.08
1749261733,44.75000000,0.39400000,44.08
1749261733,44.76000000,0.22400000,44.08
1749261733,44.77000000,0.39600000,44.08
1749261733,44.78000000,17.83900000,44.08
1749261733,44.79000000,0.39600000,44.08
1749261733,44.80000000,0.22800000,44.08
1749261733,44.81000000,0.39600000,44.08
1749261733,44.82000000,0.22800000,44.08
1749261733,44.83000000,0.22700000,44.08
1749261733,44.84000000,1.12000000,44.08
1749261733,44.86000000,0.11700000,44.08
1749261733,44.88000000,23.52000000,44.08
1749261733,44.94000000,13.27100000,44.08
1749261733,44.98000000,0.13100000,44.08
1749261733,45.01000000,0.82500000,44.08
1749261733,45.02000000,3.62800000,44.08
1749261733,45.09000000,0.11600000,44.08
1749261733,45.13000000,0.26600000,44.08
1749261733,45.14000000,25.88400000,44.08
1749261733,45.20000000,0.40500000,44.08
1749261733,45.21000000,0.67500000,44.08
1749261733,45.22000000,0.13100000,44.08
1749261733,45.23000000,0.36400000,44.08
1749261733,45.29000000,13.31400000,44.08
1749261733,45.37000000,0.12600000,44.08
1749261733,45.40000000,34.20500000,44.08
1749261733,45.41000000,0.67400000,44.08
1749261733,45.42000000,14.71500000,44.08
1749261733,45.45000000,9.59200000,44.08
1749261733,45.47000000,0.13100000,44.08
1749261733,45.51000000,2.84400000,44.08
1749261733,45.52000000,199.80000000,44.08
1749261733,45.53000000,0.11500000,44.08
1749261733,45.56000000,0.17600000,44.08
1749262040,44.16000000,167.59500000,44.16
1749262040,44.17000000,38.93400000,44.16
1749262040,44.18000000,56.54700000,44.16
1749262040,44.19000000,68.92700000,44.16
1749262040,44.20000000,136.96200000,44.16
1749262040,44.21000000,288.53900000,44.16
1749262040,44.22000000,202.81500000,44.16
1749262040,44.23000000,197.77600000,44.16
1749262040,44.24000000,263.55300000,44.16
1749262040,44.25000000,237.41100000,44.16
1749262040,44.26000000,144.12600000,44.16
1749262040,44.27000000,32.11200000,44.16
1749262040,44.28000000,67.64900000,44.16
1749262040,44.29000000,10.46600000,44.16
1749262040,44.30000000,10.29600000,44.16
1749262040,44.31000000,10.97300000,44.16
1749262040,44.32000000,23.18900000,44.16
1749262040,44.33000000,15.58300000,44.16
1749262040,44.34000000,12.39000000,44.16
1749262040,44.35000000,79.37500000,44.16
1749262040,44.36000000,23.14800000,44.16
1749262040,44.37000000,10.29600000,44.16
1749262040,44.38000000,23.18900000,44.16
1749262040,44.39000000,12.55800000,44.16
1749262040,44.40000000,12.38700000,44.16
1749262040,44.41000000,23.35800000,44.16
1749262040,44.42000000,109.23500000,44.16
1749262040,44.43000000,12.67100000,44.16
1749262040,44.44000000,27.57200000,44.16
1749262040,44.45000000,12.56000000,44.16
1749262040,44.46000000,10.12500000,44.16
1749262040,44.47000000,23.35700000,44.16
1749262040,44.48000000,20.29300000,44.16
1749262040,44.49000000,15.14800000,44.16
1749262040,44.50000000,29.21300000,44.16
1749262040,44.51000000,0.39400000,44.16
1749262040,44.52000000,3.93200000,44.16
1749262040,44.53000000,23.35700000,44.16
1749262040,44.54000000,0.22500000,44.16
1749262040,44.55000000,0.39400000,44.16
1749262040,44.56000000,23.18800000,44.16
1749262040,44.57000000,6.08200000,44.16
1749262040,44.58000000,10.12500000,44.16
1749262040,44.59000000,13.45700000,44.16
1749262040,44.60000000,0.22500000,44.16
1749262040,44.61000000,33.15000000,44.16
1749262040,44.62000000,13.28800000,44.16
1749262040,44.63000000,0.39400000,44.16
1749262040,44.64000000,0.22500000,44.16
1749262040,44.65000000,0.39300000,44.16
1749262040,44.66000000,0.22400000,44.16
1749262040,44.67000000,0.51000000,44.16
1749262040,44.68000000,0.22400000,44.16
1749262040,44.69000000,0.39200000,44.16
1749262040,44.70000000,0.22400000,44.16
1749262040,44.71000000,0.39200000,44.16
1749262040,44.72000000,0.34100000,44.16
1749262040,44.73000000,0.39200000,44.16
1749262040,44.74000000,0.35500000,44.16
1749262040,44.75000000,14.66600000,44.16
1749262040,44.76000000,0.22400000,44.16
1749262040,44.77000000,0.39600000,44.16
1749262040,44.78000000,17.83900000,44.16
1749262040,44.79000000,0.39600000,44.16
1749262040,44.80000000,0.22800000,44.16
1749262040,44.81000000,0.39600000,44.16
1749262040,44.82000000,0.22800000,44.16
1749262040,44.83000000,0.22700000,44.16
1749262040,44.84000000,1.12000000,44.16
1749262040,44.85000000,0.22700000,44.16
1749262040,44.86000000,13.61500000,44.16
1749262040,44.87000000,0.22700000,44.16
1749262040,44.88000000,23.74700000,44.16
1749262040,44.89000000,0.22700000,44.16
1749262040,44.90000000,0.22700000,44.16
1749262040,44.91000000,0.22700000,44.16
1749262040,44.98000000,0.13100000,44.16
1749262040,45.01000000,0.82500000,44.16
1749262040,45.02000000,3.62800000,44.16
1749262040,45.09000000,0.11600000,44.16
1749262040,45.13000000,0.26600000,44.16
1749262040,45.14000000,25.88400000,44.16
1749262040,45.20000000,0.40500000,44.16
1749262040,45.21000000,0.67500000,44.16
1749262040,45.22000000,0.13100000,44.16
1749262040,45.23000000,0.36400000,44.16
1749262040,45.29000000,13.31400000,44.16
1749262040,45.37000000,0.12600000,44.16
1749262040,45.39000000,25.82700000,44.16
1749262040,45.40000000,34.20500000,44.16
1749262040,45.41000000,0.67400000,44.16
1749262040,45.42000000,14.71500000,44.16
1749262040,45.45000000,9.59200000,44.16
1749262040,45.47000000,0.13100000,44.16
1749262040,45.51000000,2.84400000,44.16
1749262040,45.52000000,199.80000000,44.16
1749262040,45.53000000,0.11500000,44.16
1749262040,45.56000000,0.17600000,44.16
1749262040,45.60000000,0.20000000,44.16
1749262040,45.64000000,0.11500000,44.16
1749262341,44.21000000,138.00800000,44.21
1749262341,44.22000000,27.88800000,44.21
1749262341,44.23000000,83.02600000,44.21
1749262341,44.24000000,193.30700000,44.21
1749262341,44.25000000,169.83300000,44.21
1749262341,44.26000000,156.64900000,44.21
1749262341,44.27000000,321.39800000,44.21
1749262341,44.28000000,206.22700000,44.21
1749262341,44.29000000,86.37100000,44.21
1749262341,44.30000000,67.07500000,44.21
1749262341,44.31000000,164.84600000,44.21
1749262341,44.32000000,27.23500000,44.21
1749262341,44.33000000,10.29600000,44.21
1749262341,44.34000000,21.37900000,44.21
1749262341,44.35000000,87.59200000,44.21
1749262341,44.36000000,10.12600000,44.21
1749262341,44.37000000,12.17800000,44.21
1749262341,44.38000000,23.18900000,44.21
1749262341,44.39000000,23.31700000,44.21
1749262341,44.40000000,12.39300000,44.21
1749262341,44.41000000,23.35800000,44.21
1749262341,44.42000000,66.14200000,44.21
1749262341,44.43000000,18.01600000,44.21
1749262341,44.44000000,27.57200000,44.21
1749262341,44.45000000,12.56000000,44.21
1749262341,44.46000000,12.38900000,44.21
1749262341,44.47000000,24.78100000,44.21
1749262341,44.48000000,20.29300000,44.21
1749262341,44.49000000,112.59800000,44.21
1749262341,44.50000000,24.06700000,44.21
1749262341,44.51000000,2.65700000,44.21
1749262341,44.52000000,16.09400000,44.21
1749262341,44.53000000,23.35700000,44.21
1749262341,44.54000000,5.82400000,44.21
1749262341,44.55000000,10.29400000,44.21
1749262341,44.56000000,23.18800000,44.21
1749262341,44.57000000,0.39400000,44.21
1749262341,44.58000000,0.22500000,44.21
1749262341,44.59000000,23.35700000,44.21
1749262341,44.60000000,0.22500000,44.21
1749262341,44.61000000,43.05000000,44.21
1749262341,44.62000000,23.18800000,44.21
1749262341,44.63000000,0.39400000,44.21
1749262341,44.64000000,0.22500000,44.21
1749262341,44.65000000,0.39300000,44.21
1749262341,44.66000000,0.22400000,44.21
1749262341,44.67000000,0.51000000,44.21
1749262341,44.68000000,0.22400000,44.21
1749262341,44.69000000,27.90300000,44.21
1749262341,44.70000000,0.22400000,44.21
1749262341,44.71000000,0.39200000,44.21
1749262341,44.72000000,0.34100000,44.21
1749262341,44.73000000,0.39200000,44.21
1749262341,44.74000000,0.35500000,44.21
1749262341,44.75000000,14.66600000,44.21
1749262341,44.76000000,0.22400000,44.21
1749262341,44.77000000,0.39600000,44.21
1749262341,44.78000000,0.22800000,44.21
1749262341,44.79000000,0.39600000,44.21
1749262341,44.80000000,0.22800000,44.21
1749262341,44.81000000,0.39600000,44.21
1749262341,44.82000000,0.22800000,44.21
1749262341,44.83000000,0.22700000,44.21
1749262341,44.84000000,1.12000000,44.21
1749262341,44.85000000,0.22700000,44.21
1749262341,44.86000000,13.61500000,44.21
1749262341,44.87000000,0.22700000,44.21
1749262341,44.88000000,23.74700000,44.21
1749262341,44.89000000,0.22700000,44.21
1749262341,44.90000000,0.22700000,44.21
1749262341,44.91000000,0.22700000,44.21
1749262341,44.92000000,0.22700000,44.21
1749262341,44.93000000,0.22700000,44.21
1749262341,44.94000000,0.22700000,44.21
1749262341,44.95000000,0.22700000,44.21
1749262341,44.96000000,0.22700000,44.21
1749262341,44.98000000,0.13100000,44.21
1749262341,45.01000000,0.82500000,44.21
1749262341,45.02000000,3.62800000,44.21
1749262341,45.09000000,0.11600000,44.21
1749262341,45.13000000,0.26600000,44.21
1749262341,45.14000000,25.88400000,44.21
1749262341,45.20000000,0.40500000,44.21
1749262341,45.21000000,0.67500000,44.21
1749262341,45.22000000,0.13100000,44.21
1749262341,45.23000000,0.36400000,44.21
1749262341,45.29000000,13.31400000,44.21
1749262341,45.37000000,0.12600000,44.21
1749262341,45.39000000,25.82700000,44.21
1749262341,45.40000000,34.20500000,44.21
1749262341,45.41000000,0.67400000,44.21
1749262341,45.42000000,14.71500000,44.21
1749262341,45.45000000,9.59200000,44.21
1749262341,45.47000000,0.13100000,44.21
1749262341,45.51000000,2.84400000,44.21
1749262341,45.52000000,199.80000000,44.21
1749262341,45.53000000,0.11500000,44.21
1749262341,45.56000000,0.17600000,44.21
1749262341,45.60000000,0.20000000,44.21
1749262341,45.64000000,0.11500000,44.21
1749262643,44.03000000,13.98100000,44.04
1749262643,44.04000000,71.18800000,44.04
1749262643,44.05000000,205.77200000,44.04
1749262643,44.06000000,190.11700000,44.04
1749262643,44.07000000,365.24200000,44.04
1749262643,44.08000000,105.61500000,44.04
1749262643,44.09000000,175.12000000,44.04
1749262643,44.10000000,477.69400000,44.04
1749262643,44.11000000,250.50500000,44.04
1749262643,44.12000000,56.62200000,44.04
1749262643,44.13000000,136.52200000,44.04
1749262643,44.14000000,252.87500000,44.04
1749262643,44.15000000,60.60700000,44.04
1749262643,44.16000000,4.55700000,44.04
1749262643,44.17000000,47.94200000,44.04
1749262643,44.18000000,10.29800000,44.04
1749262643,44.19000000,14.62300000,44.04
1749262643,44.20000000,12.56000000,44.04
1749262643,44.21000000,23.53000000,44.04
1749262643,44.22000000,68.57600000,44.04
1749262643,44.23000000,10.46700000,44.04
1749262643,44.24000000,23.18900000,44.04
1749262643,44.25000000,12.55900000,44.04
1749262643,44.26000000,12.38900000,44.04
1749262643,44.27000000,39.50500000,44.04
1749262643,44.28000000,65.59300000,44.04
1749262643,44.29000000,12.55900000,44.04
1749262643,44.30000000,12.38900000,44.04
1749262643,44.31000000,14.67900000,44.04
1749262643,44.32000000,12.39600000,44.04
1749262643,44.33000000,10.29600000,44.04
1749262643,44.34000000,12.38800000,44.04
1749262643,44.35000000,23.35900000,44.04
1749262643,44.36000000,11.55100000,44.04
1749262643,44.37000000,13.71300000,44.04
1749262643,44.38000000,39.42700000,44.04
1749262643,44.39000000,10.29600000,44.04
1749262643,44.40000000,10.12600000,44.04
1749262643,44.41000000,23.35800000,44.04
1749262643,44.42000000,10.12600000,44.04
1749262643,44.43000000,16.11300000,44.04
1749262643,44.44000000,122.31500000,44.04
1749262643,44.45000000,0.39500000,44.04
1749262643,44.46000000,0.22500000,44.04
1749262643,44.47000000,13.45700000,44.04
1749262643,44.48000000,10.39300000,44.04
1749262643,44.49000000,0.39400000,44.04
1749262643,44.50000000,14.16700000,44.04
1749262643,44.51000000,0.39400000,44.04
1749262643,44.52000000,3.93200000,44.04
1749262643,44.53000000,13.45700000,44.04
1749262643,44.54000000,0.22500000,44.04
1749262643,44.55000000,0.39400000,44.04
1749262643,44.56000000,13.28800000,44.04
1749262643,44.57000000,0.39400000,44.04
1749262643,44.58000000,0.22500000,44.04
1749262643,44.59000000,13.45700000,44.04
1749262643,44.60000000,0.22500000,44.04
1749262643,44.61000000,43.64100000,44.04
1749262643,44.62000000,13.28800000,44.04
1749262643,44.63000000,0.39400000,44.04
1749262643,44.64000000,0.22500000,44.04
1749262643,44.65000000,14.60400000,44.04
1749262643,44.66000000,0.22400000,44.04
1749262643,44.67000000,0.51000000,44.04
1749262643,44.68000000,0.22400000,44.04
1749262643,44.69000000,18.00300000,44.04
1749262643,44.70000000,0.22400000,44.04
1749262643,44.71000000,0.39200000,44.04
1749262643,44.72000000,0.34100000,44.04
1749262643,44.73000000,0.39200000,44.04
1749262643,44.74000000,0.35500000,44.04
1749262643,44.75000000,0.39400000,44.04
1749262643,44.76000000,0.22400000,44.04
1749262643,44.77000000,0.39600000,44.04
1749262643,44.78000000,0.22800000,44.04
1749262643,44.79000000,0.16800000,44.04
1749262643,44.81000000,0.16800000,44.04
1749262643,44.86000000,13.38800000,44.04
1749262643,44.88000000,22.47600000,44.04
1749262643,44.96000000,0.89300000,44.04
1749262643,44.98000000,0.13100000,44.04
1749262643,45.00000000,1.04400000,44.04
1749262643,45.01000000,0.82500000,44.04
1749262643,45.02000000,3.62800000,44.04
1749262643,45.09000000,0.11600000,44.04
1749262643,45.13000000,0.26600000,44.04
1749262643,45.14000000,25.88400000,44.04
1749262643,45.20000000,0.40500000,44.04
1749262643,45.21000000,0.67500000,44.04
1749262643,45.22000000,0.13100000,44.04
1749262643,45.23000000,0.36400000,44.04
1749262643,45.29000000,13.31400000,44.04
1749262643,45.30000000,14.71500000,44.04
1749262643,45.37000000,0.12600000,44.04
1749262643,45.39000000,25.82700000,44.04
1749262643,45.40000000,34.20500000,44.04
1749262643,45.41000000,0.67400000,44.04
1749262643,45.45000000,9.59200000,44.04
1749262643,45.47000000,0.13100000,44.04
1749262944,43.79000000,13.98100000,43.78
1749262944,43.80000000,17.64300000,43.78
1749262944,43.81000000,29.25700000,43.78
1749262944,43.82000000,60.69700000,43.78
1749262944,43.83000000,69.58500000,43.78
1749262944,43.84000000,262.45400000,43.78
1749262944,43.85000000,300.46300000,43.78
1749262944,43.86000000,338.90200000,43.78
1749262944,43.87000000,313.86700000,43.78
1749262944,43.88000000,338.97300000,43.78
1749262944,43.89000000,255.65200000,43.78
1749262944,43.90000000,61.64700000,43.78
1749262944,43.91000000,23.53400000,43.78
1749262944,43.92000000,14.48500000,43.78
1749262944,43.93000000,21.55100000,43.78
1749262944,43.94000000,29.39600000,43.78
1749262944,43.95000000,2.97600000,43.78
1749262944,43.96000000,19.38400000,43.78
1749262944,43.97000000,30.49200000,43.78
1749262944,43.98000000,5.10200000,43.78
1749262944,43.99000000,14.38400000,43.78
1749262944,44.00000000,27.85700000,43.78
1749262944,44.01000000,15.28400000,43.78
1749262944,44.02000000,2.90600000,43.78
1749262944,44.03000000,22.27200000,43.78
1749262944,44.04000000,19.79700000,43.78
1749262944,44.05000000,30.45900000,43.78
1749262944,44.06000000,12.40900000,43.78
1749262944,44.07000000,16.03000000,43.78
1749262944,44.08000000,10.12700000,43.78
1749262944,44.09000000,12.58000000,43.78
1749262944,44.10000000,23.19000000,43.78
1749262944,44.11000000,112.83400000,43.78
1749262944,44.12000000,10.12700000,43.78
1749262944,44.13000000,12.58300000,43.78
1749262944,44.14000000,33.00100000,43.78
1749262944,44.15000000,10.29800000,43.78
1749262944,44.16000000,5.92700000,43.78
1749262944,44.17000000,10.29800000,43.78
1749262944,44.18000000,10.12700000,43.78
1749262944,44.19000000,10.29800000,43.78
1749262944,44.20000000,10.12700000,43.78
1749262944,44.21000000,24.21900000,43.78
1749262944,44.22000000,3.93400000,43.78
1749262944,44.23000000,0.39700000,43.78
1749262944,44.24000000,13.28900000,43.78
1749262944,44.25000000,1.15000000,43.78
1749262944,44.26000000,1.05100000,43.78
1749262944,44.27000000,27.83900000,43.78
1749262944,44.28000000,0.34400000,43.78
1749262944,44.29000000,0.39600000,43.78
1749262944,44.30000000,0.22600000,43.78
1749262944,44.31000000,18.00700000,43.78
1749262944,44.32000000,0.22600000,43.78
1749262944,44.33000000,0.39600000,43.78
1749262944,44.34000000,0.22600000,43.78
1749262944,44.35000000,23.62700000,43.78
1749262944,44.36000000,0.22600000,43.78
1749262944,44.37000000,112.59100000,43.78
1749262944,44.38000000,13.28900000,43.78
1749262944,44.39000000,0.39600000,43.78
1749262944,44.40000000,0.22600000,43.78
1749262944,44.41000000,13.45800000,43.78
1749262944,44.42000000,0.22600000,43.78
1749262944,44.43000000,0.51200000,43.78
1749262944,44.44000000,0.22600000,43.78
1749262944,44.45000000,0.39800000,43.78
1749262944,44.46000000,0.22900000,43.78
1749262944,44.47000000,0.39800000,43.78
1749262944,44.48000000,0.22900000,43.78
1749262944,44.49000000,0.39800000,43.78
1749262944,44.50000000,0.36000000,43.78
1749262944,44.51000000,0.39800000,43.78
1749262944,44.52000000,0.22900000,43.78
1749262944,44.53000000,13.50000000,43.78
1749262944,44.54000000,0.22900000,43.78
1749262944,44.59000000,30.36400000,43.78
1749262944,44.61000000,43.24700000,43.78
1749262944,44.62000000,0.67400000,43.78
1749262944,44.64000000,3.36000000,43.78
1749262944,44.65000000,0.16500000,43.78
1749262944,44.66000000,0.12500000,43.78
1749262944,44.67000000,0.11700000,43.78
1749262944,44.72000000,0.11700000,43.78
1749262944,44.74000000,0.33100000,43.78
1749262944,44.75000000,26.30300000,43.78
1749262944,44.86000000,0.11700000,43.78
1749262944,44.88000000,22.47600000,43.78
1749262944,44.91000000,0.25400000,43.78
1749262944,44.92000000,0.53500000,43.78
1749262944,44.96000000,0.89300000,43.78
1749262944,44.98000000,0.13100000,43.78
1749262944,45.00000000,1.04400000,43.78
1749262944,45.01000000,0.82500000,43.78
1749262944,45.02000000,0.29700000,43.78
1749262944,45.05000000,14.71500000,43.78
1749262944,45.09000000,16.84700000,43.78
1749262944,45.11000000,0.14400000,43.78
1749262944,45.14000000,0.11600000,43.78
1749262944,45.20000000,0.40500000,43.78
1749263251,43.86000000,25.93100000,43.85
1749263251,43.87000000,141.20000000,43.85
1749263251,43.88000000,64.27100000,43.85
1749263251,43.89000000,180.71000000,43.85
1749263251,43.90000000,300.04000000,43.85
1749263251,43.91000000,362.12600000,43.85
1749263251,43.92000000,372.57600000,43.85
1749263251,43.93000000,263.61900000,43.85
1749263251,43.94000000,98.79000000,43.85
1749263251,43.95000000,112.05900000,43.85
1749263251,43.96000000,29.69300000,43.85
1749263251,43.97000000,63.33400000,43.85
1749263251,43.98000000,16.86000000,43.85
1749263251,43.99000000,14.10700000,43.85
1749263251,44.00000000,36.95000000,43.85
1749263251,44.01000000,17.18400000,43.85
1749263251,44.02000000,2.90600000,43.85
1749263251,44.03000000,15.39100000,43.85
1749263251,44.04000000,21.84600000,43.85
1749263251,44.05000000,39.82900000,43.85
1749263251,44.06000000,16.43100000,43.85
1749263251,44.07000000,24.77400000,43.85
1749263251,44.08000000,17.09800000,43.85
1749263251,44.09000000,15.17000000,43.85
1749263251,44.10000000,25.78000000,43.85
1749263251,44.11000000,12.58300000,43.85
1749263251,44.12000000,10.12700000,43.85
1749263251,44.13000000,22.68500000,43.85
1749263251,44.14000000,125.62700000,43.85
1749263251,44.15000000,15.91300000,43.85
1749263251,44.16000000,5.92700000,43.85
1749263251,44.17000000,10.29800000,43.85
1749263251,44.18000000,12.41100000,43.85
1749263251,44.19000000,0.39800000,43.85
1749263251,44.20000000,12.41000000,43.85
1749263251,44.21000000,23.36000000,43.85
1749263251,44.22000000,6.21500000,43.85
1749263251,44.23000000,10.29700000,43.85
1749263251,44.24000000,33.94800000,43.85
1749263251,44.25000000,1.15000000,43.85
1749263251,44.26000000,1.05100000,43.85
1749263251,44.27000000,23.49000000,43.85
1749263251,44.28000000,0.34400000,43.85
1749263251,44.29000000,0.39600000,43.85
1749263251,44.30000000,0.22600000,43.85
1749263251,44.31000000,27.90700000,43.85
1749263251,44.32000000,0.22600000,43.85
1749263251,44.33000000,0.39600000,43.85
1749263251,44.34000000,0.22600000,43.85
1749263251,44.35000000,23.62700000,43.85
1749263251,44.36000000,0.22600000,43.85
1749263251,44.37000000,0.39600000,43.85
1749263251,44.38000000,13.28900000,43.85
1749263251,44.39000000,14.53600000,43.85
1749263251,44.40000000,0.22600000,43.85
1749263251,44.41000000,13.45800000,43.85
1749263251,44.42000000,0.22600000,43.85
1749263251,44.43000000,0.51200000,43.85
1749263251,44.44000000,0.22600000,43.85
1749263251,44.45000000,0.39800000,43.85
1749263251,44.46000000,0.22900000,43.85
1749263251,44.47000000,0.39800000,43.85
1749263251,44.48000000,0.22900000,43.85
1749263251,44.49000000,10.88900000,43.85
1749263251,44.50000000,0.36000000,43.85
1749263251,44.51000000,0.39800000,43.85
1749263251,44.52000000,0.22900000,43.85
1749263251,44.53000000,13.50000000,43.85
1749263251,44.54000000,0.22900000,43.85
1749263251,44.55000000,0.22900000,43.85
1749263251,44.56000000,0.22900000,43.85
1749263251,44.57000000,0.22900000,43.85
1749263251,44.58000000,0.22900000,43.85
1749263251,44.59000000,0.22900000,43.85
1749263251,44.60000000,0.22900000,43.85
1749263251,44.61000000,32.98500000,43.85
1749263251,44.62000000,0.67400000,43.85
1749263251,44.64000000,3.36000000,43.85
1749263251,44.65000000,0.16500000,43.85
1749263251,44.66000000,0.12500000,43.85
1749263251,44.67000000,0.11700000,43.85
1749263251,44.72000000,30.39300000,43.85
1749263251,44.74000000,0.33100000,43.85
1749263251,44.75000000,26.30300000,43.85
1749263251,44.78000000,256.39800000,43.85
1749263251,44.86000000,0.11700000,43.85
1749263251,44.88000000,22.47600000,43.85
1749263251,44.91000000,0.25400000,43.85
1749263251,44.92000000,0.53500000,43.85
1749263251,44.96000000,0.89300000,43.85
1749263251,44.98000000,0.13100000,43.85
1749263251,45.00000000,1.04400000,43.85
1749263251,45.01000000,0.82500000,43.85
1749263251,45.02000000,0.29700000,43.85
1749263251,45.05000000,14.71500000,43.85
1749263251,45.09000000,16.84700000,43.85
1749263251,45.11000000,0.14400000,43.85
1749263251,45.14000000,0.11600000,43.85
1749263251,45.20000000,0.40500000,43.85
1749263251,45.21000000,0.67500000,43.85
1749263552,43.81000000,44.37800000,43.8
1749263552,43.82000000,80.04000000,43.8
1749263552,43.83000000,248.86400000,43.8
1749263552,43.84000000,90.63300000,43.8
1749263552,43.85000000,103.81000000,43.8
1749263552,43.86000000,209.52300000,43.8
1749263552,43.87000000,383.08700000,43.8
1749263552,43.88000000,406.73500000,43.8
1749263552,43.89000000,270.61400000,43.8
1749263552,43.90000000,144.47700000,43.8
1749263552,43.91000000,150.76500000,43.8
1749263552,43.92000000,12.58100000,43.8
1749263552,43.93000000,10.47100000,43.8
1749263552,43.94000000,34.91000000,43.8
1749263552,43.95000000,84.00000000,43.8
1749263552,43.96000000,12.58000000,43.8
1749263552,43.97000000,25.74000000,43.8
1749263552,43.98000000,19.84200000,43.8
1749263552,43.99000000,13.16100000,43.8
1749263552,44.00000000,27.77800000,43.8
1749263552,44.01000000,21.86300000,43.8
1749263552,44.02000000,68.82200000,43.8
1749263552,44.03000000,20.09800000,43.8
1749263552,44.04000000,14.96500000,43.8
1749263552,44.05000000,35.29100000,43.8
1749263552,44.06000000,16.43100000,43.8
1749263552,44.07000000,24.77400000,43.8
1749263552,44.08000000,17.09800000,43.8
1749263552,44.09000000,15.17000000,43.8
1749263552,44.10000000,25.78000000,43.8
1749263552,44.11000000,15.22200000,43.8
1749263552,44.12000000,12.76600000,43.8
1749263552,44.13000000,130.71300000,43.8
1749263552,44.14000000,25.47100000,43.8
1749263552,44.15000000,15.91300000,43.8
1749263552,44.16000000,5.92700000,43.8
1749263552,44.17000000,10.29800000,43.8
1749263552,44.18000000,23.17000000,43.8
1749263552,44.19000000,0.39800000,43.8
1749263552,44.20000000,2.51000000,43.8
1749263552,44.21000000,23.36000000,43.8
1749263552,44.22000000,6.21500000,43.8
1749263552,44.23000000,10.29700000,43.8
1749263552,44.24000000,13.28900000,43.8
1749263552,44.25000000,1.15000000,43.8
1749263552,44.26000000,3.32900000,43.8
1749263552,44.27000000,13.59000000,43.8
1749263552,44.28000000,0.34400000,43.8
1749263552,44.29000000,0.39600000,43.8
1749263552,44.30000000,0.22600000,43.8
1749263552,44.31000000,18.00700000,43.8
1749263552,44.32000000,0.22600000,43.8
1749263552,44.33000000,0.39600000,43.8
1749263552,44.34000000,0.22600000,43.8
1749263552,44.35000000,23.62700000,43.8
1749263552,44.36000000,0.22600000,43.8
1749263552,44.37000000,0.39600000,43.8
1749263552,44.38000000,13.28900000,43.8
1749263552,44.39000000,14.53600000,43.8
1749263552,44.40000000,0.22600000,43.8
1749263552,44.41000000,13.45800000,43.8
1749263552,44.42000000,0.22600000,43.8
1749263552,44.43000000,0.51200000,43.8
1749263552,44.44000000,0.22600000,43.8
1749263552,44.45000000,0.39800000,43.8
1749263552,44.46000000,0.22900000,43.8
1749263552,44.47000000,0.39800000,43.8
1749263552,44.48000000,0.22900000,43.8
1749263552,44.49000000,43.64500000,43.8
1749263552,44.50000000,0.36000000,43.8
1749263552,44.51000000,0.39800000,43.8
1749263552,44.52000000,0.22900000,43.8
1749263552,44.53000000,13.50000000,43.8
1749263552,44.54000000,0.22900000,43.8
1749263552,44.55000000,0.22900000,43.8
1749263552,44.56000000,0.22900000,43.8
1749263552,44.57000000,30.37700000,43.8
1749263552,44.62000000,0.67400000,43.8
1749263552,44.64000000,3.36000000,43.8
1749263552,44.65000000,0.16500000,43.8
1749263552,44.66000000,0.12500000,43.8
1749263552,44.67000000,0.11700000,43.8
1749263552,44.72000000,0.11700000,43.8
1749263552,44.74000000,0.33100000,43.8
1749263552,44.75000000,26.30300000,43.8
1749263552,44.76000000,22.47600000,43.8
1749263552,44.78000000,256.39800000,43.8
1749263552,44.84000000,0.89300000,43.8
1749263552,44.86000000,0.11700000,43.8
1749263552,44.88000000,1.04400000,43.8
1749263552,44.91000000,0.25400000,43.8
1749263552,44.92000000,0.53500000,43.8
1749263552,44.98000000,0.13100000,43.8
1749263552,45.01000000,0.82500000,43.8
1749263552,45.02000000,0.29700000,43.8
1749263552,45.05000000,14.71500000,43.8
1749263552,45.09000000,16.84700000,43.8
1749263552,45.11000000,0.14400000,43.8
1749263552,45.14000000,0.11600000,43.8
1749263552,45.20000000,0.40500000,43.8
1749263854,43.78000000,31.39000000,43.77
1749263854,43.79000000,153.13900000,43.77
1749263854,43.80000000,62.50100000,43.77
1749263854,43.81000000,73.83700000,43.77
1749263854,43.82000000,136.10400000,43.77
1749263854,43.83000000,421.41700000,43.77
1749263854,43.84000000,260.78400000,43.77
1749263854,43.85000000,232.98400000,43.77
1749263854,43.86000000,168.22100000,43.77
1749263854,43.87000000,271.23800000,43.77
1749263854,43.88000000,190.12400000,43.77
1749263854,43.89000000,118.47000000,43.77
1749263854,43.90000000,12.20000000,43.77
1749263854,43.91000000,12.75000000,43.77
1749263854,43.92000000,14.85800000,43.77
1749263854,43.93000000,21.55200000,43.77
1749263854,43.94000000,30.87400000,43.77
1749263854,43.95000000,68.38500000,43.77
1749263854,43.96000000,15.39900000,43.77
1749263854,43.97000000,26.37400000,43.77
1749263854,43.98000000,19.95700000,43.77
1749263854,43.99000000,26.29900000,43.77
1749263854,44.00000000,27.78300000,43.77
1749263854,44.01000000,15.26800000,43.77
1749263854,44.02000000,12.80600000,43.77
1749263854,44.03000000,20.09800000,43.77
1749263854,44.04000000,32.74400000,43.77
1749263854,44.05000000,35.29100000,43.77
1749263854,44.06000000,14.99700000,43.77
1749263854,44.07000000,12.88600000,43.77
1749263854,44.08000000,22.82500000,43.77
1749263854,44.09000000,15.17000000,43.77
1749263854,44.10000000,126.05100000,43.77
1749263854,44.11000000,15.22200000,43.77
1749263854,44.12000000,10.12700000,43.77
1749263854,44.13000000,12.58300000,43.77
1749263854,44.14000000,25.47100000,43.77
1749263854,44.15000000,21.05700000,43.77
1749263854,44.16000000,5.92700000,43.77
1749263854,44.17000000,10.29800000,43.77
1749263854,44.18000000,12.41100000,43.77
1749263854,44.19000000,0.39800000,43.77
1749263854,44.20000000,2.51000000,43.77
1749263854,44.21000000,23.36000000,43.77
1749263854,44.22000000,6.21500000,43.77
1749263854,44.23000000,0.39700000,43.77
1749263854,44.24000000,13.28900000,43.77
1749263854,44.25000000,1.15000000,43.77
1749263854,44.26000000,3.32900000,43.77
1749263854,44.27000000,13.59000000,43.77
1749263854,44.28000000,0.34400000,43.77
1749263854,44.29000000,0.39600000,43.77
1749263854,44.30000000,0.22600000,43.77
1749263854,44.31000000,0.39600000,43.77
1749263854,44.32000000,0.22600000,43.77
1749263854,44.33000000,0.39600000,43.77
1749263854,44.34000000,0.22600000,43.77
1749263854,44.35000000,23.62700000,43.77
1749263854,44.36000000,0.22600000,43.77
1749263854,44.37000000,0.39600000,43.77
1749263854,44.38000000,13.28900000,43.77
1749263854,44.39000000,14.53600000,43.77
1749263854,44.40000000,0.22600000,43.77
1749263854,44.41000000,13.45800000,43.77
1749263854,44.42000000,0.22600000,43.77
1749263854,44.43000000,0.51200000,43.77
1749263854,44.44000000,0.22600000,43.77
1749263854,44.45000000,18.00900000,43.77
1749263854,44.46000000,30.68200000,43.77
1749263854,44.47000000,0.39800000,43.77
1749263854,44.48000000,0.22900000,43.77
1749263854,44.49000000,43.64500000,43.77
1749263854,44.50000000,0.36000000,43.77
1749263854,44.51000000,0.39800000,43.77
1749263854,44.52000000,0.22900000,43.77
1749263854,44.53000000,13.50000000,43.77
1749263854,44.62000000,0.67400000,43.77
1749263854,44.64000000,3.36000000,43.77
1749263854,44.65000000,0.16500000,43.77
1749263854,44.66000000,0.12500000,43.77
1749263854,44.67000000,0.11700000,43.77
1749263854,44.72000000,0.11700000,43.77
1749263854,44.74000000,0.33100000,43.77
1749263854,44.75000000,26.30300000,43.77
1749263854,44.76000000,22.47600000,43.77
1749263854,44.78000000,256.39800000,43.77
1749263854,44.84000000,0.89300000,43.77
1749263854,44.86000000,0.11700000,43.77
1749263854,44.88000000,1.04400000,43.77
1749263854,44.91000000,0.25400000,43.77
1749263854,44.92000000,0.53500000,43.77
1749263854,44.98000000,0.13100000,43.77
1749263854,45.01000000,0.82500000,43.77
1749263854,45.02000000,0.29700000,43.77
1749263854,45.05000000,14.71500000,43.77
1749263854,45.09000000,16.84700000,43.77
1749263854,45.11000000,0.14400000,43.77
1749263854,45.14000000,0.11600000,43.77
1749263854,45.20000000,0.40500000,43.77
1749263854,45.21000000,0.67500000,43.77
1749264156,43.78000000,9.90000000,43.77
1749264156,43.79000000,53.70900000,43.77
1749264156,43.80000000,161.54800000,43.77
1749264156,43.81000000,52.13400000,43.77
1749264156,43.82000000,104.77600000,43.77
1749264156,43.83000000,250.26000000,43.77
1749264156,43.84000000,394.42900000,43.77
1749264156,43.85000000,207.10300000,43.77
1749264156,43.86000000,210.48300000,43.77
1749264156,43.87000000,304.71900000,43.77
1749264156,43.88000000,99.73600000,43.77
1749264156,43.89000000,79.54900000,43.77
1749264156,43.90000000,16.71100000,43.77
1749264156,43.91000000,19.94500000,43.77
1749264156,43.92000000,16.30500000,43.77
1749264156,43.93000000,24.18200000,43.77
1749264156,43.94000000,28.27500000,43.77
1749264156,43.95000000,19.39100000,43.77
1749264156,43.96000000,15.22800000,43.77
1749264156,43.97000000,30.90900000,43.77
1749264156,43.98000000,20.08000000,43.77
1749264156,43.99000000,26.28900000,43.77
1749264156,44.00000000,27.78300000,43.77
1749264156,44.01000000,15.26800000,43.77
1749264156,44.02000000,12.80600000,43.77
1749264156,44.03000000,12.71200000,43.77
1749264156,44.04000000,30.18800000,43.77
1749264156,44.05000000,23.36200000,43.77
1749264156,44.06000000,112.79200000,43.77
1749264156,44.07000000,10.29900000,43.77
1749264156,44.08000000,15.73900000,43.77
1749264156,44.09000000,23.33900000,43.77
1749264156,44.10000000,26.60700000,43.77
1749264156,44.11000000,2.68300000,43.77
1749264156,44.12000000,0.22700000,43.77
1749264156,44.13000000,12.58300000,43.77
1749264156,44.14000000,25.47100000,43.77
1749264156,44.15000000,0.39800000,43.77
1749264156,44.16000000,2.51000000,43.77
1749264156,44.17000000,0.39800000,43.77
1749264156,44.18000000,12.41100000,43.77
1749264156,44.19000000,0.39800000,43.77
1749264156,44.20000000,2.51000000,43.77
1749264156,44.21000000,23.36000000,43.77
1749264156,44.22000000,6.21500000,43.77
1749264156,44.23000000,0.39700000,43.77
1749264156,44.24000000,13.28900000,43.77
1749264156,44.25000000,1.15000000,43.77
1749264156,44.26000000,3.32900000,43.77
1749264156,44.27000000,13.59000000,43.77
1749264156,44.28000000,14.54000000,43.77
1749264156,44.29000000,0.39600000,43.77
1749264156,44.30000000,0.22600000,43.77
1749264156,44.31000000,0.39600000,43.77
1749264156,44.32000000,0.22600000,43.77
1749264156,44.33000000,0.39600000,43.77
1749264156,44.34000000,0.22600000,43.77
1749264156,44.35000000,23.62700000,43.77
1749264156,44.36000000,0.22600000,43.77
1749264156,44.37000000,18.00700000,43.77
1749264156,44.38000000,43.79700000,43.77
1749264156,44.39000000,0.39600000,43.77
1749264156,44.40000000,0.22600000,43.77
1749264156,44.41000000,13.45800000,43.77
1749264156,44.42000000,0.22600000,43.77
1749264156,44.43000000,0.51200000,43.77
1749264156,44.44000000,0.22600000,43.77
1749264156,44.45000000,0.39800000,43.77
1749264156,44.46000000,0.22900000,43.77
1749264156,44.47000000,0.39800000,43.77
1749264156,44.48000000,0.22900000,43.77
1749264156,44.49000000,43.64500000,43.77
1749264156,44.50000000,0.36000000,43.77
1749264156,44.51000000,0.39800000,43.77
1749264156,44.52000000,0.22900000,43.77
1749264156,44.53000000,13.50000000,43.77
1749264156,44.62000000,0.67400000,43.77
1749264156,44.64000000,3.36000000,43.77
1749264156,44.65000000,0.16500000,43.77
1749264156,44.66000000,0.12500000,43.77
1749264156,44.67000000,0.11700000,43.77
1749264156,44.72000000,0.11700000,43.77
1749264156,44.74000000,0.33100000,43.77
1749264156,44.75000000,26.30300000,43.77
1749264156,44.76000000,22.47600000,43.77
1749264156,44.78000000,256.39800000,43.77
1749264156,44.84000000,0.89300000,43.77
1749264156,44.86000000,0.11700000,43.77
1749264156,44.88000000,1.04400000,43.77
1749264156,44.91000000,0.25400000,43.77
1749264156,44.92000000,0.53500000,43.77
1749264156,44.98000000,0.13100000,43.77
1749264156,45.01000000,0.82500000,43.77
1749264156,45.02000000,0.29700000,43.77
1749264156,45.05000000,14.71500000,43.77
1749264156,45.09000000,16.84700000,43.77
1749264156,45.11000000,0.14400000,43.77
1749264156,45.14000000,0.11600000,43.77
1749264156,45.20000000,0.40500000,43.77
1749264156,45.21000000,0.67500000,43.77
1749264457,43.73000000,14.47000000,43.72
1749264457,43.74000000,45.05000000,43.72
1749264457,43.75000000,212.82600000,43.72
1749264457,43.76000000,394.92200000,43.72
1749264457,43.77000000,109.62100000,43.72
1749264457,43.78000000,215.50500000,43.72
1749264457,43.79000000,214.27100000,43.72
1749264457,43.80000000,206.53200000,43.72
1749264457,43.81000000,231.90300000,43.72
1749264457,43.82000000,195.06200000,43.72
1749264457,43.83000000,94.00000000,43.72
1749264457,43.84000000,12.58300000,43.72
1749264457,43.85000000,15.43200000,43.72
1749264457,43.86000000,29.64300000,43.72
1749264457,43.87000000,14.51100000,43.72
1749264457,43.88000000,30.28700000,43.72
1749264457,43.89000000,83.58700000,43.72
1749264457,43.90000000,19.52800000,43.72
1749264457,43.91000000,24.65200000,43.72
1749264457,43.92000000,22.54200000,43.72
1749264457,43.93000000,13.10100000,43.72
1749264457,43.94000000,28.27500000,43.72
1749264457,43.95000000,19.39100000,43.72
1749264457,43.96000000,12.40900000,43.72
1749264457,43.97000000,23.36200000,43.72
1749264457,43.98000000,17.24100000,43.72
1749264457,43.99000000,23.60900000,43.72
1749264457,44.00000000,23.19000000,43.72
1749264457,44.01000000,12.58100000,43.72
1749264457,44.02000000,10.12700000,43.72
1749264457,44.03000000,12.71200000,43.72
1749264457,44.04000000,23.16800000,43.72
1749264457,44.05000000,23.36200000,43.72
1749264457,44.06000000,12.40900000,43.72
1749264457,44.07000000,110.65000000,43.72
1749264457,44.08000000,15.71000000,43.72
1749264457,44.09000000,2.68000000,43.72
1749264457,44.10000000,23.19000000,43.72
1749264457,44.11000000,6.10000000,43.72
1749264457,44.12000000,0.22700000,43.72
1749264457,44.13000000,12.58300000,43.72
1749264457,44.14000000,15.57100000,43.72
1749264457,44.15000000,0.39800000,43.72
1749264457,44.16000000,2.51000000,43.72
1749264457,44.17000000,0.39800000,43.72
1749264457,44.18000000,2.51100000,43.72
1749264457,44.19000000,0.39800000,43.72
1749264457,44.20000000,2.51000000,43.72
1749264457,44.21000000,13.46000000,43.72
1749264457,44.22000000,6.21500000,43.72
1749264457,44.23000000,10.56500000,43.72
1749264457,44.24000000,13.28900000,43.72
1749264457,44.25000000,1.15000000,43.72
1749264457,44.26000000,3.32900000,43.72
1749264457,44.27000000,13.59000000,43.72
1749264457,44.28000000,14.54000000,43.72
1749264457,44.29000000,0.39600000,43.72
1749264457,44.30000000,0.22600000,43.72
1749264457,44.31000000,0.39600000,43.72
1749264457,44.32000000,0.22600000,43.72
1749264457,44.33000000,0.39600000,43.72
1749264457,44.34000000,0.22600000,43.72
1749264457,44.35000000,13.45900000,43.72
1749264457,44.36000000,0.22600000,43.72
1749264457,44.37000000,61.25400000,43.72
1749264457,44.38000000,43.79700000,43.72
1749264457,44.39000000,0.39600000,43.72
1749264457,44.40000000,0.22600000,43.72
1749264457,44.41000000,13.45800000,43.72
1749264457,44.42000000,0.22600000,43.72
1749264457,44.43000000,0.51200000,43.72
1749264457,44.44000000,0.22600000,43.72
1749264457,44.45000000,0.39800000,43.72
1749264457,44.46000000,0.22900000,43.72
1749264457,44.47000000,0.39800000,43.72
1749264457,44.48000000,0.22900000,43.72
1749264457,44.49000000,0.16900000,43.72
1749264457,44.50000000,0.13100000,43.72
1749264457,44.51000000,0.16900000,43.72
1749264457,44.53000000,13.27100000,43.72
1749264457,44.62000000,0.67400000,43.72
1749264457,44.64000000,25.83600000,43.72
1749264457,44.65000000,0.16500000,43.72
1749264457,44.66000000,0.12500000,43.72
1749264457,44.67000000,0.11700000,43.72
1749264457,44.72000000,1.01000000,43.72
1749264457,44.74000000,0.33100000,43.72
1749264457,44.75000000,26.30300000,43.72
1749264457,44.76000000,1.04400000,43.72
1749264457,44.78000000,256.39800000,43.72
1749264457,44.86000000,0.11700000,43.72
1749264457,44.91000000,0.25400000,43.72
1749264457,44.92000000,0.53500000,43.72
1749264457,44.98000000,0.13100000,43.72
1749264457,45.01000000,0.82500000,43.72
1749264457,45.02000000,0.29700000,43.72
1749264457,45.05000000,14.71500000,43.72
1749264457,45.09000000,16.84700000,43.72
1749264457,45.11000000,0.14400000,43.72
1749264457,45.14000000,0.11600000,43.72
1749264759,43.91000000,13.98100000,43.93
1749264759,43.92000000,67.15800000,43.93
1749264759,43.93000000,196.11300000,43.93
1749264759,43.94000000,258.31400000,43.93
1749264759,43.95000000,207.49300000,43.93
1749264759,43.96000000,173.74500000,43.93
1749264759,43.97000000,80.23000000,43.93
1749264759,43.98000000,143.76500000,43.93
1749264759,43.99000000,264.38300000,43.93
1749264759,44.00000000,254.41000000,43.93
1749264759,44.01000000,116.96900000,43.93
1749264759,44.02000000,85.35000000,43.93
1749264759,44.03000000,21.59000000,43.93
1749264759,44.04000000,13.72200000,43.93
1749264759,44.05000000,30.26600000,43.93
1749264759,44.06000000,26.88300000,43.93
1749264759,44.07000000,11.44000000,43.93
1749264759,44.08000000,66.14300000,43.93
1749264759,44.09000000,12.58000000,43.93
1749264759,44.10000000,25.08900000,43.93
1749264759,44.11000000,2.68300000,43.93
1749264759,44.12000000,0.22700000,43.93
1749264759,44.13000000,24.76300000,43.93
1749264759,44.14000000,25.47100000,43.93
1749264759,44.15000000,10.29800000,43.93
1749264759,44.16000000,14.39800000,43.93
1749264759,44.17000000,11.06000000,43.93
1749264759,44.18000000,112.43400000,43.93
1749264759,44.19000000,0.39800000,43.93
1749264759,44.20000000,34.60400000,43.93
1749264759,44.21000000,26.77700000,43.93
1749264759,44.22000000,21.77700000,43.93
1749264759,44.23000000,20.46500000,43.93
1749264759,44.24000000,23.18900000,43.93
1749264759,44.25000000,2.67600000,43.93
1749264759,44.26000000,13.22900000,43.93
1749264759,44.27000000,23.49000000,43.93
1749264759,44.28000000,0.34400000,43.93
1749264759,44.29000000,0.39600000,43.93
1749264759,44.30000000,0.22600000,43.93
1749264759,44.31000000,0.39600000,43.93
1749264759,44.32000000,0.22600000,43.93
1749264759,44.33000000,0.39600000,43.93
1749264759,44.34000000,0.22600000,43.93
1749264759,44.35000000,13.45900000,43.93
1749264759,44.36000000,0.22600000,43.93
1749264759,44.37000000,28.49800000,43.93
1749264759,44.38000000,43.79700000,43.93
1749264759,44.39000000,0.39600000,43.93
1749264759,44.40000000,14.52800000,43.93
1749264759,44.41000000,13.45800000,43.93
1749264759,44.42000000,0.22600000,43.93
1749264759,44.43000000,0.51200000,43.93
1749264759,44.44000000,0.22600000,43.93
1749264759,44.45000000,0.39800000,43.93
1749264759,44.46000000,0.22900000,43.93
1749264759,44.47000000,0.39800000,43.93
1749264759,44.48000000,0.22900000,43.93
1749264759,44.49000000,33.15400000,43.93
1749264759,44.50000000,0.36000000,43.93
1749264759,44.51000000,0.39800000,43.93
1749264759,44.52000000,0.22900000,43.93
1749264759,44.53000000,0.22900000,43.93
1749264759,44.54000000,0.22900000,43.93
1749264759,44.55000000,0.22900000,43.93
1749264759,44.56000000,0.22900000,43.93
1749264759,44.57000000,0.22900000,43.93
1749264759,44.58000000,0.22900000,43.93
1749264759,44.59000000,0.22900000,43.93
1749264759,44.60000000,0.22900000,43.93
1749264759,44.61000000,0.22900000,43.93
1749264759,44.62000000,0.90300000,43.93
1749264759,44.63000000,0.22900000,43.93
1749264759,44.64000000,26.06400000,43.93
1749264759,44.65000000,13.66400000,43.93
1749264759,44.66000000,0.35300000,43.93
1749264759,44.67000000,0.11700000,43.93
1749264759,44.71000000,0.28000000,43.93
1749264759,44.72000000,1.01000000,43.93
1749264759,44.74000000,0.33100000,43.93
1749264759,44.76000000,1.04400000,43.93
1749264759,44.77000000,0.89900000,43.93
1749264759,44.78000000,256.39800000,43.93
1749264759,44.86000000,0.11700000,43.93
1749264759,44.91000000,0.25400000,43.93
1749264759,44.92000000,0.53500000,43.93
1749264759,44.96000000,26.25400000,43.93
1749264759,44.98000000,0.13100000,43.93
1749264759,45.01000000,0.82500000,43.93
1749264759,45.02000000,0.29700000,43.93
1749264759,45.05000000,14.71500000,43.93
1749264759,45.09000000,16.84700000,43.93
1749264759,45.11000000,0.14400000,43.93
1749264759,45.14000000,0.11600000,43.93
1749264759,45.20000000,0.40500000,43.93
1749264759,45.21000000,0.67500000,43.93
1749264759,45.22000000,0.13100000,43.93
1749264759,45.23000000,0.36400000,43.93
1749264759,45.39000000,25.82700000,43.93
1749264759,45.40000000,34.20500000,43.93
1749265060,44.05000000,0.22800000,44.04
1749265060,44.06000000,23.20100000,44.04
1749265060,44.07000000,70.59900000,44.04
1749265060,44.08000000,141.79300000,44.04
1749265060,44.09000000,166.83200000,44.04
1749265060,44.10000000,178.03800000,44.04
1749265060,44.11000000,255.21200000,44.04
1749265060,44.12000000,141.86500000,44.04
1749265060,44.13000000,175.01000000,44.04
1749265060,44.14000000,84.20700000,44.04
1749265060,44.15000000,108.08000000,44.04
1749265060,44.16000000,34.23200000,44.04
1749265060,44.17000000,16.31800000,44.04
1749265060,44.18000000,25.47400000,44.04
1749265060,44.19000000,21.37900000,44.04
1749265060,44.20000000,18.68900000,44.04
1749265060,44.21000000,23.36000000,44.04
1749265060,44.22000000,73.25600000,44.04
1749265060,44.23000000,21.05600000,44.04
1749265060,44.24000000,23.18900000,44.04
1749265060,44.25000000,26.35700000,44.04
1749265060,44.26000000,13.22900000,44.04
1749265060,44.27000000,24.89200000,44.04
1749265060,44.28000000,0.34400000,44.04
1749265060,44.29000000,12.57000000,44.04
1749265060,44.30000000,30.16700000,44.04
1749265060,44.31000000,0.39600000,44.04
1749265060,44.32000000,102.12800000,44.04
1749265060,44.33000000,10.29600000,44.04
1749265060,44.34000000,12.40200000,44.04
1749265060,44.35000000,33.52700000,44.04
1749265060,44.36000000,8.14700000,44.04
1749265060,44.37000000,10.29600000,44.04
1749265060,44.38000000,23.18900000,44.04
1749265060,44.39000000,6.37600000,44.04
1749265060,44.40000000,12.39800000,44.04
1749265060,44.41000000,23.35800000,44.04
1749265060,44.42000000,0.22600000,44.04
1749265060,44.43000000,0.51200000,44.04
1749265060,44.44000000,0.22600000,44.04
1749265060,44.45000000,0.39800000,44.04
1749265060,44.46000000,0.22900000,44.04
1749265060,44.47000000,13.71500000,44.04
1749265060,44.48000000,23.19200000,44.04
1749265060,44.49000000,54.30700000,44.04
1749265060,44.50000000,0.36000000,44.04
1749265060,44.51000000,27.90900000,44.04
1749265060,44.52000000,0.22900000,44.04
1749265060,44.53000000,0.22900000,44.04
1749265060,44.54000000,0.22900000,44.04
1749265060,44.55000000,13.29200000,44.04
1749265060,44.56000000,0.22900000,44.04
1749265060,44.57000000,0.22900000,44.04
1749265060,44.58000000,0.22900000,44.04
1749265060,44.59000000,0.22900000,44.04
1749265060,44.60000000,0.22900000,44.04
1749265060,44.61000000,0.22900000,44.04
1749265060,44.62000000,15.21300000,44.04
1749265060,44.63000000,0.22900000,44.04
1749265060,44.64000000,0.22800000,44.04
1749265060,44.65000000,13.66400000,44.04
1749265060,44.66000000,0.35300000,44.04
1749265060,44.67000000,0.34500000,44.04
1749265060,44.68000000,0.22800000,44.04
1749265060,44.69000000,0.22800000,44.04
1749265060,44.70000000,0.22800000,44.04
1749265060,44.71000000,0.50800000,44.04
1749265060,44.72000000,1.23800000,44.04
1749265060,44.73000000,0.22800000,44.04
1749265060,44.74000000,0.55900000,44.04
1749265060,44.75000000,0.22800000,44.04
1749265060,44.76000000,1.27200000,44.04
1749265060,44.77000000,23.60300000,44.04
1749265060,44.78000000,256.62600000,44.04
1749265060,44.79000000,0.22800000,44.04
1749265060,44.80000000,0.22800000,44.04
1749265060,44.82000000,3.34600000,44.04
1749265060,44.86000000,0.11700000,44.04
1749265060,44.87000000,30.17400000,44.04
1749265060,44.91000000,0.25400000,44.04
1749265060,44.92000000,0.53500000,44.04
1749265060,44.96000000,26.25400000,44.04
1749265060,44.98000000,0.13100000,44.04
1749265060,45.01000000,0.82500000,44.04
1749265060,45.02000000,0.29700000,44.04
1749265060,45.09000000,0.11600000,44.04
1749265060,45.11000000,0.14400000,44.04
1749265060,45.14000000,0.11600000,44.04
1749265060,45.16000000,14.96000000,44.04
1749265060,45.20000000,15.12000000,44.04
1749265060,45.21000000,0.67500000,44.04
1749265060,45.22000000,0.13100000,44.04
1749265060,45.23000000,0.36400000,44.04
1749265060,45.39000000,25.82700000,44.04
1749265060,45.40000000,34.20500000,44.04
1749265060,45.41000000,3.51300000,44.04
1749265060,45.47000000,0.13100000,44.04
1749265060,45.51000000,2.84400000,44.04
1749265060,45.52000000,199.80000000,44.04
1749265060,45.53000000,0.11500000,44.04
1749265370,44.09000000,14.44800000,44.08
1749265370,44.10000000,166.34900000,44.08
1749265370,44.11000000,185.50800000,44.08
1749265370,44.12000000,182.57300000,44.08
1749265370,44.13000000,261.68100000,44.08
1749265370,44.14000000,253.91800000,44.08
1749265370,44.15000000,146.51400000,44.08
1749265370,44.16000000,341.06700000,44.08
1749265370,44.17000000,98.42100000,44.08
1749265370,44.18000000,85.71300000,44.08
1749265370,44.19000000,27.58200000,44.08
1749265370,44.20000000,12.41000000,44.08
1749265370,44.21000000,23.36000000,44.08
1749265370,44.22000000,70.68500000,44.08
1749265370,44.23000000,21.37800000,44.08
1749265370,44.24000000,23.18900000,44.08
1749265370,44.25000000,12.57600000,44.08
1749265370,44.26000000,13.22900000,44.08
1749265370,44.27000000,35.67600000,44.08
1749265370,44.28000000,0.34400000,44.08
1749265370,44.29000000,12.57000000,44.08
1749265370,44.30000000,30.16700000,44.08
1749265370,44.31000000,16.66700000,44.08
1749265370,44.32000000,2.49800000,44.08
1749265370,44.33000000,10.29600000,44.08
1749265370,44.34000000,12.40200000,44.08
1749265370,44.35000000,36.94400000,44.08
1749265370,44.36000000,8.17000000,44.08
1749265370,44.37000000,10.29600000,44.08
1749265370,44.38000000,23.18900000,44.08
1749265370,44.39000000,6.37600000,44.08
1749265370,44.40000000,12.39800000,44.08
1749265370,44.41000000,23.35800000,44.08
1749265370,44.42000000,0.22600000,44.08
1749265370,44.43000000,0.51200000,44.08
1749265370,44.44000000,0.22600000,44.08
1749265370,44.45000000,0.39800000,44.08
1749265370,44.46000000,0.22900000,44.08
1749265370,44.47000000,0.39800000,44.08
1749265370,44.48000000,23.19200000,44.08
1749265370,44.49000000,54.30700000,44.08
1749265370,44.50000000,0.36000000,44.08
1749265370,44.51000000,27.90900000,44.08
1749265370,44.52000000,0.22900000,44.08
1749265370,44.53000000,0.22900000,44.08
1749265370,44.54000000,0.22900000,44.08
1749265370,44.55000000,23.19200000,44.08
1749265370,44.56000000,0.22900000,44.08
1749265370,44.57000000,0.22900000,44.08
1749265370,44.58000000,0.22900000,44.08
1749265370,44.59000000,0.22900000,44.08
1749265370,44.60000000,0.22900000,44.08
1749265370,44.61000000,0.22900000,44.08
1749265370,44.62000000,15.07300000,44.08
1749265370,44.63000000,0.22900000,44.08
1749265370,44.64000000,0.22800000,44.08
1749265370,44.65000000,0.39300000,44.08
1749265370,44.66000000,0.35300000,44.08
1749265370,44.67000000,0.34500000,44.08
1749265370,44.68000000,0.22800000,44.08
1749265370,44.69000000,0.22800000,44.08
1749265370,44.70000000,0.22800000,44.08
1749265370,44.71000000,30.79000000,44.08
1749265370,44.72000000,1.23800000,44.08
1749265370,44.73000000,0.22800000,44.08
1749265370,44.74000000,0.55900000,44.08
1749265370,44.75000000,0.22800000,44.08
1749265370,44.76000000,1.27200000,44.08
1749265370,44.77000000,36.87400000,44.08
1749265370,44.78000000,256.62600000,44.08
1749265370,44.79000000,0.22800000,44.08
1749265370,44.80000000,0.22800000,44.08
1749265370,44.81000000,0.22800000,44.08
1749265370,44.82000000,3.57400000,44.08
1749265370,44.83000000,0.22700000,44.08
1749265370,44.84000000,0.22700000,44.08
1749265370,44.86000000,0.11700000,44.08
1749265370,44.91000000,0.25400000,44.08
1749265370,44.92000000,0.53500000,44.08
1749265370,44.96000000,26.25400000,44.08
1749265370,44.98000000,0.13100000,44.08
1749265370,45.01000000,0.82500000,44.08
1749265370,45.02000000,0.29700000,44.08
1749265370,45.09000000,0.11600000,44.08
1749265370,45.11000000,0.14400000,44.08
1749265370,45.14000000,0.11600000,44.08
1749265370,45.16000000,14.96000000,44.08
1749265370,45.20000000,15.12000000,44.08
1749265370,45.21000000,0.67500000,44.08
1749265370,45.22000000,0.13100000,44.08
1749265370,45.23000000,0.36400000,44.08
1749265370,45.39000000,25.82700000,44.08
1749265370,45.40000000,34.20500000,44.08
1749265370,45.41000000,2.85300000,44.08
1749265370,45.43000000,0.66000000,44.08
1749265370,45.47000000,0.13100000,44.08
1749265370,45.51000000,2.84400000,44.08
1749265370,45.52000000,199.80000000,44.08
1749265370,45.53000000,0.11500000,44.08
1749265370,45.54000000,9.59200000,44.08
1749265672,44.05000000,10.08400000,44.05
1749265672,44.06000000,134.44400000,44.05
1749265672,44.07000000,52.60800000,44.05
1749265672,44.08000000,61.77000000,44.05
1749265672,44.09000000,153.81100000,44.05
1749265672,44.10000000,171.08600000,44.05
1749265672,44.11000000,228.62100000,44.05
1749265672,44.12000000,359.30300000,44.05
1749265672,44.13000000,288.15500000,44.05
1749265672,44.14000000,120.21700000,44.05
1749265672,44.15000000,76.56000000,44.05
1749265672,44.16000000,71.85900000,44.05
1749265672,44.17000000,23.53200000,44.05
1749265672,44.18000000,12.58200000,44.05
1749265672,44.19000000,14.46900000,44.05
1749265672,44.20000000,26.68900000,44.05
1749265672,44.21000000,23.53100000,44.05
1749265672,44.22000000,173.12200000,44.05
1749265672,44.23000000,10.29700000,44.05
1749265672,44.24000000,33.94800000,44.05
1749265672,44.25000000,15.86500000,44.05
1749265672,44.26000000,13.22900000,44.05
1749265672,44.27000000,23.49000000,44.05
1749265672,44.28000000,0.34400000,44.05
1749265672,44.29000000,12.57000000,44.05
1749265672,44.30000000,12.39500000,44.05
1749265672,44.31000000,33.29300000,44.05
1749265672,44.32000000,2.49800000,44.05
1749265672,44.33000000,10.29600000,44.05
1749265672,44.34000000,12.40200000,44.05
1749265672,44.35000000,36.94400000,44.05
1749265672,44.36000000,18.07000000,44.05
1749265672,44.37000000,10.29600000,44.05
1749265672,44.38000000,23.18900000,44.05
1749265672,44.39000000,6.37600000,44.05
1749265672,44.40000000,12.39800000,44.05
1749265672,44.41000000,23.35800000,44.05
1749265672,44.42000000,0.22600000,44.05
1749265672,44.43000000,0.51200000,44.05
1749265672,44.44000000,0.22600000,44.05
1749265672,44.45000000,0.39800000,44.05
1749265672,44.46000000,0.22900000,44.05
1749265672,44.47000000,12.56700000,44.05
1749265672,44.48000000,25.46100000,44.05
1749265672,44.49000000,21.55100000,44.05
1749265672,44.50000000,2.62800000,44.05
1749265672,44.51000000,0.39800000,44.05
1749265672,44.52000000,0.22900000,44.05
1749265672,44.53000000,0.22900000,44.05
1749265672,44.54000000,0.22900000,44.05
1749265672,44.55000000,13.29200000,44.05
1749265672,44.56000000,0.22900000,44.05
1749265672,44.57000000,0.22900000,44.05
1749265672,44.58000000,0.22900000,44.05
1749265672,44.59000000,0.22900000,44.05
1749265672,44.60000000,0.22900000,44.05
1749265672,44.61000000,0.22900000,44.05
1749265672,44.62000000,15.07300000,44.05
1749265672,44.63000000,32.98500000,44.05
1749265672,44.64000000,0.22800000,44.05
1749265672,44.65000000,18.00400000,44.05
1749265672,44.66000000,0.35300000,44.05
1749265672,44.67000000,0.34500000,44.05
1749265672,44.68000000,0.22800000,44.05
1749265672,44.69000000,0.22800000,44.05
1749265672,44.70000000,0.22800000,44.05
1749265672,44.71000000,0.50800000,44.05
1749265672,44.72000000,1.23800000,44.05
1749265672,44.73000000,0.22800000,44.05
1749265672,44.74000000,0.55900000,44.05
1749265672,44.75000000,0.22800000,44.05
1749265672,44.76000000,1.27200000,44.05
1749265672,44.77000000,35.97500000,44.05
1749265672,44.78000000,256.62600000,44.05
1749265672,44.79000000,0.22800000,44.05
1749265672,44.80000000,0.22800000,44.05
1749265672,44.81000000,30.21500000,44.05
1749265672,44.82000000,3.34600000,44.05
1749265672,44.86000000,0.11700000,44.05
1749265672,44.91000000,0.25400000,44.05
1749265672,44.92000000,0.53500000,44.05
1749265672,44.96000000,26.25400000,44.05
1749265672,44.98000000,0.13100000,44.05
1749265672,45.01000000,0.82500000,44.05
1749265672,45.02000000,0.29700000,44.05
1749265672,45.09000000,0.11600000,44.05
1749265672,45.11000000,0.14400000,44.05
1749265672,45.14000000,0.11600000,44.05
1749265672,45.16000000,14.96000000,44.05
1749265672,45.20000000,0.40500000,44.05
1749265672,45.21000000,0.67500000,44.05
1749265672,45.22000000,0.13100000,44.05
1749265672,45.23000000,0.36400000,44.05
1749265672,45.32000000,14.71500000,44.05
1749265672,45.39000000,25.82700000,44.05
1749265672,45.40000000,34.20500000,44.05
1749265672,45.41000000,2.85300000,44.05
1749265672,45.43000000,0.66000000,44.05
1749265672,45.47000000,0.13100000,44.05
1749265672,45.51000000,3.74300000,44.05
1749265973,44.30000000,62.72800000,44.34
1749265973,44.31000000,32.54500000,44.34
1749265973,44.32000000,33.86200000,44.34
1749265973,44.33000000,69.12900000,44.34
1749265973,44.34000000,204.97800000,44.34
1749265973,44.35000000,136.30400000,44.34
1749265973,44.36000000,108.48800000,44.34
1749265973,44.37000000,129.62600000,44.34
1749265973,44.38000000,212.89400000,44.34
1749265973,44.39000000,147.83500000,44.34
1749265973,44.40000000,50.31400000,44.34
1749265973,44.41000000,67.04900000,44.34
1749265973,44.42000000,138.62700000,44.34
1749265973,44.43000000,103.92000000,44.34
1749265973,44.44000000,2.66100000,44.34
1749265973,44.45000000,37.22900000,44.34
1749265973,44.46000000,0.22900000,44.34
1749265973,44.47000000,15.68300000,44.34
1749265973,44.48000000,72.71400000,44.34
1749265973,44.49000000,1.51500000,44.34
1749265973,44.50000000,2.62800000,44.34
1749265973,44.51000000,0.39800000,44.34
1749265973,44.52000000,0.22900000,44.34
1749265973,44.53000000,2.79900000,44.34
1749265973,44.54000000,2.49300000,44.34
1749265973,44.55000000,69.47800000,44.34
1749265973,44.56000000,16.31300000,44.34
1749265973,44.57000000,4.08500000,44.34
1749265973,44.58000000,16.50000000,44.34
1749265973,44.59000000,2.66400000,44.34
1749265973,44.60000000,11.88600000,44.34
1749265973,44.61000000,0.39900000,44.34
1749265973,44.62000000,26.39900000,44.34
1749265973,44.63000000,33.15500000,44.34
1749265973,44.64000000,2.49300000,44.34
1749265973,44.65000000,3.98000000,44.34
1749265973,44.66000000,0.35300000,44.34
1749265973,44.67000000,0.51500000,44.34
1749265973,44.68000000,2.48500000,44.34
1749265973,44.69000000,13.46100000,44.34
1749265973,44.70000000,0.22800000,44.34
1749265973,44.71000000,0.67800000,44.34
1749265973,44.72000000,2.00000000,44.34
1749265973,44.73000000,0.39800000,44.34
1749265973,44.74000000,0.55900000,44.34
1749265973,44.75000000,0.39800000,44.34
1749265973,44.76000000,14.33500000,44.34
1749265973,44.77000000,0.22800000,44.34
1749265973,44.78000000,0.22800000,44.34
1749265973,44.79000000,0.22800000,44.34
1749265973,44.80000000,0.22800000,44.34
1749265973,44.81000000,28.33000000,44.34
1749265973,44.82000000,0.22800000,44.34
1749265973,44.83000000,13.29000000,44.34
1749265973,44.84000000,0.22700000,44.34
1749265973,44.85000000,0.22700000,44.34
1749265973,44.86000000,0.34400000,44.34
1749265973,44.87000000,0.22700000,44.34
1749265973,44.88000000,0.22700000,44.34
1749265973,44.89000000,22.70300000,44.34
1749265973,44.90000000,27.57900000,44.34
1749265973,44.91000000,13.75200000,44.34
1749265973,44.92000000,0.76200000,44.34
1749265973,44.93000000,0.22700000,44.34
1749265973,44.94000000,0.22700000,44.34
1749265973,44.95000000,0.22700000,44.34
1749265973,44.96000000,0.22700000,44.34
1749265973,44.97000000,13.29000000,44.34
1749265973,44.98000000,0.35800000,44.34
1749265973,44.99000000,0.22700000,44.34
1749265973,45.00000000,0.22700000,44.34
1749265973,45.01000000,1.05200000,44.34
1749265973,45.02000000,0.52300000,44.34
1749265973,45.03000000,0.22600000,44.34
1749265973,45.04000000,0.22600000,44.34
1749265973,45.05000000,258.25000000,44.34
1749265973,45.06000000,30.27300000,44.34
1749265973,45.09000000,0.11600000,44.34
1749265973,45.11000000,0.14400000,44.34
1749265973,45.14000000,0.11600000,44.34
1749265973,45.20000000,3.72300000,44.34
1749265973,45.21000000,13.98900000,44.34
1749265973,45.22000000,0.13100000,44.34
1749265973,45.23000000,0.36400000,44.34
1749265973,45.38000000,25.85100000,44.34
1749265973,45.39000000,25.82700000,44.34
1749265973,45.40000000,34.20500000,44.34
1749265973,45.41000000,3.02900000,44.34
1749265973,45.44000000,14.71500000,44.34
1749265973,45.47000000,0.13100000,44.34
1749265973,45.51000000,3.74300000,44.34
1749265973,45.52000000,199.80000000,44.34
1749265973,45.53000000,0.11500000,44.34
1749265973,45.56000000,0.17600000,44.34
1749265973,45.60000000,0.79000000,44.34
1749265973,45.62000000,0.12300000,44.34
1749265973,45.63000000,1.46100000,44.34
1749265973,45.64000000,0.11500000,44.34
1749265973,45.65000000,0.16500000,44.34
1749265973,45.66000000,9.59200000,44.34
1749266280,44.22000000,33.52900000,44.21
1749266280,44.23000000,25.86000000,44.21
1749266280,44.24000000,42.36800000,44.21
1749266280,44.25000000,116.58800000,44.21
1749266280,44.26000000,93.17800000,44.21
1749266280,44.27000000,178.48800000,44.21
1749266280,44.28000000,232.21000000,44.21
1749266280,44.29000000,140.07200000,44.21
1749266280,44.30000000,125.38900000,44.21
1749266280,44.31000000,241.12400000,44.21
1749266280,44.32000000,139.89400000,44.21
1749266280,44.33000000,77.91600000,44.21
1749266280,44.34000000,10.29600000,44.21
1749266280,44.35000000,74.61900000,44.21
1749266280,44.36000000,25.61400000,44.21
1749266280,44.37000000,21.55500000,44.21
1749266280,44.38000000,12.55000000,44.21
1749266280,44.39000000,35.42200000,44.21
1749266280,44.40000000,4.52700000,44.21
1749266280,44.41000000,0.56500000,44.21
1749266280,44.42000000,69.30500000,44.21
1749266280,44.43000000,4.19200000,44.21
1749266280,44.44000000,14.37900000,44.21
1749266280,44.45000000,24.18400000,44.21
1749266280,44.46000000,6.84600000,44.21
1749266280,44.47000000,11.81800000,44.21
1749266280,44.48000000,15.56100000,44.21
1749266280,44.49000000,99.47300000,44.21
1749266280,44.50000000,2.62800000,44.21
1749266280,44.51000000,0.39800000,44.21
1749266280,44.52000000,5.85000000,44.21
1749266280,44.53000000,6.21600000,44.21
1749266280,44.54000000,2.49300000,44.21
1749266280,44.55000000,13.46200000,44.21
1749266280,44.56000000,0.22900000,44.21
1749266280,44.57000000,2.65600000,44.21
1749266280,44.58000000,4.61200000,44.21
1749266280,44.59000000,2.66400000,44.21
1749266280,44.60000000,2.49400000,44.21
1749266280,44.61000000,0.39900000,44.21
1749266280,44.62000000,26.39900000,44.21
1749266280,44.63000000,0.39900000,44.21
1749266280,44.64000000,2.49300000,44.21
1749266280,44.65000000,0.56300000,44.21
1749266280,44.66000000,0.35300000,44.21
1749266280,44.67000000,0.51500000,44.21
1749266280,44.68000000,2.48500000,44.21
1749266280,44.69000000,23.95200000,44.21
1749266280,44.70000000,0.22800000,44.21
1749266280,44.71000000,0.67800000,44.21
1749266280,44.72000000,1.10700000,44.21
1749266280,44.73000000,0.39800000,44.21
1749266280,44.74000000,2.81300000,44.21
1749266280,44.75000000,33.15400000,44.21
1749266280,44.76000000,13.29100000,44.21
1749266280,44.77000000,0.39800000,44.21
1749266280,44.78000000,0.22800000,44.21
1749266280,44.79000000,18.18600000,44.21
1749266280,44.80000000,0.22800000,44.21
1749266280,44.81000000,17.83900000,44.21
1749266280,44.82000000,0.22800000,44.21
1749266280,44.83000000,13.29000000,44.21
1749266280,44.84000000,1.12000000,44.21
1749266280,44.85000000,0.22700000,44.21
1749266280,44.86000000,0.34400000,44.21
1749266280,44.87000000,0.22700000,44.21
1749266280,44.88000000,1.27100000,44.21
1749266280,44.89000000,22.70300000,44.21
1749266280,44.90000000,13.29000000,44.21
1749266280,44.91000000,0.48100000,44.21
1749266280,44.92000000,14.03300000,44.21
1749266280,44.93000000,0.22700000,44.21
1749266280,44.94000000,0.22700000,44.21
1749266280,44.95000000,0.22700000,44.21
1749266280,44.96000000,0.22700000,44.21
1749266280,44.97000000,13.29000000,44.21
1749266280,44.98000000,0.13100000,44.21
1749266280,45.01000000,0.82500000,44.21
1749266280,45.02000000,0.29700000,44.21
1749266280,45.04000000,13.06300000,44.21
1749266280,45.09000000,0.11600000,44.21
1749266280,45.11000000,0.14400000,44.21
1749266280,45.14000000,0.11600000,44.21
1749266280,45.16000000,29.98100000,44.21
1749266280,45.20000000,3.72300000,44.21
1749266280,45.21000000,13.98900000,44.21
1749266280,45.22000000,0.13100000,44.21
1749266280,45.23000000,0.36400000,44.21
1749266280,45.38000000,25.85100000,44.21
1749266280,45.39000000,25.82700000,44.21
1749266280,45.40000000,34.20500000,44.21
1749266280,45.41000000,17.74400000,44.21
1749266280,45.47000000,0.13100000,44.21
1749266280,45.51000000,3.74300000,44.21
1749266280,45.52000000,199.80000000,44.21
1749266280,45.53000000,0.11500000,44.21
1749266280,45.56000000,0.17600000,44.21
1749266280,45.60000000,0.79000000,44.21
1749266280,45.62000000,0.12300000,44.21
1749266280,45.63000000,1.46100000,44.21
1749266581,44.16000000,22.56300000,44.15
1749266581,44.17000000,83.81100000,44.15
1749266581,44.18000000,206.54900000,44.15
1749266581,44.19000000,99.94100000,44.15
1749266581,44.20000000,139.69800000,44.15
1749266581,44.21000000,362.74700000,44.15
1749266581,44.22000000,232.98400000,44.15
1749266581,44.23000000,149.24100000,44.15
1749266581,44.24000000,131.75000000,44.15
1749266581,44.25000000,52.05000000,44.15
1749266581,44.26000000,16.55700000,44.15
1749266581,44.27000000,45.58800000,44.15
1749266581,44.28000000,165.96400000,44.15
1749266581,44.29000000,23.48400000,44.15
1749266581,44.30000000,26.71200000,44.15
1749266581,44.31000000,10.46600000,44.15
1749266581,44.32000000,12.55300000,44.15
1749266581,44.33000000,23.35900000,44.15
1749266581,44.34000000,0.22600000,44.15
1749266581,44.35000000,70.45600000,44.15
1749266581,44.36000000,28.84700000,44.15
1749266581,44.37000000,10.83600000,44.15
1749266581,44.38000000,2.48000000,44.15
1749266581,44.39000000,16.87600000,44.15
1749266581,44.40000000,2.47900000,44.15
1749266581,44.41000000,0.39500000,44.15
1749266581,44.42000000,13.28900000,44.15
1749266581,44.43000000,2.76500000,44.15
1749266581,44.44000000,6.87400000,44.15
1749266581,44.45000000,29.91600000,44.15
1749266581,44.46000000,6.84600000,44.15
1749266581,44.47000000,2.66700000,44.15
1749266581,44.48000000,15.56100000,44.15
1749266581,44.49000000,0.39800000,44.15
1749266581,44.50000000,12.79600000,44.15
1749266581,44.51000000,0.39800000,44.15
1749266581,44.52000000,0.22900000,44.15
1749266581,44.53000000,2.79900000,44.15
1749266581,44.54000000,2.49300000,44.15
1749266581,44.55000000,17.16900000,44.15
1749266581,44.56000000,0.22900000,44.15
1749266581,44.57000000,13.14700000,44.15
1749266581,44.58000000,0.22900000,44.15
1749266581,44.59000000,2.66400000,44.15
1749266581,44.60000000,2.49400000,44.15
1749266581,44.61000000,0.39900000,44.15
1749266581,44.62000000,16.23100000,44.15
1749266581,44.63000000,33.15500000,44.15
1749266581,44.64000000,2.49300000,44.15
1749266581,44.65000000,0.56300000,44.15
1749266581,44.66000000,0.35300000,44.15
1749266581,44.67000000,0.51500000,44.15
1749266581,44.68000000,16.65900000,44.15
1749266581,44.69000000,13.46100000,44.15
1749266581,44.70000000,0.22800000,44.15
1749266581,44.71000000,0.67800000,44.15
1749266581,44.72000000,2.00000000,44.15
1749266581,44.73000000,0.39800000,44.15
1749266581,44.74000000,2.81300000,44.15
1749266581,44.75000000,0.39800000,44.15
1749266581,44.76000000,14.33500000,44.15
1749266581,44.77000000,30.64000000,44.15
1749266581,44.78000000,0.22800000,44.15
1749266581,44.79000000,0.39700000,44.15
1749266581,44.80000000,0.22800000,44.15
1749266581,44.81000000,17.83900000,44.15
1749266581,44.82000000,0.22800000,44.15
1749266581,44.83000000,13.29000000,44.15
1749266581,44.84000000,0.22700000,44.15
1749266581,44.85000000,0.22700000,44.15
1749266581,44.86000000,0.34400000,44.15
1749266581,44.87000000,0.22700000,44.15
1749266581,44.88000000,0.22700000,44.15
1749266581,44.89000000,22.70300000,44.15
1749266581,44.90000000,13.29000000,44.15
1749266581,44.91000000,0.48100000,44.15
1749266581,44.92000000,13.80600000,44.15
1749266581,44.97000000,13.06300000,44.15
1749266581,44.98000000,0.13100000,44.15
1749266581,44.99000000,3.33300000,44.15
1749266581,45.01000000,0.82500000,44.15
1749266581,45.02000000,0.29700000,44.15
1749266581,45.09000000,0.11600000,44.15
1749266581,45.11000000,0.14400000,44.15
1749266581,45.14000000,0.11600000,44.15
1749266581,45.17000000,25.94500000,44.15
1749266581,45.20000000,0.40500000,44.15
1749266581,45.21000000,13.98900000,44.15
1749266581,45.22000000,0.13100000,44.15
1749266581,45.23000000,0.36400000,44.15
1749266581,45.39000000,25.82700000,44.15
1749266581,45.40000000,34.20500000,44.15
1749266581,45.41000000,17.74400000,44.15
1749266581,45.47000000,0.13100000,44.15
1749266581,45.51000000,3.74300000,44.15
1749266581,45.52000000,199.80000000,44.15
1749266581,45.53000000,0.11500000,44.15
1749266581,45.56000000,0.17600000,44.15
1749266581,45.60000000,0.79000000,44.15
1749266581,45.62000000,0.12300000,44.15
1749266883,44.28000000,20.98900000,44.27
1749266883,44.29000000,170.95700000,44.27
1749266883,44.30000000,154.81600000,44.27
1749266883,44.31000000,146.64300000,44.27
1749266883,44.32000000,205.18100000,44.27
1749266883,44.33000000,189.84900000,44.27
1749266883,44.34000000,266.92400000,44.27
1749266883,44.35000000,198.05500000,44.27
1749266883,44.36000000,52.19000000,44.27
1749266883,44.37000000,16.11800000,44.27
1749266883,44.38000000,29.66300000,44.27
1749266883,44.39000000,60.72000000,44.27
1749266883,44.40000000,19.39700000,44.27
1749266883,44.41000000,120.33700000,44.27
1749266883,44.42000000,79.20500000,44.27
1749266883,44.43000000,12.66500000,44.27
1749266883,44.44000000,6.87400000,44.27
1749266883,44.45000000,25.24500000,44.27
1749266883,44.46000000,6.84600000,44.27
1749266883,44.47000000,10.88800000,44.27
1749266883,44.48000000,15.56100000,44.27
1749266883,44.49000000,0.39800000,44.27
1749266883,44.50000000,27.97000000,44.27
1749266883,44.51000000,15.99800000,44.27
1749266883,44.52000000,0.22900000,44.27
1749266883,44.53000000,21.94600000,44.27
1749266883,44.54000000,2.49300000,44.27
1749266883,44.55000000,17.16900000,44.27
1749266883,44.56000000,0.22900000,44.27
1749266883,44.57000000,13.14700000,44.27
1749266883,44.58000000,0.22900000,44.27
1749266883,44.59000000,8.27600000,44.27
1749266883,44.60000000,2.49400000,44.27
1749266883,44.61000000,0.39900000,44.27
1749266883,44.62000000,37.89100000,44.27
1749266883,44.63000000,36.57200000,44.27
1749266883,44.64000000,2.49300000,44.27
1749266883,44.65000000,0.56300000,44.27
1749266883,44.66000000,0.35300000,44.27
1749266883,44.67000000,0.51500000,44.27
1749266883,44.68000000,2.48500000,44.27
1749266883,44.69000000,13.46100000,44.27
1749266883,44.70000000,0.22800000,44.27
1749266883,44.71000000,0.67800000,44.27
1749266883,44.72000000,2.00000000,44.27
1749266883,44.73000000,0.39800000,44.27
1749266883,44.74000000,2.81300000,44.27
1749266883,44.75000000,0.39800000,44.27
1749266883,44.76000000,14.33500000,44.27
1749266883,44.77000000,0.39800000,44.27
1749266883,44.78000000,0.22800000,44.27
1749266883,44.79000000,14.36300000,44.27
1749266883,44.80000000,0.22800000,44.27
1749266883,44.81000000,17.83900000,44.27
1749266883,44.82000000,0.22800000,44.27
1749266883,44.83000000,13.29000000,44.27
1749266883,44.84000000,0.22700000,44.27
1749266883,44.85000000,0.22700000,44.27
1749266883,44.86000000,0.34400000,44.27
1749266883,44.87000000,0.22700000,44.27
1749266883,44.88000000,0.22700000,44.27
1749266883,44.89000000,22.70300000,44.27
1749266883,44.90000000,13.29000000,44.27
1749266883,44.91000000,0.48100000,44.27
1749266883,44.92000000,44.17400000,44.27
1749266883,44.93000000,0.22700000,44.27
1749266883,44.94000000,0.22700000,44.27
1749266883,44.95000000,0.22700000,44.27
1749266883,44.96000000,0.22700000,44.27
1749266883,44.97000000,13.29000000,44.27
1749266883,44.98000000,0.35800000,44.27
1749266883,44.99000000,3.56000000,44.27
1749266883,45.00000000,0.22700000,44.27
1749266883,45.01000000,1.05200000,44.27
1749266883,45.02000000,0.52300000,44.27
1749266883,45.03000000,0.22600000,44.27
1749266883,45.09000000,0.11600000,44.27
1749266883,45.11000000,0.14400000,44.27
1749266883,45.14000000,0.11600000,44.27
1749266883,45.17000000,25.94500000,44.27
1749266883,45.20000000,0.40500000,44.27
1749266883,45.21000000,13.98900000,44.27
1749266883,45.22000000,0.13100000,44.27
1749266883,45.23000000,0.36400000,44.27
1749266883,45.39000000,25.82700000,44.27
1749266883,45.40000000,34.20500000,44.27
1749266883,45.41000000,17.74400000,44.27
1749266883,45.47000000,0.13100000,44.27
1749266883,45.51000000,3.74300000,44.27
1749266883,45.52000000,199.80000000,44.27
1749266883,45.53000000,0.11500000,44.27
1749266883,45.56000000,0.17600000,44.27
1749266883,45.60000000,0.79000000,44.27
1749266883,45.62000000,0.12300000,44.27
1749266883,45.63000000,1.46100000,44.27
1749266883,45.64000000,251.11100000,44.27
1749266883,45.65000000,0.82200000,44.27
1749266883,45.66000000,9.59200000,44.27
1749266883,45.69000000,4.50300000,44.27
1749266883,45.71000000,0.55200000,44.27
1749267185,44.33000000,128.02200000,44.31
1749267185,44.34000000,47.24300000,44.31
1749267185,44.35000000,84.32800000,44.31
1749267185,44.36000000,195.28900000,44.31
1749267185,44.37000000,238.63800000,44.31
1749267185,44.38000000,89.08600000,44.31
1749267185,44.39000000,167.21200000,44.31
1749267185,44.40000000,206.32300000,44.31
1749267185,44.41000000,156.36100000,44.31
1749267185,44.42000000,103.72800000,44.31
1749267185,44.43000000,72.73900000,44.31
1749267185,44.44000000,145.78200000,44.31
1749267185,44.45000000,25.40900000,44.31
1749267185,44.46000000,28.80700000,44.31
1749267185,44.47000000,16.73700000,44.31
1749267185,44.48000000,81.47700000,44.31
1749267185,44.49000000,0.39800000,44.31
1749267185,44.50000000,4.51100000,44.31
1749267185,44.51000000,0.39800000,44.31
1749267185,44.52000000,0.22900000,44.31
1749267185,44.53000000,2.79900000,44.31
1749267185,44.54000000,2.49300000,44.31
1749267185,44.55000000,15.34200000,44.31
1749267185,44.56000000,0.22900000,44.31
1749267185,44.57000000,20.32800000,44.31
1749267185,44.58000000,33.62100000,44.31
1749267185,44.59000000,2.66400000,44.31
1749267185,44.60000000,3.38700000,44.31
1749267185,44.61000000,0.39900000,44.31
1749267185,44.62000000,26.39900000,44.31
1749267185,44.63000000,36.57200000,44.31
1749267185,44.64000000,3.53700000,44.31
1749267185,44.65000000,0.56300000,44.31
1749267185,44.66000000,2.60700000,44.31
1749267185,44.67000000,6.26200000,44.31
1749267185,44.68000000,2.48500000,44.31
1749267185,44.69000000,35.10100000,44.31
1749267185,44.70000000,10.71900000,44.31
1749267185,44.71000000,2.93400000,44.31
1749267185,44.72000000,1.55800000,44.31
1749267185,44.73000000,0.39800000,44.31
1749267185,44.74000000,2.81300000,44.31
1749267185,44.75000000,4.55500000,44.31
1749267185,44.76000000,58.73100000,44.31
1749267185,44.77000000,0.39800000,44.31
1749267185,44.78000000,0.22800000,44.31
1749267185,44.79000000,0.39700000,44.31
1749267185,44.80000000,0.22800000,44.31
1749267185,44.81000000,17.83900000,44.31
1749267185,44.82000000,0.22800000,44.31
1749267185,44.83000000,43.49100000,44.31
1749267185,44.84000000,0.22700000,44.31
1749267185,44.85000000,0.22700000,44.31
1749267185,44.86000000,0.34400000,44.31
1749267185,44.87000000,0.22700000,44.31
1749267185,44.88000000,0.22700000,44.31
1749267185,44.89000000,22.70300000,44.31
1749267185,44.90000000,27.54700000,44.31
1749267185,44.91000000,0.48100000,44.31
1749267185,44.92000000,0.76200000,44.31
1749267185,44.93000000,0.22700000,44.31
1749267185,44.94000000,0.22700000,44.31
1749267185,44.95000000,0.22700000,44.31
1749267185,44.96000000,0.22700000,44.31
1749267185,44.97000000,13.29000000,44.31
1749267185,44.98000000,0.35800000,44.31
1749267185,44.99000000,0.22700000,44.31
1749267185,45.00000000,0.22700000,44.31
1749267185,45.01000000,1.05100000,44.31
1749267185,45.02000000,0.52300000,44.31
1749267185,45.03000000,0.22600000,44.31
1749267185,45.04000000,13.49700000,44.31
1749267185,45.05000000,0.22600000,44.31
1749267185,45.06000000,0.22600000,44.31
1749267185,45.07000000,0.22600000,44.31
1749267185,45.08000000,0.22600000,44.31
1749267185,45.09000000,0.11600000,44.31
1749267185,45.11000000,0.14400000,44.31
1749267185,45.14000000,0.11600000,44.31
1749267185,45.18000000,3.31900000,44.31
1749267185,45.20000000,0.40500000,44.31
1749267185,45.21000000,13.98900000,44.31
1749267185,45.22000000,0.13100000,44.31
1749267185,45.23000000,0.36400000,44.31
1749267185,45.38000000,25.88500000,44.31
1749267185,45.40000000,34.20500000,44.31
1749267185,45.41000000,3.02900000,44.31
1749267185,45.47000000,0.13100000,44.31
1749267185,45.51000000,3.74300000,44.31
1749267185,45.52000000,199.80000000,44.31
1749267185,45.53000000,0.11500000,44.31
1749267185,45.54000000,14.71500000,44.31
1749267185,45.56000000,0.17600000,44.31
1749267185,45.60000000,0.79000000,44.31
1749267185,45.62000000,0.12300000,44.31
1749267185,45.63000000,1.46100000,44.31
1749267185,45.64000000,251.11100000,44.31
1749267185,45.65000000,0.16500000,44.31
1749267185,45.66000000,9.59200000,44.31
1749267185,45.69000000,4.50300000,44.31
1749267491,44.27000000,39.17100000,44.27
1749267491,44.28000000,169.00600000,44.27
1749267491,44.29000000,106.07800000,44.27
1749267491,44.30000000,361.04900000,44.27
1749267491,44.31000000,240.36700000,44.27
1749267491,44.32000000,91.40100000,44.27
1749267491,44.33000000,97.14100000,44.27
1749267491,44.34000000,259.53100000,44.27
1749267491,44.35000000,168.40500000,44.27
1749267491,44.36000000,52.19000000,44.27
1749267491,44.37000000,109.97200000,44.27
1749267491,44.38000000,67.19000000,44.27
1749267491,44.39000000,23.52900000,44.27
1749267491,44.40000000,37.45200000,44.27
1749267491,44.41000000,15.04200000,44.27
1749267491,44.42000000,83.95200000,44.27
1749267491,44.43000000,17.41200000,44.27
1749267491,44.44000000,28.41400000,44.27
1749267491,44.45000000,29.97100000,44.27
1749267491,44.46000000,18.16200000,44.27
1749267491,44.47000000,7.05000000,44.27
1749267491,44.48000000,15.56100000,44.27
1749267491,44.49000000,12.28600000,44.27
1749267491,44.50000000,18.21800000,44.27
1749267491,44.51000000,20.94400000,44.27
1749267491,44.52000000,3.93600000,44.27
1749267491,44.53000000,2.79900000,44.27
1749267491,44.54000000,12.66100000,44.27
1749267491,44.55000000,13.46200000,44.27
1749267491,44.56000000,0.22900000,44.27
1749267491,44.57000000,2.65600000,44.27
1749267491,44.58000000,5.82500000,44.27
1749267491,44.59000000,2.66400000,44.27
1749267491,44.60000000,25.04700000,44.27
1749267491,44.61000000,0.39900000,44.27
1749267491,44.62000000,16.23100000,44.27
1749267491,44.63000000,36.57200000,44.27
1749267491,44.64000000,14.02800000,44.27
1749267491,44.65000000,0.56300000,44.27
1749267491,44.66000000,2.60700000,44.27
1749267491,44.67000000,0.51500000,44.27
1749267491,44.68000000,2.48500000,44.27
1749267491,44.69000000,31.07200000,44.27
1749267491,44.70000000,0.22800000,44.27
1749267491,44.71000000,0.67800000,44.27
1749267491,44.72000000,1.55800000,44.27
1749267491,44.73000000,45.88800000,44.27
1749267491,44.74000000,0.55900000,44.27
1749267491,44.75000000,0.84800000,44.27
1749267491,44.76000000,27.33300000,44.27
1749267491,44.77000000,22.87400000,44.27
1749267491,44.78000000,0.22800000,44.27
1749267491,44.79000000,0.39700000,44.27
1749267491,44.80000000,0.22800000,44.27
1749267491,44.81000000,0.22800000,44.27
1749267491,44.82000000,0.22800000,44.27
1749267491,44.83000000,13.29000000,44.27
1749267491,44.84000000,0.22700000,44.27
1749267491,44.85000000,0.22700000,44.27
1749267491,44.86000000,30.52500000,44.27
1749267491,44.87000000,0.22700000,44.27
1749267491,44.88000000,0.22700000,44.27
1749267491,44.89000000,0.22700000,44.27
1749267491,44.90000000,13.29000000,44.27
1749267491,44.91000000,0.48100000,44.27
1749267491,44.92000000,0.76200000,44.27
1749267491,44.93000000,0.22700000,44.27
1749267491,44.94000000,0.22700000,44.27
1749267491,44.95000000,0.22700000,44.27
1749267491,44.96000000,0.22700000,44.27
1749267491,44.97000000,0.22700000,44.27
1749267491,44.98000000,0.35800000,44.27
1749267491,44.99000000,16.83100000,44.27
1749267491,45.00000000,0.22700000,44.27
1749267491,45.01000000,1.05200000,44.27
1749267491,45.02000000,0.52400000,44.27
1749267491,45.09000000,0.11600000,44.27
1749267491,45.11000000,0.14400000,44.27
1749267491,45.14000000,0.11600000,44.27
1749267491,45.17000000,25.98100000,44.27
1749267491,45.20000000,0.40500000,44.27
1749267491,45.21000000,13.98900000,44.27
1749267491,45.22000000,0.13100000,44.27
1749267491,45.23000000,0.36400000,44.27
1749267491,45.40000000,34.20500000,44.27
1749267491,45.41000000,3.02900000,44.27
1749267491,45.47000000,0.13100000,44.27
1749267491,45.49000000,14.71500000,44.27
1749267491,45.51000000,3.74300000,44.27
1749267491,45.52000000,199.80000000,44.27
1749267491,45.53000000,0.11500000,44.27
1749267491,45.56000000,0.17600000,44.27
1749267491,45.60000000,0.79000000,44.27
1749267491,45.62000000,0.12300000,44.27
1749267491,45.63000000,1.46100000,44.27
1749267491,45.64000000,251.11100000,44.27
1749267491,45.65000000,0.16500000,44.27
1749267491,45.66000000,9.59200000,44.27
1749267491,45.69000000,4.50300000,44.27
1749267491,45.71000000,0.55200000,44.27
1749267793,44.27000000,121.58100000,44.26
1749267793,44.28000000,16.01600000,44.26
1749267793,44.29000000,44.82600000,44.26
1749267793,44.30000000,83.17300000,44.26
1749267793,44.31000000,211.22700000,44.26
1749267793,44.32000000,245.89700000,44.26
1749267793,44.33000000,123.01900000,44.26
1749267793,44.34000000,285.69600000,44.26
1749267793,44.35000000,226.12000000,44.26
1749267793,44.36000000,165.62200000,44.26
1749267793,44.37000000,68.92100000,44.26
1749267793,44.38000000,67.16700000,44.26
1749267793,44.39000000,127.56000000,44.26
1749267793,44.40000000,19.00600000,44.26
1749267793,44.41000000,16.33600000,44.26
1749267793,44.42000000,79.37500000,44.26
1749267793,44.43000000,17.41200000,44.26
1749267793,44.44000000,31.32600000,44.26
1749267793,44.45000000,25.24400000,44.26
1749267793,44.46000000,18.15300000,44.26
1749267793,44.47000000,16.95000000,44.26
1749267793,44.48000000,25.46100000,44.26
1749267793,44.49000000,37.78600000,44.26
1749267793,44.50000000,2.62800000,44.26
1749267793,44.51000000,0.39800000,44.26
1749267793,44.52000000,0.22900000,44.26
1749267793,44.53000000,2.79900000,44.26
1749267793,44.54000000,12.66100000,44.26
1749267793,44.55000000,13.46200000,44.26
1749267793,44.56000000,19.18600000,44.26
1749267793,44.57000000,2.65600000,44.26
1749267793,44.58000000,5.82500000,44.26
1749267793,44.59000000,2.66400000,44.26
1749267793,44.60000000,25.05700000,44.26
1749267793,44.61000000,0.39900000,44.26
1749267793,44.62000000,16.23100000,44.26
1749267793,44.63000000,36.57200000,44.26
1749267793,44.64000000,14.02800000,44.26
1749267793,44.65000000,0.56300000,44.26
1749267793,44.66000000,2.60700000,44.26
1749267793,44.67000000,0.51500000,44.26
1749267793,44.68000000,2.48500000,44.26
1749267793,44.69000000,13.46100000,44.26
1749267793,44.70000000,3.93500000,44.26
1749267793,44.71000000,46.18800000,44.26
1749267793,44.72000000,1.55800000,44.26
1749267793,44.73000000,0.39800000,44.26
1749267793,44.74000000,0.55900000,44.26
1749267793,44.75000000,0.84800000,44.26
1749267793,44.76000000,13.29100000,44.26
1749267793,44.77000000,22.87400000,44.26
1749267793,44.78000000,0.22800000,44.26
1749267793,44.79000000,0.39700000,44.26
1749267793,44.80000000,0.22800000,44.26
1749267793,44.81000000,0.22800000,44.26
1749267793,44.82000000,0.22800000,44.26
1749267793,44.83000000,30.90100000,44.26
1749267793,44.84000000,0.22700000,44.26
1749267793,44.85000000,0.22700000,44.26
1749267793,44.86000000,0.34400000,44.26
1749267793,44.87000000,14.33300000,44.26
1749267793,44.88000000,0.22700000,44.26
1749267793,44.89000000,0.22700000,44.26
1749267793,44.90000000,13.29000000,44.26
1749267793,44.91000000,0.48100000,44.26
1749267793,44.92000000,0.76200000,44.26
1749267793,44.93000000,0.22700000,44.26
1749267793,44.94000000,0.22700000,44.26
1749267793,44.95000000,0.22700000,44.26
1749267793,44.96000000,30.34100000,44.26
1749267793,44.97000000,0.22700000,44.26
1749267793,44.98000000,0.35800000,44.26
1749267793,44.99000000,16.83100000,44.26
1749267793,45.00000000,0.22700000,44.26
1749267793,45.01000000,1.05200000,44.26
1749267793,45.02000000,0.52300000,44.26
1749267793,45.09000000,0.11600000,44.26
1749267793,45.11000000,0.14400000,44.26
1749267793,45.14000000,0.11600000,44.26
1749267793,45.17000000,25.98100000,44.26
1749267793,45.20000000,0.40500000,44.26
1749267793,45.21000000,13.98900000,44.26
1749267793,45.22000000,0.13100000,44.26
1749267793,45.23000000,0.36400000,44.26
1749267793,45.40000000,34.20500000,44.26
1749267793,45.41000000,3.02900000,44.26
1749267793,45.47000000,0.13100000,44.26
1749267793,45.49000000,14.71500000,44.26
1749267793,45.51000000,3.74300000,44.26
1749267793,45.52000000,199.80000000,44.26
1749267793,45.53000000,0.11500000,44.26
1749267793,45.56000000,0.17600000,44.26
1749267793,45.60000000,0.79000000,44.26
1749267793,45.62000000,0.12300000,44.26
1749267793,45.63000000,1.46100000,44.26
1749267793,45.64000000,251.11100000,44.26
1749267793,45.65000000,0.16500000,44.26
1749267793,45.66000000,9.59200000,44.26
1749267793,45.69000000,4.50300000,44.26
1749267793,45.71000000,1.20800000,44.26
1749268095,44.24000000,130.73700000,44.23
1749268095,44.25000000,54.15300000,44.23
1749268095,44.26000000,150.99200000,44.23
1749268095,44.27000000,153.46200000,44.23
1749268095,44.28000000,107.86400000,44.23
1749268095,44.29000000,257.72600000,44.23
