timestamp,price,volume,current_price
1749254635,44.19000000,51.48300000,44.18
1749254635,44.20000000,40.23900000,44.18
1749254635,44.21000000,52.82400000,44.18
1749254635,44.22000000,44.28000000,44.18
1749254635,44.23000000,29.56400000,44.18
1749254635,44.24000000,31.65600000,44.18
1749254635,44.25000000,81.86300000,44.18
1749254635,44.26000000,257.68200000,44.18
1749254635,44.27000000,285.34900000,44.18
1749254635,44.28000000,133.49600000,44.18
1749254635,44.29000000,180.72800000,44.18
1749254635,44.30000000,321.92700000,44.18
1749254635,44.31000000,167.72600000,44.18
1749254635,44.32000000,12.55400000,44.18
1749254635,44.33000000,13.47400000,44.18
1749254635,44.34000000,35.21000000,44.18
1749254635,44.35000000,68.73900000,44.18
1749254635,44.36000000,12.55300000,44.18
1749254635,44.37000000,24.09300000,44.18
1749254635,44.38000000,10.29600000,44.18
1749254635,44.39000000,12.72200000,44.18
1749254635,44.40000000,23.75300000,44.18
1749254635,44.41000000,12.55000000,44.18
1749254635,44.42000000,66.14200000,44.18
1749254635,44.43000000,14.79200000,44.18
1749254635,44.44000000,12.37900000,44.18
1749254635,44.45000000,12.43100000,44.18
1749254635,44.46000000,23.18800000,44.18
1749254635,44.47000000,12.54700000,44.18
1749254635,44.48000000,12.37600000,44.18
1749254635,44.49000000,27.86300000,44.18
1749254635,44.50000000,15.90500000,44.18
1749254635,44.51000000,6.44400000,44.18
1749254635,44.52000000,13.28800000,44.18
1749254635,44.53000000,0.39400000,44.18
1749254635,44.54000000,0.22500000,44.18
1749254635,44.55000000,0.39400000,44.18
1749254635,44.56000000,24.53500000,44.18
1749254635,44.57000000,11.64100000,44.18
1749254635,44.58000000,0.22500000,44.18
1749254635,44.59000000,11.77100000,44.18
1749254635,44.60000000,0.22500000,44.18
1749254635,44.61000000,13.45700000,44.18
1749254635,44.62000000,98.36800000,44.18
1749254635,44.63000000,0.39400000,44.18
1749254635,44.64000000,16.70500000,44.18
1749254635,44.65000000,0.39400000,44.18
1749254635,44.66000000,11.47200000,44.18
1749254635,44.67000000,13.45500000,44.18
1749254635,44.68000000,0.22400000,44.18
1749254635,44.69000000,6.12200000,44.18
1749254635,44.70000000,13.28700000,44.18
1749254635,44.71000000,0.39200000,44.18
1749254635,44.72000000,0.34100000,44.18
1749254635,44.73000000,13.45500000,44.18
1749254635,44.74000000,25.91000000,44.18
1749254635,44.75000000,0.39300000,44.18
1749254635,44.76000000,27.57700000,44.18
1749254635,44.77000000,0.39500000,44.18
1749254635,44.78000000,17.83600000,44.18
1749254635,44.79000000,13.57400000,44.18
1749254635,44.80000000,3.93200000,44.18
1749254635,44.81000000,0.39400000,44.18
1749254635,44.82000000,13.42200000,44.18
1749254635,44.83000000,0.39400000,44.18
1749254635,44.84000000,20.83500000,44.18
1749254635,44.85000000,13.45700000,44.18
1749254635,44.86000000,0.22500000,44.18
1749254635,44.87000000,0.39400000,44.18
1749254635,44.88000000,0.22500000,44.18
1749254635,44.89000000,0.39400000,44.18
1749254635,44.90000000,0.34800000,44.18
1749254635,44.91000000,0.39400000,44.18
1749254635,44.92000000,0.35900000,44.18
1749254635,44.93000000,1.18100000,44.18
1749254635,44.94000000,0.67400000,44.18
1749254635,44.95000000,0.37900000,44.18
1749254635,44.97000000,0.16800000,44.18
1749254635,44.98000000,0.13100000,44.18
1749254635,44.99000000,0.16800000,44.18
1749254635,45.00000000,151.35200000,44.18
1749254635,45.01000000,0.82500000,44.18
1749254635,45.03000000,3.33000000,44.18
1749254635,45.05000000,0.11600000,44.18
1749254635,45.06000000,13.27100000,44.18
1749254635,45.08000000,109.89800000,44.18
1749254635,45.10000000,0.12300000,44.18
1749254635,45.14000000,0.11600000,44.18
1749254635,45.17000000,9.59200000,44.18
1749254635,45.22000000,0.13100000,44.18
1749254635,45.23000000,0.36400000,44.18
1749254635,45.28000000,0.45200000,44.18
1749254635,45.31000000,0.12300000,44.18
1749254635,45.37000000,26.38500000,44.18
1749254635,45.40000000,34.20500000,44.18
1749254635,45.41000000,0.67400000,44.18
1749254635,45.47000000,0.13100000,44.18
1749254635,45.51000000,0.12300000,44.18
1749254635,45.52000000,199.80000000,44.18
1749254635,45.53000000,11.89900000,44.18
1749254948,44.24000000,18.81200000,44.22
1749254948,44.25000000,29.79300000,44.22
1749254948,44.26000000,90.30500000,44.22
1749254948,44.27000000,145.12400000,44.22
1749254948,44.28000000,51.36700000,44.22
1749254948,44.29000000,165.92400000,44.22
1749254948,44.30000000,275.82600000,44.22
1749254948,44.31000000,373.07500000,44.22
1749254948,44.32000000,119.14500000,44.22
1749254948,44.33000000,138.98800000,44.22
1749254948,44.34000000,46.22100000,44.22
1749254948,44.35000000,66.48200000,44.22
1749254948,44.36000000,13.30400000,44.22
1749254948,44.37000000,26.34900000,44.22
1749254948,44.38000000,10.29600000,44.22
1749254948,44.39000000,12.72200000,44.22
1749254948,44.40000000,26.06200000,44.22
1749254948,44.41000000,12.72000000,44.22
1749254948,44.42000000,66.99000000,44.22
1749254948,44.43000000,26.17500000,44.22
1749254948,44.44000000,27.45800000,44.22
1749254948,44.45000000,10.29400000,44.22
1749254948,44.46000000,23.75200000,44.22
1749254948,44.47000000,12.54700000,44.22
1749254948,44.48000000,12.38400000,44.22
1749254948,44.49000000,27.74000000,44.22
1749254948,44.50000000,12.51900000,44.22
1749254948,44.51000000,10.29400000,44.22
1749254948,44.52000000,23.18800000,44.22
1749254948,44.53000000,2.65500000,44.22
1749254948,44.54000000,13.54200000,44.22
1749254948,44.55000000,10.29400000,44.22
1749254948,44.56000000,121.51800000,44.22
1749254948,44.57000000,19.69000000,44.22
1749254948,44.58000000,0.22500000,44.22
1749254948,44.59000000,10.41100000,44.22
1749254948,44.60000000,1.90500000,44.22
1749254948,44.61000000,23.35700000,44.22
1749254948,44.62000000,0.97300000,44.22
1749254948,44.63000000,10.29400000,44.22
1749254948,44.64000000,23.18800000,44.22
1749254948,44.65000000,0.39400000,44.22
1749254948,44.66000000,0.22500000,44.22
1749254948,44.67000000,13.45500000,44.22
1749254948,44.68000000,0.22400000,44.22
1749254948,44.69000000,0.39200000,44.22
1749254948,44.70000000,13.28700000,44.22
1749254948,44.71000000,0.39200000,44.22
1749254948,44.72000000,0.34100000,44.22
1749254948,44.73000000,13.45500000,44.22
1749254948,44.74000000,25.91000000,44.22
1749254948,44.75000000,0.39300000,44.22
1749254948,44.76000000,27.39600000,44.22
1749254948,44.77000000,0.39500000,44.22
1749254948,44.78000000,0.22500000,44.22
1749254948,44.79000000,13.57400000,44.22
1749254948,44.80000000,0.22500000,44.22
1749254948,44.81000000,0.39400000,44.22
1749254948,44.82000000,13.42200000,44.22
1749254948,44.83000000,0.39400000,44.22
1749254948,44.84000000,20.83500000,44.22
1749254948,44.85000000,0.39400000,44.22
1749254948,44.86000000,0.22500000,44.22
1749254948,44.87000000,0.39400000,44.22
1749254948,44.88000000,0.22500000,44.22
1749254948,44.89000000,0.39400000,44.22
1749254948,44.90000000,0.22500000,44.22
1749254948,44.91000000,0.39400000,44.22
1749254948,44.92000000,17.97200000,44.22
1749254948,44.93000000,0.39600000,44.22
1749254948,44.94000000,0.67600000,44.22
1749254948,44.95000000,0.60600000,44.22
1749254948,44.96000000,0.22700000,44.22
1749254948,44.97000000,0.39500000,44.22
1749254948,44.98000000,0.35800000,44.22
1749254948,44.99000000,0.22700000,44.22
1749254948,45.00000000,151.35200000,44.22
1749254948,45.01000000,0.82500000,44.22
1749254948,45.03000000,3.33000000,44.22
1749254948,45.05000000,0.11600000,44.22
1749254948,45.06000000,13.27100000,44.22
1749254948,45.14000000,0.11600000,44.22
1749254948,45.16000000,0.56700000,44.22
1749254948,45.17000000,9.59200000,44.22
1749254948,45.22000000,0.13100000,44.22
1749254948,45.23000000,0.36400000,44.22
1749254948,45.37000000,26.38500000,44.22
1749254948,45.40000000,34.20500000,44.22
1749254948,45.41000000,0.67400000,44.22
1749254948,45.43000000,13.31400000,44.22
1749254948,45.47000000,0.13100000,44.22
1749254948,45.52000000,199.80000000,44.22
1749254948,45.53000000,0.11500000,44.22
1749254948,45.56000000,0.17600000,44.22
1749254948,45.60000000,0.20000000,44.22
1749254948,45.63000000,253.02200000,44.22
1749254948,45.64000000,14.83000000,44.22
1749254948,45.65000000,0.16500000,44.22
1749254948,45.69000000,4.50300000,44.22
1749254948,45.71000000,0.72700000,44.22
