timestamp,price,volume,current_price
1749260861,0.36670000,27.30000000,0.3666
1749260861,0.36680000,2986.90000000,0.3666
1749260861,0.36690000,698.40000000,0.3666
1749260861,0.36700000,3006.70000000,0.3666
1749260861,0.36710000,6357.00000000,0.3666
1749260861,0.36720000,2568.20000000,0.3666
1749260861,0.36730000,3781.40000000,0.3666
1749260861,0.36740000,7416.70000000,0.3666
1749260861,0.36750000,3888.20000000,0.3666
1749260861,0.36760000,7378.20000000,0.3666
1749260861,0.36770000,5234.40000000,0.3666
1749260861,0.36780000,1658.90000000,0.3666
1749260861,0.36790000,1606.30000000,0.3666
1749260861,0.36800000,4966.20000000,0.3666
1749260861,0.36810000,2758.50000000,0.3666
1749260861,0.36820000,1725.50000000,0.3666
1749260861,0.36830000,4425.30000000,0.3666
1749260861,0.36840000,1596.10000000,0.3666
1749260861,0.36850000,2551.50000000,0.3666
1749260861,0.36860000,4965.20000000,0.3666
1749260861,0.36870000,3387.00000000,0.3666
1749260861,0.36880000,657.20000000,0.3666
1749260861,0.36890000,4232.90000000,0.3666
1749260861,0.36900000,27.20000000,0.3666
1749260861,0.36910000,2817.70000000,0.3666
1749260861,0.36920000,4212.40000000,0.3666
1749260861,0.36930000,1432.80000000,0.3666
1749260861,0.36940000,27.70000000,0.3666
1749260861,0.36950000,4233.60000000,0.3666
1749260861,0.36960000,27.70000000,0.3666
1749260861,0.36970000,48.30000000,0.3666
1749260861,0.36980000,4213.00000000,0.3666
1749260861,0.36990000,48.30000000,0.3666
1749260861,0.37000000,838.00000000,0.3666
1749260861,0.37010000,5548.10000000,0.3666
1749260861,0.37020000,27.60000000,0.3666
1749260861,0.37030000,48.10000000,0.3666
1749260861,0.37040000,27.60000000,0.3666
1749260861,0.37050000,3603.40000000,0.3666
1749260861,0.37060000,27.60000000,0.3666
1749260861,0.37070000,48.10000000,0.3666
1749260861,0.37080000,27.60000000,0.3666
1749260861,0.37090000,16965.20000000,0.3666
1749260861,0.37100000,27.60000000,0.3666
1749260861,0.37110000,48.10000000,0.3666
1749260861,0.37120000,27.60000000,0.3666
1749260861,0.37130000,3603.30000000,0.3666
1749260861,0.37140000,27.50000000,0.3666
1749260861,0.37150000,48.00000000,0.3666
1749260861,0.37160000,27.50000000,0.3666
1749260861,0.37170000,200.80000000,0.3666
1749260861,0.37180000,145.60000000,0.3666
1749260861,0.37190000,27.50000000,0.3666
1749260861,0.37200000,149.20000000,0.3666
1749260861,0.37210000,27.50000000,0.3666
1749260861,0.37220000,27.50000000,0.3666
1749260861,0.37230000,27.50000000,0.3666
1749260861,0.37240000,27.50000000,0.3666
1749260861,0.37250000,27.50000000,0.3666
1749260861,0.37260000,27.50000000,0.3666
1749260861,0.37270000,27.50000000,0.3666
1749260861,0.37280000,1903.80000000,0.3666
1749260861,0.37290000,1574.70000000,0.3666
1749260861,0.37300000,27.40000000,0.3666
1749260861,0.37310000,144.40000000,0.3666
1749260861,0.37320000,27.40000000,0.3666
1749260861,0.37330000,27.40000000,0.3666
1749260861,0.37340000,27.40000000,0.3666
1749260861,0.37350000,27.40000000,0.3666
1749260861,0.37360000,48.80000000,0.3666
1749260861,0.37370000,51.50000000,0.3666
1749260861,0.37380000,140.60000000,0.3666
1749260861,0.37390000,27.40000000,0.3666
1749260861,0.37400000,27.30000000,0.3666
1749260861,0.37410000,43.30000000,0.3666
1749260861,0.37420000,27.30000000,0.3666
1749260861,0.37490000,199.10000000,0.3666
1749260861,0.37500000,305.60000000,0.3666
1749260861,0.37560000,717.60000000,0.3666
1749260861,0.37640000,26738.00000000,0.3666
1749260861,0.37650000,664.10000000,0.3666
1749260861,0.37760000,18.50000000,0.3666
1749260861,0.37780000,21.20000000,0.3666
1749260861,0.37790000,366.80000000,0.3666
1749260861,0.37820000,26730.80000000,0.3666
1749260861,0.37830000,2689.10000000,0.3666
1749260861,0.37880000,656.80000000,0.3666
1749260861,0.37890000,3456.30000000,0.3666
1749260861,0.37950000,52.70000000,0.3666
1749260861,0.38000000,179.50000000,0.3666
1749260861,0.38030000,18.40000000,0.3666
1749260861,0.38080000,26.30000000,0.3666
1749260861,0.38090000,31.50000000,0.3666
1749260861,0.38120000,277.50000000,0.3666
1749260861,0.38150000,26.20000000,0.3666
1749260861,0.38260000,2628.40000000,0.3666
1749260861,0.38370000,14.60000000,0.3666
1749260861,0.38450000,677.40000000,0.3666
1749260861,0.38500000,2861.10000000,0.3666
1749260861,0.38650000,232.90000000,0.3666
1749261187,0.36790000,1301.20000000,0.3679
1749261187,0.36800000,1221.30000000,0.3679
1749261187,0.36810000,1348.80000000,0.3679
1749261187,0.36820000,1892.70000000,0.3679
1749261187,0.36830000,6050.90000000,0.3679
1749261187,0.36840000,4108.90000000,0.3679
1749261187,0.36850000,3909.10000000,0.3679
1749261187,0.36860000,7042.10000000,0.3679
1749261187,0.36870000,5855.20000000,0.3679
1749261187,0.36880000,7796.70000000,0.3679
1749261187,0.36890000,7385.80000000,0.3679
1749261187,0.36900000,1429.30000000,0.3679
1749261187,0.36910000,1572.20000000,0.3679
1749261187,0.36920000,4212.40000000,0.3679
1749261187,0.36930000,1620.30000000,0.3679
1749261187,0.36940000,3191.20000000,0.3679
1749261187,0.36950000,4233.60000000,0.3679
1749261187,0.36960000,1593.50000000,0.3679
1749261187,0.36970000,1428.70000000,0.3679
1749261187,0.36980000,5023.90000000,0.3679
1749261187,0.36990000,4180.10000000,0.3679
1749261187,0.37000000,838.00000000,0.3679
1749261187,0.37010000,7688.20000000,0.3679
1749261187,0.37020000,967.70000000,0.3679
1749261187,0.37030000,48.10000000,0.3679
1749261187,0.37040000,27.60000000,0.3679
1749261187,0.37050000,4233.40000000,0.3679
1749261187,0.37060000,27.60000000,0.3679
1749261187,0.37070000,803.50000000,0.3679
1749261187,0.37080000,657.60000000,0.3679
1749261187,0.37090000,4289.40000000,0.3679
1749261187,0.37100000,27.60000000,0.3679
1749261187,0.37110000,48.10000000,0.3679
1749261187,0.37120000,657.60000000,0.3679
1749261187,0.37130000,3603.30000000,0.3679
1749261187,0.37140000,27.50000000,0.3679
1749261187,0.37150000,48.00000000,0.3679
1749261187,0.37160000,27.50000000,0.3679
1749261187,0.37170000,3603.30000000,0.3679
1749261187,0.37180000,27.50000000,0.3679
1749261187,0.37190000,48.00000000,0.3679
1749261187,0.37200000,27.50000000,0.3679
1749261187,0.37210000,27.50000000,0.3679
1749261187,0.37220000,27.50000000,0.3679
1749261187,0.37230000,27.50000000,0.3679
1749261187,0.37240000,27.50000000,0.3679
1749261187,0.37250000,27.50000000,0.3679
1749261187,0.37260000,27.50000000,0.3679
1749261187,0.37270000,27.50000000,0.3679
1749261187,0.37280000,27.40000000,0.3679
1749261187,0.37290000,1839.50000000,0.3679
1749261187,0.37300000,27.40000000,0.3679
1749261187,0.37310000,149.10000000,0.3679
1749261187,0.37320000,27.40000000,0.3679
1749261187,0.37330000,27.40000000,0.3679
1749261187,0.37340000,27.40000000,0.3679
1749261187,0.37350000,27.40000000,0.3679
1749261187,0.37360000,48.80000000,0.3679
1749261187,0.37370000,51.50000000,0.3679
1749261187,0.37380000,27.40000000,0.3679
1749261187,0.37390000,27.40000000,0.3679
1749261187,0.37400000,1933.70000000,0.3679
1749261187,0.37410000,43.30000000,0.3679
1749261187,0.37420000,27.30000000,0.3679
1749261187,0.37430000,27.30000000,0.3679
1749261187,0.37440000,27.30000000,0.3679
1749261187,0.37450000,27.30000000,0.3679
1749261187,0.37460000,27.30000000,0.3679
1749261187,0.37470000,27.30000000,0.3679
1749261187,0.37480000,140.50000000,0.3679
1749261187,0.37490000,27.30000000,0.3679
1749261187,0.37500000,332.90000000,0.3679
1749261187,0.37510000,27.30000000,0.3679
1749261187,0.37520000,27.20000000,0.3679
1749261187,0.37530000,144.20000000,0.3679
1749261187,0.37540000,27.20000000,0.3679
1749261187,0.37650000,870.60000000,0.3679
1749261187,0.37670000,717.60000000,0.3679
1749261187,0.37760000,18.50000000,0.3679
1749261187,0.37780000,21.20000000,0.3679
1749261187,0.37790000,366.80000000,0.3679
1749261187,0.37880000,40126.20000000,0.3679
1749261187,0.37890000,3456.30000000,0.3679
1749261187,0.37940000,2689.10000000,0.3679
1749261187,0.37950000,52.70000000,0.3679
1749261187,0.37990000,630.40000000,0.3679
1749261187,0.38000000,179.50000000,0.3679
1749261187,0.38030000,18.40000000,0.3679
1749261187,0.38080000,26.30000000,0.3679
1749261187,0.38090000,31.50000000,0.3679
1749261187,0.38120000,57.00000000,0.3679
1749261187,0.38150000,26.20000000,0.3679
1749261187,0.38270000,220.50000000,0.3679
1749261187,0.38360000,26730.80000000,0.3679
1749261187,0.38370000,2643.00000000,0.3679
1749261187,0.38500000,2861.10000000,0.3679
1749261187,0.38550000,677.40000000,0.3679
1749261187,0.38650000,232.90000000,0.3679
1749261187,0.38740000,2517.90000000,0.3679
1749261187,0.38770000,20.60000000,0.3679
1749261501,0.36840000,772.40000000,0.3683
1749261501,0.36850000,698.00000000,0.3683
1749261501,0.36860000,1726.70000000,0.3683
1749261501,0.36870000,3095.80000000,0.3683
1749261501,0.36880000,3760.60000000,0.3683
1749261501,0.36890000,5918.40000000,0.3683
1749261501,0.36900000,3505.70000000,0.3683
1749261501,0.36910000,6263.40000000,0.3683
1749261501,0.36920000,9374.60000000,0.3683
1749261501,0.36930000,2472.80000000,0.3683
1749261501,0.36940000,2895.70000000,0.3683
1749261501,0.36950000,4396.90000000,0.3683
1749261501,0.36960000,1407.90000000,0.3683
1749261501,0.36970000,1428.50000000,0.3683
1749261501,0.36980000,4962.20000000,0.3683
1749261501,0.36990000,3918.90000000,0.3683
1749261501,0.37000000,1587.80000000,0.3683
1749261501,0.37010000,5929.50000000,0.3683
1749261501,0.37020000,967.70000000,0.3683
1749261501,0.37030000,1427.30000000,0.3683
1749261501,0.37040000,4581.20000000,0.3683
1749261501,0.37050000,4233.40000000,0.3683
1749261501,0.37060000,27.60000000,0.3683
1749261501,0.37070000,678.10000000,0.3683
1749261501,0.37080000,27.60000000,0.3683
1749261501,0.37090000,4289.40000000,0.3683
1749261501,0.37100000,27.60000000,0.3683
1749261501,0.37110000,48.10000000,0.3683
1749261501,0.37120000,27.60000000,0.3683
1749261501,0.37130000,4365.70000000,0.3683
1749261501,0.37140000,27.50000000,0.3683
1749261501,0.37150000,48.00000000,0.3683
1749261501,0.37160000,27.50000000,0.3683
1749261501,0.37170000,3603.30000000,0.3683
1749261501,0.37180000,1972.20000000,0.3683
1749261501,0.37190000,48.00000000,0.3683
1749261501,0.37200000,27.50000000,0.3683
1749261501,0.37210000,3603.20000000,0.3683
1749261501,0.37220000,27.50000000,0.3683
1749261501,0.37230000,47.90000000,0.3683
1749261501,0.37240000,27.50000000,0.3683
1749261501,0.37250000,3603.20000000,0.3683
1749261501,0.37260000,27.50000000,0.3683
1749261501,0.37270000,27.50000000,0.3683
1749261501,0.37280000,27.40000000,0.3683
1749261501,0.37290000,1574.70000000,0.3683
1749261501,0.37300000,27.40000000,0.3683
1749261501,0.37310000,27.40000000,0.3683
1749261501,0.37320000,27.40000000,0.3683
1749261501,0.37330000,27.40000000,0.3683
1749261501,0.37340000,27.40000000,0.3683
1749261501,0.37350000,174.00000000,0.3683
1749261501,0.37360000,48.80000000,0.3683
1749261501,0.37370000,51.50000000,0.3683
1749261501,0.37380000,27.40000000,0.3683
1749261501,0.37390000,27.40000000,0.3683
1749261501,0.37400000,2051.80000000,0.3683
1749261501,0.37410000,165.00000000,0.3683
1749261501,0.37420000,27.30000000,0.3683
1749261501,0.37430000,27.30000000,0.3683
1749261501,0.37440000,27.30000000,0.3683
1749261501,0.37450000,27.30000000,0.3683
1749261501,0.37460000,27.30000000,0.3683
1749261501,0.37470000,27.30000000,0.3683
1749261501,0.37480000,27.30000000,0.3683
1749261501,0.37490000,27.30000000,0.3683
1749261501,0.37500000,332.90000000,0.3683
1749261501,0.37510000,27.30000000,0.3683
1749261501,0.37520000,27.30000000,0.3683
1749261501,0.37530000,144.20000000,0.3683
1749261501,0.37540000,27.20000000,0.3683
1749261501,0.37550000,27.20000000,0.3683
1749261501,0.37560000,27.20000000,0.3683
1749261501,0.37570000,27.20000000,0.3683
1749261501,0.37580000,27.20000000,0.3683
1749261501,0.37590000,140.40000000,0.3683
1749261501,0.37630000,206.30000000,0.3683
1749261501,0.37650000,664.10000000,0.3683
1749261501,0.37760000,18.50000000,0.3683
1749261501,0.37770000,717.60000000,0.3683
1749261501,0.37780000,21.20000000,0.3683
1749261501,0.37880000,40126.20000000,0.3683
1749261501,0.37890000,3456.30000000,0.3683
1749261501,0.37950000,52.70000000,0.3683
1749261501,0.38000000,179.50000000,0.3683
1749261501,0.38030000,18.40000000,0.3683
1749261501,0.38050000,2689.10000000,0.3683
1749261501,0.38080000,26.30000000,0.3683
1749261501,0.38090000,31.50000000,0.3683
1749261501,0.38100000,630.40000000,0.3683
1749261501,0.38120000,57.00000000,0.3683
1749261501,0.38150000,26.20000000,0.3683
1749261501,0.38310000,220.50000000,0.3683
1749261501,0.38370000,14.60000000,0.3683
1749261501,0.38450000,366.90000000,0.3683
1749261501,0.38460000,26730.80000000,0.3683
1749261501,0.38470000,2628.40000000,0.3683
1749261501,0.38500000,2861.10000000,0.3683
1749261501,0.38550000,677.40000000,0.3683
1749261501,0.38650000,232.90000000,0.3683
1749261812,0.36810000,780.00000000,0.368
1749261812,0.36820000,677.60000000,0.368
1749261812,0.36830000,1098.00000000,0.368
1749261812,0.36840000,1577.60000000,0.368
1749261812,0.36850000,2661.60000000,0.368
1749261812,0.36860000,5212.10000000,0.368
1749261812,0.36870000,2078.60000000,0.368
1749261812,0.36880000,4480.20000000,0.368
1749261812,0.36890000,10531.30000000,0.368
1749261812,0.36900000,3179.90000000,0.368
1749261812,0.36910000,3599.10000000,0.368
1749261812,0.36920000,6594.60000000,0.368
1749261812,0.36930000,4903.50000000,0.368
1749261812,0.36940000,1428.30000000,0.368
1749261812,0.36950000,5002.80000000,0.368
1749261812,0.36960000,1428.10000000,0.368
1749261812,0.36970000,1428.80000000,0.368
1749261812,0.36980000,4213.00000000,0.368
1749261812,0.36990000,1489.20000000,0.368
1749261812,0.37000000,1026.20000000,0.368
1749261812,0.37010000,5743.50000000,0.368
1749261812,0.37020000,4528.50000000,0.368
1749261812,0.37030000,678.10000000,0.368
1749261812,0.37040000,850.00000000,0.368
1749261812,0.37050000,4233.40000000,0.368
1749261812,0.37060000,27.60000000,0.368
1749261812,0.37070000,789.50000000,0.368
1749261812,0.37080000,27.60000000,0.368
1749261812,0.37090000,3659.40000000,0.368
1749261812,0.37100000,27.60000000,0.368
1749261812,0.37110000,48.10000000,0.368
1749261812,0.37120000,27.60000000,0.368
1749261812,0.37130000,3603.30000000,0.368
1749261812,0.37140000,27.50000000,0.368
1749261812,0.37150000,48.00000000,0.368
1749261812,0.37160000,27.50000000,0.368
1749261812,0.37170000,3603.30000000,0.368
1749261812,0.37180000,1972.20000000,0.368
1749261812,0.37190000,358.10000000,0.368
1749261812,0.37200000,27.50000000,0.368
1749261812,0.37210000,3603.20000000,0.368
1749261812,0.37220000,27.50000000,0.368
1749261812,0.37230000,47.90000000,0.368
1749261812,0.37240000,27.50000000,0.368
1749261812,0.37250000,3603.20000000,0.368
1749261812,0.37260000,27.50000000,0.368
1749261812,0.37270000,47.90000000,0.368
1749261812,0.37280000,27.40000000,0.368
1749261812,0.37290000,1574.70000000,0.368
1749261812,0.37300000,174.20000000,0.368
1749261812,0.37310000,27.40000000,0.368
1749261812,0.37320000,27.40000000,0.368
1749261812,0.37330000,27.40000000,0.368
1749261812,0.37340000,27.40000000,0.368
1749261812,0.37350000,27.40000000,0.368
1749261812,0.37360000,48.80000000,0.368
1749261812,0.37370000,51.50000000,0.368
1749261812,0.37380000,27.40000000,0.368
1749261812,0.37390000,27.40000000,0.368
1749261812,0.37400000,2051.80000000,0.368
1749261812,0.37410000,165.00000000,0.368
1749261812,0.37420000,27.30000000,0.368
1749261812,0.37430000,27.30000000,0.368
1749261812,0.37440000,27.30000000,0.368
1749261812,0.37450000,27.30000000,0.368
1749261812,0.37460000,27.30000000,0.368
1749261812,0.37470000,27.30000000,0.368
1749261812,0.37480000,27.30000000,0.368
1749261812,0.37490000,27.30000000,0.368
1749261812,0.37500000,332.90000000,0.368
1749261812,0.37510000,27.30000000,0.368
1749261812,0.37520000,27.30000000,0.368
1749261812,0.37530000,144.20000000,0.368
1749261812,0.37540000,27.20000000,0.368
1749261812,0.37550000,27.20000000,0.368
1749261812,0.37560000,27.20000000,0.368
1749261812,0.37590000,113.20000000,0.368
1749261812,0.37630000,206.60000000,0.368
1749261812,0.37650000,664.10000000,0.368
1749261812,0.37760000,18.50000000,0.368
1749261812,0.37770000,717.60000000,0.368
1749261812,0.37780000,21.20000000,0.368
1749261812,0.37870000,13361.80000000,0.368
1749261812,0.37880000,26764.40000000,0.368
1749261812,0.37890000,3456.30000000,0.368
1749261812,0.37950000,52.70000000,0.368
1749261812,0.38000000,179.50000000,0.368
1749261812,0.38030000,18.40000000,0.368
1749261812,0.38050000,2689.10000000,0.368
1749261812,0.38080000,26.30000000,0.368
1749261812,0.38090000,31.50000000,0.368
1749261812,0.38100000,630.40000000,0.368
1749261812,0.38120000,57.00000000,0.368
1749261812,0.38150000,26.20000000,0.368
1749261812,0.38320000,220.50000000,0.368
1749261812,0.38370000,14.60000000,0.368
1749261812,0.38450000,366.90000000,0.368
1749261812,0.38460000,26730.80000000,0.368
1749261812,0.38470000,2628.40000000,0.368
1749261812,0.38500000,2861.10000000,0.368
1749262114,0.36780000,922.40000000,0.3677
1749262114,0.36790000,1682.90000000,0.3677
1749262114,0.36800000,4882.90000000,0.3677
1749262114,0.36810000,924.50000000,0.3677
1749262114,0.36820000,2888.70000000,0.3677
1749262114,0.36830000,5897.40000000,0.3677
1749262114,0.36840000,4886.90000000,0.3677
1749262114,0.36850000,8138.00000000,0.3677
1749262114,0.36860000,6423.20000000,0.3677
1749262114,0.36870000,1692.00000000,0.3677
1749262114,0.36880000,1427.30000000,0.3677
1749262114,0.36890000,5225.90000000,0.3677
1749262114,0.36900000,1426.40000000,0.3677
1749262114,0.36910000,1446.80000000,0.3677
1749262114,0.36920000,6734.00000000,0.3677
1749262114,0.36930000,3107.90000000,0.3677
1749262114,0.36940000,1788.10000000,0.3677
1749262114,0.36950000,4984.30000000,0.3677
1749262114,0.36960000,4217.70000000,0.3677
1749262114,0.36970000,678.30000000,0.3677
1749262114,0.36980000,4213.00000000,0.3677
1749262114,0.36990000,678.30000000,0.3677
1749262114,0.37000000,1648.90000000,0.3677
1749262114,0.37010000,5743.50000000,0.3677
1749262114,0.37020000,657.60000000,0.3677
1749262114,0.37030000,48.10000000,0.3677
1749262114,0.37040000,27.60000000,0.3677
1749262114,0.37050000,4233.40000000,0.3677
1749262114,0.37060000,27.60000000,0.3677
1749262114,0.37070000,1422.00000000,0.3677
1749262114,0.37080000,27.60000000,0.3677
1749262114,0.37090000,4289.40000000,0.3677
1749262114,0.37100000,27.60000000,0.3677
1749262114,0.37110000,48.10000000,0.3677
1749262114,0.37120000,27.60000000,0.3677
1749262114,0.37130000,3603.30000000,0.3677
1749262114,0.37140000,27.50000000,0.3677
1749262114,0.37150000,48.00000000,0.3677
1749262114,0.37160000,27.50000000,0.3677
1749262114,0.37170000,3603.30000000,0.3677
1749262114,0.37180000,1972.20000000,0.3677
1749262114,0.37190000,358.10000000,0.3677
1749262114,0.37200000,27.50000000,0.3677
1749262114,0.37210000,3603.20000000,0.3677
1749262114,0.37220000,27.50000000,0.3677
1749262114,0.37230000,47.90000000,0.3677
1749262114,0.37240000,27.50000000,0.3677
1749262114,0.37250000,3603.20000000,0.3677
1749262114,0.37260000,27.50000000,0.3677
1749262114,0.37270000,47.90000000,0.3677
1749262114,0.37280000,27.40000000,0.3677
1749262114,0.37290000,1839.70000000,0.3677
1749262114,0.37300000,149.10000000,0.3677
1749262114,0.37310000,27.40000000,0.3677
1749262114,0.37320000,27.40000000,0.3677
1749262114,0.37330000,27.40000000,0.3677
1749262114,0.37340000,27.40000000,0.3677
1749262114,0.37350000,27.40000000,0.3677
1749262114,0.37360000,48.80000000,0.3677
1749262114,0.37370000,51.50000000,0.3677
1749262114,0.37380000,27.40000000,0.3677
1749262114,0.37390000,27.40000000,0.3677
1749262114,0.37400000,1933.70000000,0.3677
1749262114,0.37410000,43.30000000,0.3677
1749262114,0.37420000,27.30000000,0.3677
1749262114,0.37430000,27.30000000,0.3677
1749262114,0.37440000,27.30000000,0.3677
1749262114,0.37450000,27.30000000,0.3677
1749262114,0.37460000,27.30000000,0.3677
1749262114,0.37470000,27.30000000,0.3677
1749262114,0.37480000,27.30000000,0.3677
1749262114,0.37490000,140.50000000,0.3677
1749262114,0.37500000,332.90000000,0.3677
1749262114,0.37510000,27.30000000,0.3677
1749262114,0.37520000,27.30000000,0.3677
1749262114,0.37530000,144.20000000,0.3677
1749262114,0.37640000,206.70000000,0.3677
1749262114,0.37650000,664.10000000,0.3677
1749262114,0.37670000,717.60000000,0.3677
1749262114,0.37760000,18.50000000,0.3677
1749262114,0.37780000,21.20000000,0.3677
1749262114,0.37870000,13361.80000000,0.3677
1749262114,0.37880000,26764.40000000,0.3677
1749262114,0.37890000,3456.30000000,0.3677
1749262114,0.37940000,2689.10000000,0.3677
1749262114,0.37950000,52.70000000,0.3677
1749262114,0.37990000,630.40000000,0.3677
1749262114,0.38000000,179.50000000,0.3677
1749262114,0.38030000,18.40000000,0.3677
1749262114,0.38080000,26.30000000,0.3677
1749262114,0.38090000,31.50000000,0.3677
1749262114,0.38120000,57.00000000,0.3677
1749262114,0.38150000,26.20000000,0.3677
1749262114,0.38230000,220.50000000,0.3677
1749262114,0.38350000,26730.80000000,0.3677
1749262114,0.38360000,2628.40000000,0.3677
1749262114,0.38370000,14.60000000,0.3677
1749262114,0.38450000,366.90000000,0.3677
1749262114,0.38500000,2861.10000000,0.3677
1749262114,0.38550000,677.40000000,0.3677
1749262416,0.37210000,300.40000000,0.372
1749262416,0.37220000,47.10000000,0.372
1749262416,0.37230000,1551.50000000,0.372
1749262416,0.37240000,3021.30000000,0.372
1749262416,0.37250000,3332.10000000,0.372
1749262416,0.37260000,6680.50000000,0.372
1749262416,0.37270000,1442.60000000,0.372
1749262416,0.37280000,4084.60000000,0.372
1749262416,0.37290000,10200.90000000,0.372
1749262416,0.37300000,6498.50000000,0.372
1749262416,0.37310000,2400.50000000,0.372
1749262416,0.37320000,1420.60000000,0.372
1749262416,0.37330000,4253.30000000,0.372
1749262416,0.37340000,657.40000000,0.372
1749262416,0.37350000,790.80000000,0.372
1749262416,0.37360000,1421.80000000,0.372
1749262416,0.37370000,5186.20000000,0.372
1749262416,0.37380000,2797.50000000,0.372
1749262416,0.37390000,870.10000000,0.372
1749262416,0.37400000,1468.20000000,0.372
1749262416,0.37410000,4304.90000000,0.372
1749262416,0.37420000,27.30000000,0.372
1749262416,0.37430000,47.60000000,0.372
1749262416,0.37440000,657.30000000,0.372
1749262416,0.37450000,4232.90000000,0.372
1749262416,0.37460000,783.70000000,0.372
1749262416,0.37470000,677.60000000,0.372
1749262416,0.37480000,27.30000000,0.372
1749262416,0.37490000,6177.60000000,0.372
1749262416,0.37500000,1273.00000000,0.372
1749262416,0.37510000,47.60000000,0.372
1749262416,0.37520000,27.30000000,0.372
1749262416,0.37530000,4232.80000000,0.372
1749262416,0.37540000,27.20000000,0.372
1749262416,0.37550000,47.40000000,0.372
1749262416,0.37560000,27.20000000,0.372
1749262416,0.37570000,3602.70000000,0.372
1749262416,0.37580000,1841.20000000,0.372
1749262416,0.37590000,47.40000000,0.372
1749262416,0.37600000,27.20000000,0.372
1749262416,0.37610000,4232.70000000,0.372
1749262416,0.37620000,27.20000000,0.372
1749262416,0.37630000,47.40000000,0.372
1749262416,0.37640000,27.20000000,0.372
1749262416,0.37650000,1321.30000000,0.372
1749262416,0.37660000,3582.50000000,0.372
1749262416,0.37670000,27.10000000,0.372
1749262416,0.37680000,27.10000000,0.372
1749262416,0.37690000,172.40000000,0.372
1749262416,0.37700000,27.10000000,0.372
1749262416,0.37710000,27.10000000,0.372
1749262416,0.37720000,27.10000000,0.372
1749262416,0.37730000,27.10000000,0.372
1749262416,0.37740000,27.10000000,0.372
1749262416,0.37750000,27.10000000,0.372
1749262416,0.37760000,163.70000000,0.372
1749262416,0.37770000,1914.30000000,0.372
1749262416,0.37780000,170.00000000,0.372
1749262416,0.37790000,27.10000000,0.372
1749262416,0.37800000,27.10000000,0.372
1749262416,0.37810000,27.00000000,0.372
1749262416,0.37820000,27.00000000,0.372
1749262416,0.37830000,27.00000000,0.372
1749262416,0.37840000,27.00000000,0.372
1749262416,0.37850000,27.00000000,0.372
1749262416,0.37860000,27.00000000,0.372
1749262416,0.37870000,27.00000000,0.372
1749262416,0.37880000,53.40000000,0.372
1749262416,0.37890000,27.00000000,0.372
1749262416,0.37900000,27.00000000,0.372
1749262416,0.37910000,27.00000000,0.372
1749262416,0.37920000,27.00000000,0.372
1749262416,0.37930000,27.00000000,0.372
1749262416,0.37940000,26.90000000,0.372
1749262416,0.37950000,79.60000000,0.372
1749262416,0.37960000,26.90000000,0.372
1749262416,0.37980000,117.00000000,0.372
1749262416,0.38000000,497.20000000,0.372
1749262416,0.38030000,18.40000000,0.372
1749262416,0.38060000,717.60000000,0.372
1749262416,0.38080000,26.30000000,0.372
1749262416,0.38090000,31.50000000,0.372
1749262416,0.38120000,57.00000000,0.372
1749262416,0.38150000,26.20000000,0.372
1749262416,0.38220000,13361.80000000,0.372
1749262416,0.38230000,53468.80000000,0.372
1749262416,0.38350000,2689.10000000,0.372
1749262416,0.38370000,14.60000000,0.372
1749262416,0.38380000,3422.60000000,0.372
1749262416,0.38410000,630.40000000,0.372
1749262416,0.38450000,366.90000000,0.372
1749262416,0.38500000,2861.10000000,0.372
1749262416,0.38650000,453.40000000,0.372
1749262416,0.38750000,677.40000000,0.372
1749262416,0.38760000,2628.40000000,0.372
1749262416,0.38770000,20.60000000,0.372
1749262416,0.38800000,35.90000000,0.372
1749262416,0.38840000,13.00000000,0.372
1749262416,0.38880000,15.40000000,0.372
1749262416,0.39000000,191.50000000,0.372
1749262722,0.37290000,1402.40000000,0.3729
1749262722,0.37300000,1293.90000000,0.3729
1749262722,0.37310000,677.10000000,0.3729
1749262722,0.37320000,1526.20000000,0.3729
1749262722,0.37330000,1625.30000000,0.3729
1749262722,0.37340000,4541.50000000,0.3729
1749262722,0.37350000,1813.90000000,0.3729
1749262722,0.37360000,3299.40000000,0.3729
1749262722,0.37370000,6761.80000000,0.3729
1749262722,0.37380000,4745.00000000,0.3729
1749262722,0.37390000,3366.80000000,0.3729
1749262722,0.37400000,4807.70000000,0.3729
1749262722,0.37410000,8811.90000000,0.3729
1749262722,0.37420000,1417.60000000,0.3729
1749262722,0.37430000,1418.60000000,0.3729
1749262722,0.37440000,1398.30000000,0.3729
1749262722,0.37450000,4973.20000000,0.3729
1749262722,0.37460000,2698.10000000,0.3729
1749262722,0.37470000,1417.90000000,0.3729
1749262722,0.37480000,1779.70000000,0.3729
1749262722,0.37490000,4232.90000000,0.3729
1749262722,0.37500000,8364.00000000,0.3729
1749262722,0.37510000,858.50000000,0.3729
1749262722,0.37520000,27.30000000,0.3729
1749262722,0.37530000,4232.80000000,0.3729
1749262722,0.37540000,27.20000000,0.3729
1749262722,0.37550000,47.40000000,0.3729
1749262722,0.37560000,27.20000000,0.3729
1749262722,0.37570000,4232.70000000,0.3729
1749262722,0.37580000,657.20000000,0.3729
1749262722,0.37590000,793.10000000,0.3729
1749262722,0.37600000,657.20000000,0.3729
1749262722,0.37610000,4232.70000000,0.3729
1749262722,0.37620000,657.20000000,0.3729
1749262722,0.37630000,677.40000000,0.3729
1749262722,0.37640000,27.20000000,0.3729
1749262722,0.37650000,3286.20000000,0.3729
1749262722,0.37660000,4268.50000000,0.3729
1749262722,0.37670000,1160.40000000,0.3729
1749262722,0.37680000,27.10000000,0.3729
1749262722,0.37690000,677.30000000,0.3729
1749262722,0.37700000,27.10000000,0.3729
1749262722,0.37710000,3602.50000000,0.3729
1749262722,0.37720000,27.10000000,0.3729
1749262722,0.37730000,51.20000000,0.3729
1749262722,0.37740000,27.10000000,0.3729
1749262722,0.37750000,27.10000000,0.3729
1749262722,0.37760000,3600.90000000,0.3729
1749262722,0.37770000,27.10000000,0.3729
1749262722,0.37780000,48.30000000,0.3729
1749262722,0.37790000,27.10000000,0.3729
1749262722,0.37800000,27.10000000,0.3729
1749262722,0.37810000,27.00000000,0.3729
1749262722,0.37820000,27.00000000,0.3729
1749262722,0.37830000,166.40000000,0.3729
1749262722,0.37840000,27.00000000,0.3729
1749262722,0.37850000,27.00000000,0.3729
1749262722,0.37860000,145.10000000,0.3729
1749262722,0.37870000,27.00000000,0.3729
1749262722,0.37880000,67.90000000,0.3729
1749262722,0.37890000,27.00000000,0.3729
1749262722,0.37900000,1920.80000000,0.3729
1749262722,0.37910000,148.70000000,0.3729
1749262722,0.37920000,27.00000000,0.3729
1749262722,0.37930000,26.90000000,0.3729
1749262722,0.37940000,26.90000000,0.3729
1749262722,0.37950000,79.60000000,0.3729
1749262722,0.37960000,26.90000000,0.3729
1749262722,0.37970000,26.90000000,0.3729
1749262722,0.37980000,26.90000000,0.3729
1749262722,0.37990000,26.90000000,0.3729
1749262722,0.38000000,206.40000000,0.3729
1749262722,0.38010000,26.90000000,0.3729
1749262722,0.38020000,26.90000000,0.3729
1749262722,0.38030000,45.30000000,0.3729
1749262722,0.38040000,26.90000000,0.3729
1749262722,0.38060000,717.60000000,0.3729
1749262722,0.38080000,26.30000000,0.3729
1749262722,0.38090000,243.20000000,0.3729
1749262722,0.38100000,117.00000000,0.3729
1749262722,0.38120000,170.20000000,0.3729
1749262722,0.38150000,26.20000000,0.3729
1749262722,0.38370000,40114.40000000,0.3729
1749262722,0.38380000,3422.60000000,0.3729
1749262722,0.38410000,630.40000000,0.3729
1749262722,0.38440000,26730.80000000,0.3729
1749262722,0.38450000,3056.00000000,0.3729
1749262722,0.38500000,2861.10000000,0.3729
1749262722,0.38650000,232.90000000,0.3729
1749262722,0.38760000,2628.40000000,0.3729
1749262722,0.38770000,20.60000000,0.3729
1749262722,0.38800000,256.40000000,0.3729
1749262722,0.38840000,13.00000000,0.3729
1749262722,0.38850000,677.40000000,0.3729
1749262722,0.38880000,15.40000000,0.3729
1749262722,0.39000000,191.50000000,0.3729
1749262722,0.39100000,1680.10000000,0.3729
1749262722,0.39120000,2517.90000000,0.3729
1749262722,0.39220000,13.00000000,0.3729
1749262722,0.39240000,659.20000000,0.3729
1749263031,0.37140000,142.40000000,0.3713
1749263031,0.37150000,3437.00000000,0.3713
1749263031,0.37160000,6412.40000000,0.3713
1749263031,0.37170000,2146.10000000,0.3713
1749263031,0.37180000,1283.90000000,0.3713
1749263031,0.37190000,6393.60000000,0.3713
1749263031,0.37200000,4227.20000000,0.3713
1749263031,0.37210000,3202.70000000,0.3713
1749263031,0.37220000,7067.90000000,0.3713
1749263031,0.37230000,6064.70000000,0.3713
1749263031,0.37240000,1562.20000000,0.3713
1749263031,0.37250000,4995.20000000,0.3713
1749263031,0.37260000,3205.90000000,0.3713
1749263031,0.37270000,1439.10000000,0.3713
1749263031,0.37280000,4344.20000000,0.3713
1749263031,0.37290000,1439.90000000,0.3713
1749263031,0.37300000,3539.00000000,0.3713
1749263031,0.37310000,4443.00000000,0.3713
1749263031,0.37320000,677.60000000,0.3713
1749263031,0.37330000,677.80000000,0.3713
1749263031,0.37340000,4212.70000000,0.3713
1749263031,0.37350000,677.80000000,0.3713
1749263031,0.37360000,678.80000000,0.3713
1749263031,0.37370000,5260.40000000,0.3713
1749263031,0.37380000,3087.80000000,0.3713
1749263031,0.37390000,677.70000000,0.3713
1749263031,0.37400000,2797.40000000,0.3713
1749263031,0.37410000,4248.90000000,0.3713
1749263031,0.37420000,1409.40000000,0.3713
1749263031,0.37430000,47.60000000,0.3713
1749263031,0.37440000,657.30000000,0.3713
1749263031,0.37450000,5547.60000000,0.3713
1749263031,0.37460000,657.30000000,0.3713
1749263031,0.37470000,47.60000000,0.3713
1749263031,0.37480000,27.30000000,0.3713
1749263031,0.37490000,3602.90000000,0.3713
1749263031,0.37500000,1983.10000000,0.3713
1749263031,0.37510000,47.60000000,0.3713
1749263031,0.37520000,27.30000000,0.3713
1749263031,0.37530000,3602.80000000,0.3713
1749263031,0.37540000,27.20000000,0.3713
1749263031,0.37550000,47.40000000,0.3713
1749263031,0.37560000,27.20000000,0.3713
1749263031,0.37570000,3602.70000000,0.3713
1749263031,0.37580000,27.20000000,0.3713
1749263031,0.37590000,47.40000000,0.3713
1749263031,0.37600000,27.20000000,0.3713
1749263031,0.37610000,3602.70000000,0.3713
1749263031,0.37620000,27.20000000,0.3713
1749263031,0.37630000,47.40000000,0.3713
1749263031,0.37640000,27.20000000,0.3713
1749263031,0.37650000,711.50000000,0.3713
1749263031,0.37660000,17000.30000000,0.3713
1749263031,0.37670000,1160.40000000,0.3713
1749263031,0.37680000,27.10000000,0.3713
1749263031,0.37690000,192.70000000,0.3713
1749263031,0.37700000,27.10000000,0.3713
1749263031,0.37710000,3602.50000000,0.3713
1749263031,0.37720000,27.10000000,0.3713
1749263031,0.37730000,27.10000000,0.3713
1749263031,0.37740000,145.20000000,0.3713
1749263031,0.37750000,148.80000000,0.3713
1749263031,0.37760000,3600.90000000,0.3713
1749263031,0.37770000,1907.20000000,0.3713
1749263031,0.37780000,48.30000000,0.3713
1749263031,0.37790000,27.10000000,0.3713
1749263031,0.37800000,27.10000000,0.3713
1749263031,0.37810000,27.00000000,0.3713
1749263031,0.37820000,27.00000000,0.3713
1749263031,0.37830000,27.00000000,0.3713
1749263031,0.37840000,27.00000000,0.3713
1749263031,0.37850000,27.00000000,0.3713
1749263031,0.37860000,27.00000000,0.3713
1749263031,0.37870000,27.00000000,0.3713
1749263031,0.37880000,184.90000000,0.3713
1749263031,0.37890000,27.00000000,0.3713
1749263031,0.37900000,113.20000000,0.3713
1749263031,0.37950000,52.70000000,0.3713
1749263031,0.37990000,207.30000000,0.3713
1749263031,0.38000000,179.50000000,0.3713
1749263031,0.38030000,18.40000000,0.3713
1749263031,0.38060000,717.60000000,0.3713
1749263031,0.38080000,26.30000000,0.3713
1749263031,0.38090000,31.50000000,0.3713
1749263031,0.38120000,57.00000000,0.3713
1749263031,0.38150000,26.20000000,0.3713
1749263031,0.38330000,26730.80000000,0.3713
1749263031,0.38340000,26738.00000000,0.3713
1749263031,0.38350000,2689.10000000,0.3713
1749263031,0.38370000,14.60000000,0.3713
1749263031,0.38380000,3422.60000000,0.3713
1749263031,0.38410000,630.40000000,0.3713
1749263031,0.38450000,366.90000000,0.3713
1749263031,0.38500000,2861.10000000,0.3713
1749263031,0.38650000,232.90000000,0.3713
1749263031,0.38690000,220.50000000,0.3713
1749263031,0.38760000,2628.40000000,0.3713
1749263031,0.38770000,20.60000000,0.3713
1749263031,0.38800000,35.90000000,0.3713
1749263031,0.38840000,13.00000000,0.3713
1749263339,0.37260000,1402.40000000,0.3725
1749263339,0.37270000,2961.40000000,0.3725
1749263339,0.37280000,6677.10000000,0.3725
1749263339,0.37290000,2920.70000000,0.3725
1749263339,0.37300000,4068.80000000,0.3725
1749263339,0.37310000,5178.10000000,0.3725
1749263339,0.37320000,3301.60000000,0.3725
1749263339,0.37330000,2995.20000000,0.3725
1749263339,0.37340000,6081.20000000,0.3725
1749263339,0.37350000,4789.40000000,0.3725
1749263339,0.37360000,5500.80000000,0.3725
1749263339,0.37370000,9560.00000000,0.3725
1749263339,0.37380000,3849.00000000,0.3725
1749263339,0.37390000,2349.60000000,0.3725
1749263339,0.37400000,1419.30000000,0.3725
1749263339,0.37410000,5009.70000000,0.3725
1749263339,0.37420000,1419.00000000,0.3725
1749263339,0.37430000,883.50000000,0.3725
1749263339,0.37440000,657.30000000,0.3725
1749263339,0.37450000,3602.90000000,0.3725
1749263339,0.37460000,657.30000000,0.3725
1749263339,0.37470000,3734.90000000,0.3725
1749263339,0.37480000,657.30000000,0.3725
1749263339,0.37490000,5043.80000000,0.3725
1749263339,0.37500000,4753.20000000,0.3725
1749263339,0.37510000,47.60000000,0.3725
1749263339,0.37520000,27.30000000,0.3725
1749263339,0.37530000,4232.80000000,0.3725
1749263339,0.37540000,27.20000000,0.3725
1749263339,0.37550000,1423.50000000,0.3725
1749263339,0.37560000,27.20000000,0.3725
1749263339,0.37570000,4232.70000000,0.3725
1749263339,0.37580000,27.20000000,0.3725
1749263339,0.37590000,47.40000000,0.3725
1749263339,0.37600000,27.20000000,0.3725
1749263339,0.37610000,6177.40000000,0.3725
1749263339,0.37620000,27.20000000,0.3725
1749263339,0.37630000,47.40000000,0.3725
1749263339,0.37640000,27.20000000,0.3725
1749263339,0.37650000,1341.50000000,0.3725
1749263339,0.37660000,4268.50000000,0.3725
1749263339,0.37670000,677.30000000,0.3725
1749263339,0.37680000,1427.00000000,0.3725
1749263339,0.37690000,47.30000000,0.3725
1749263339,0.37700000,27.10000000,0.3725
1749263339,0.37710000,4232.50000000,0.3725
1749263339,0.37720000,27.10000000,0.3725
1749263339,0.37730000,47.20000000,0.3725
1749263339,0.37740000,27.10000000,0.3725
1749263339,0.37750000,27.10000000,0.3725
1749263339,0.37760000,3600.90000000,0.3725
1749263339,0.37770000,27.10000000,0.3725
1749263339,0.37780000,48.30000000,0.3725
1749263339,0.37790000,27.10000000,0.3725
1749263339,0.37800000,27.10000000,0.3725
1749263339,0.37810000,27.00000000,0.3725
1749263339,0.37820000,27.00000000,0.3725
1749263339,0.37830000,171.80000000,0.3725
1749263339,0.37840000,27.00000000,0.3725
1749263339,0.37850000,27.00000000,0.3725
1749263339,0.37860000,27.00000000,0.3725
1749263339,0.37870000,145.10000000,0.3725
1749263339,0.37880000,189.60000000,0.3725
1749263339,0.37890000,1911.50000000,0.3725
1749263339,0.37900000,27.00000000,0.3725
1749263339,0.37910000,27.00000000,0.3725
1749263339,0.37920000,27.00000000,0.3725
1749263339,0.37930000,27.00000000,0.3725
1749263339,0.37940000,27.00000000,0.3725
1749263339,0.37950000,79.70000000,0.3725
1749263339,0.37960000,26.90000000,0.3725
1749263339,0.37970000,26.90000000,0.3725
1749263339,0.37980000,26.90000000,0.3725
1749263339,0.37990000,26.90000000,0.3725
1749263339,0.38000000,206.40000000,0.3725
1749263339,0.38010000,26.90000000,0.3725
1749263339,0.38030000,18.40000000,0.3725
1749263339,0.38060000,717.60000000,0.3725
1749263339,0.38080000,349.80000000,0.3725
1749263339,0.38090000,31.50000000,0.3725
1749263339,0.38100000,113.20000000,0.3725
1749263339,0.38120000,57.00000000,0.3725
1749263339,0.38150000,26.20000000,0.3725
1749263339,0.38370000,40114.40000000,0.3725
1749263339,0.38380000,3422.60000000,0.3725
1749263339,0.38410000,630.40000000,0.3725
1749263339,0.38450000,29786.80000000,0.3725
1749263339,0.38500000,2861.10000000,0.3725
1749263339,0.38650000,232.90000000,0.3725
1749263339,0.38770000,20.60000000,0.3725
1749263339,0.38790000,220.50000000,0.3725
1749263339,0.38800000,35.90000000,0.3725
1749263339,0.38840000,13.00000000,0.3725
1749263339,0.38850000,677.40000000,0.3725
1749263339,0.38860000,2628.40000000,0.3725
1749263339,0.38880000,15.40000000,0.3725
1749263339,0.39000000,191.50000000,0.3725
1749263339,0.39100000,1680.10000000,0.3725
1749263339,0.39120000,2517.90000000,0.3725
1749263339,0.39220000,13.00000000,0.3725
1749263640,0.37190000,634.80000000,0.3718
1749263640,0.37200000,3141.80000000,0.3718
1749263640,0.37210000,7616.30000000,0.3718
1749263640,0.37220000,1744.20000000,0.3718
1749263640,0.37230000,2310.70000000,0.3718
1749263640,0.37240000,2094.00000000,0.3718
1749263640,0.37250000,5516.00000000,0.3718
1749263640,0.37260000,3607.20000000,0.3718
1749263640,0.37270000,3150.40000000,0.3718
1749263640,0.37280000,3826.20000000,0.3718
1749263640,0.37290000,1438.70000000,0.3718
1749263640,0.37300000,5818.50000000,0.3718
1749263640,0.37310000,8397.10000000,0.3718
1749263640,0.37320000,1644.50000000,0.3718
1749263640,0.37330000,1440.90000000,0.3718
1749263640,0.37340000,4974.90000000,0.3718
1749263640,0.37350000,2351.30000000,0.3718
1749263640,0.37360000,4459.30000000,0.3718
1749263640,0.37370000,5448.30000000,0.3718
1749263640,0.37380000,3087.80000000,0.3718
1749263640,0.37390000,677.70000000,0.3718
1749263640,0.37400000,657.30000000,0.3718
1749263640,0.37410000,6389.00000000,0.3718
1749263640,0.37420000,657.30000000,0.3718
1749263640,0.37430000,677.60000000,0.3718
1749263640,0.37440000,657.30000000,0.3718
1749263640,0.37450000,3602.90000000,0.3718
1749263640,0.37460000,657.30000000,0.3718
1749263640,0.37470000,47.60000000,0.3718
1749263640,0.37480000,657.30000000,0.3718
1749263640,0.37490000,4985.00000000,0.3718
1749263640,0.37500000,2613.10000000,0.3718
1749263640,0.37510000,47.60000000,0.3718
1749263640,0.37520000,27.30000000,0.3718
1749263640,0.37530000,4232.80000000,0.3718
1749263640,0.37540000,27.20000000,0.3718
1749263640,0.37550000,47.40000000,0.3718
1749263640,0.37560000,27.20000000,0.3718
1749263640,0.37570000,3602.70000000,0.3718
1749263640,0.37580000,27.20000000,0.3718
1749263640,0.37590000,47.40000000,0.3718
1749263640,0.37600000,27.20000000,0.3718
1749263640,0.37610000,5547.40000000,0.3718
1749263640,0.37620000,27.20000000,0.3718
1749263640,0.37630000,47.40000000,0.3718
1749263640,0.37640000,27.20000000,0.3718
1749263640,0.37650000,711.50000000,0.3718
1749263640,0.37660000,3638.50000000,0.3718
1749263640,0.37670000,47.30000000,0.3718
1749263640,0.37680000,1427.00000000,0.3718
1749263640,0.37690000,47.30000000,0.3718
1749263640,0.37700000,13388.90000000,0.3718
1749263640,0.37710000,3602.50000000,0.3718
1749263640,0.37720000,27.10000000,0.3718
1749263640,0.37730000,189.70000000,0.3718
1749263640,0.37740000,27.10000000,0.3718
1749263640,0.37750000,27.10000000,0.3718
1749263640,0.37760000,3719.00000000,0.3718
1749263640,0.37770000,2005.60000000,0.3718
1749263640,0.37780000,48.30000000,0.3718
1749263640,0.37790000,27.10000000,0.3718
1749263640,0.37800000,27.10000000,0.3718
1749263640,0.37810000,27.00000000,0.3718
1749263640,0.37820000,27.00000000,0.3718
1749263640,0.37830000,27.00000000,0.3718
1749263640,0.37840000,27.00000000,0.3718
1749263640,0.37850000,27.00000000,0.3718
1749263640,0.37860000,27.00000000,0.3718
1749263640,0.37870000,27.00000000,0.3718
1749263640,0.37880000,67.90000000,0.3718
1749263640,0.37890000,27.00000000,0.3718
1749263640,0.37900000,27.00000000,0.3718
1749263640,0.37910000,27.00000000,0.3718
1749263640,0.37920000,27.00000000,0.3718
1749263640,0.37930000,27.00000000,0.3718
1749263640,0.37940000,26.90000000,0.3718
1749263640,0.37950000,52.70000000,0.3718
1749263640,0.37980000,230.20000000,0.3718
1749263640,0.38000000,389.20000000,0.3718
1749263640,0.38030000,18.40000000,0.3718
1749263640,0.38060000,717.60000000,0.3718
1749263640,0.38080000,26.30000000,0.3718
1749263640,0.38090000,31.50000000,0.3718
1749263640,0.38120000,57.00000000,0.3718
1749263640,0.38150000,26.20000000,0.3718
1749263640,0.38320000,26738.00000000,0.3718
1749263640,0.38330000,2689.10000000,0.3718
1749263640,0.38370000,14.60000000,0.3718
1749263640,0.38380000,3422.60000000,0.3718
1749263640,0.38410000,630.40000000,0.3718
1749263640,0.38450000,366.90000000,0.3718
1749263640,0.38490000,26730.80000000,0.3718
1749263640,0.38500000,2861.10000000,0.3718
1749263640,0.38650000,232.90000000,0.3718
1749263640,0.38720000,220.50000000,0.3718
1749263640,0.38740000,2628.40000000,0.3718
1749263640,0.38770000,20.60000000,0.3718
1749263640,0.38800000,35.90000000,0.3718
1749263640,0.38840000,13.00000000,0.3718
1749263640,0.38850000,677.40000000,0.3718
1749263947,0.37240000,1672.30000000,0.3724
1749263947,0.37250000,2004.40000000,0.3724
1749263947,0.37260000,3222.60000000,0.3724
1749263947,0.37270000,1437.70000000,0.3724
1749263947,0.37280000,3826.10000000,0.3724
1749263947,0.37290000,984.70000000,0.3724
1749263947,0.37300000,3236.20000000,0.3724
1749263947,0.37310000,8940.40000000,0.3724
1749263947,0.37320000,5244.00000000,0.3724
1749263947,0.37330000,9763.80000000,0.3724
1749263947,0.37340000,4974.90000000,0.3724
1749263947,0.37350000,2351.30000000,0.3724
1749263947,0.37360000,4040.80000000,0.3724
1749263947,0.37370000,4998.80000000,0.3724
1749263947,0.37380000,657.40000000,0.3724
1749263947,0.37390000,1418.90000000,0.3724
1749263947,0.37400000,1398.50000000,0.3724
1749263947,0.37410000,4232.90000000,0.3724
1749263947,0.37420000,1587.90000000,0.3724
1749263947,0.37430000,1488.50000000,0.3724
1749263947,0.37440000,1398.60000000,0.3724
1749263947,0.37450000,7340.60000000,0.3724
1749263947,0.37460000,657.30000000,0.3724
1749263947,0.37470000,240.00000000,0.3724
1749263947,0.37480000,657.30000000,0.3724
1749263947,0.37490000,4232.90000000,0.3724
1749263947,0.37500000,2613.10000000,0.3724
1749263947,0.37510000,2187.70000000,0.3724
1749263947,0.37520000,27.30000000,0.3724
1749263947,0.37530000,4232.80000000,0.3724
1749263947,0.37540000,27.20000000,0.3724
1749263947,0.37550000,797.00000000,0.3724
1749263947,0.37560000,27.20000000,0.3724
1749263947,0.37570000,4232.70000000,0.3724
1749263947,0.37580000,27.20000000,0.3724
1749263947,0.37590000,677.40000000,0.3724
1749263947,0.37600000,27.20000000,0.3724
1749263947,0.37610000,6177.40000000,0.3724
1749263947,0.37620000,1934.70000000,0.3724
1749263947,0.37630000,47.40000000,0.3724
1749263947,0.37640000,27.20000000,0.3724
1749263947,0.37650000,1341.50000000,0.3724
1749263947,0.37660000,3638.50000000,0.3724
1749263947,0.37670000,47.30000000,0.3724
1749263947,0.37680000,27.10000000,0.3724
1749263947,0.37690000,47.30000000,0.3724
1749263947,0.37700000,27.10000000,0.3724
1749263947,0.37710000,3602.50000000,0.3724
1749263947,0.37720000,27.10000000,0.3724
1749263947,0.37730000,47.20000000,0.3724
1749263947,0.37740000,27.10000000,0.3724
1749263947,0.37750000,13388.90000000,0.3724
1749263947,0.37760000,3700.50000000,0.3724
1749263947,0.37770000,2150.60000000,0.3724
1749263947,0.37780000,27.10000000,0.3724
1749263947,0.37790000,27.10000000,0.3724
1749263947,0.37800000,573.40000000,0.3724
1749263947,0.37810000,27.00000000,0.3724
1749263947,0.37820000,27.00000000,0.3724
1749263947,0.37830000,27.00000000,0.3724
1749263947,0.37840000,27.00000000,0.3724
1749263947,0.37850000,27.00000000,0.3724
1749263947,0.37860000,27.00000000,0.3724
1749263947,0.37870000,27.00000000,0.3724
1749263947,0.37880000,67.90000000,0.3724
1749263947,0.37890000,27.00000000,0.3724
1749263947,0.37900000,27.00000000,0.3724
1749263947,0.37910000,27.00000000,0.3724
1749263947,0.37920000,27.00000000,0.3724
1749263947,0.37930000,27.00000000,0.3724
1749263947,0.37940000,26.90000000,0.3724
1749263947,0.37950000,79.60000000,0.3724
1749263947,0.37960000,26.90000000,0.3724
1749263947,0.37970000,26.90000000,0.3724
1749263947,0.37980000,257.10000000,0.3724
1749263947,0.37990000,26.90000000,0.3724
1749263947,0.38000000,179.50000000,0.3724
1749263947,0.38060000,924.40000000,0.3724
1749263947,0.38090000,31.50000000,0.3724
1749263947,0.38120000,57.00000000,0.3724
1749263947,0.38320000,26738.00000000,0.3724
1749263947,0.38330000,2689.10000000,0.3724
1749263947,0.38370000,14.60000000,0.3724
1749263947,0.38380000,3422.60000000,0.3724
1749263947,0.38410000,630.40000000,0.3724
1749263947,0.38450000,366.90000000,0.3724
1749263947,0.38500000,2294.00000000,0.3724
1749263947,0.38650000,232.90000000,0.3724
1749263947,0.38730000,26730.80000000,0.3724
1749263947,0.38740000,2848.90000000,0.3724
1749263947,0.38840000,13.00000000,0.3724
1749263947,0.38850000,677.40000000,0.3724
1749263947,0.38880000,15.40000000,0.3724
1749263947,0.39000000,191.50000000,0.3724
1749263947,0.39100000,1680.10000000,0.3724
1749263947,0.39120000,2517.90000000,0.3724
1749263947,0.39220000,13.00000000,0.3724
1749263947,0.39240000,659.20000000,0.3724
1749263947,0.39400000,14.20000000,0.3724
1749263947,0.39450000,15.40000000,0.3724
1749264249,0.37050000,125.20000000,0.3705
1749264249,0.37060000,1307.30000000,0.3705
1749264249,0.37070000,2420.40000000,0.3705
1749264249,0.37080000,3485.00000000,0.3705
1749264249,0.37090000,5040.30000000,0.3705
1749264249,0.37100000,677.30000000,0.3705
1749264249,0.37110000,2736.70000000,0.3705
1749264249,0.37120000,8321.40000000,0.3705
1749264249,0.37130000,2014.40000000,0.3705
1749264249,0.37140000,3736.20000000,0.3705
1749264249,0.37150000,9376.80000000,0.3705
1749264249,0.37160000,1561.50000000,0.3705
1749264249,0.37170000,4366.90000000,0.3705
1749264249,0.37180000,4232.40000000,0.3705
1749264249,0.37190000,1442.30000000,0.3705
1749264249,0.37200000,1422.70000000,0.3705
1749264249,0.37210000,4252.60000000,0.3705
1749264249,0.37220000,1488.00000000,0.3705
1749264249,0.37230000,1612.30000000,0.3705
1749264249,0.37240000,8031.70000000,0.3705
1749264249,0.37250000,750.70000000,0.3705
1749264249,0.37260000,849.30000000,0.3705
1749264249,0.37270000,677.10000000,0.3705
1749264249,0.37280000,3582.20000000,0.3705
1749264249,0.37290000,677.10000000,0.3705
1749264249,0.37300000,2797.00000000,0.3705
1749264249,0.37310000,4986.20000000,0.3705
1749264249,0.37320000,656.90000000,0.3705
1749264249,0.37330000,3108.00000000,0.3705
1749264249,0.37340000,4212.70000000,0.3705
1749264249,0.37350000,47.80000000,0.3705
1749264249,0.37360000,27.40000000,0.3705
1749264249,0.37370000,4257.10000000,0.3705
1749264249,0.37380000,27.40000000,0.3705
1749264249,0.37390000,47.70000000,0.3705
1749264249,0.37400000,27.30000000,0.3705
1749264249,0.37410000,4232.90000000,0.3705
1749264249,0.37420000,1972.00000000,0.3705
1749264249,0.37430000,47.60000000,0.3705
1749264249,0.37440000,27.30000000,0.3705
1749264249,0.37450000,3658.90000000,0.3705
1749264249,0.37460000,27.30000000,0.3705
1749264249,0.37470000,47.60000000,0.3705
1749264249,0.37480000,27.30000000,0.3705
1749264249,0.37490000,3602.90000000,0.3705
1749264249,0.37500000,1983.10000000,0.3705
1749264249,0.37510000,47.60000000,0.3705
1749264249,0.37520000,27.30000000,0.3705
1749264249,0.37530000,3602.80000000,0.3705
1749264249,0.37540000,27.20000000,0.3705
1749264249,0.37550000,47.40000000,0.3705
1749264249,0.37560000,13389.00000000,0.3705
1749264249,0.37570000,3602.70000000,0.3705
1749264249,0.37580000,27.20000000,0.3705
1749264249,0.37590000,47.40000000,0.3705
1749264249,0.37600000,27.20000000,0.3705
1749264249,0.37610000,3602.70000000,0.3705
1749264249,0.37620000,1304.70000000,0.3705
1749264249,0.37630000,47.40000000,0.3705
1749264249,0.37640000,2040.80000000,0.3705
1749264249,0.37650000,829.60000000,0.3705
1749264249,0.37660000,3704.20000000,0.3705
1749264249,0.37670000,47.30000000,0.3705
1749264249,0.37680000,27.10000000,0.3705
1749264249,0.37690000,47.30000000,0.3705
1749264249,0.37700000,27.10000000,0.3705
1749264249,0.37710000,3602.50000000,0.3705
1749264249,0.37720000,27.10000000,0.3705
1749264249,0.37730000,47.20000000,0.3705
1749264249,0.37740000,27.10000000,0.3705
1749264249,0.37750000,27.10000000,0.3705
1749264249,0.37760000,3582.40000000,0.3705
1749264249,0.37770000,27.10000000,0.3705
1749264249,0.37780000,27.00000000,0.3705
1749264249,0.37790000,27.10000000,0.3705
1749264249,0.37800000,573.40000000,0.3705
1749264249,0.37860000,117.00000000,0.3705
1749264249,0.37870000,113.20000000,0.3705
1749264249,0.37880000,40.90000000,0.3705
1749264249,0.37950000,257.80000000,0.3705
1749264249,0.37960000,717.60000000,0.3705
1749264249,0.38000000,179.50000000,0.3705
1749264249,0.38090000,31.50000000,0.3705
1749264249,0.38120000,57.00000000,0.3705
1749264249,0.38210000,26730.80000000,0.3705
1749264249,0.38220000,26793.70000000,0.3705
1749264249,0.38230000,2689.10000000,0.3705
1749264249,0.38310000,630.40000000,0.3705
1749264249,0.38370000,14.60000000,0.3705
1749264249,0.38380000,3422.60000000,0.3705
1749264249,0.38450000,366.90000000,0.3705
1749264249,0.38500000,2294.00000000,0.3705
1749264249,0.38530000,220.50000000,0.3705
1749264249,0.38630000,2628.40000000,0.3705
1749264249,0.38650000,232.90000000,0.3705
1749264249,0.38750000,677.40000000,0.3705
1749264249,0.38840000,13.00000000,0.3705
1749264249,0.38880000,15.40000000,0.3705
1749264249,0.39000000,191.50000000,0.3705
1749264249,0.39020000,2517.90000000,0.3705
1749264556,0.37060000,772.40000000,0.3705
1749264556,0.37070000,1450.20000000,0.3705
1749264556,0.37080000,3857.40000000,0.3705
1749264556,0.37090000,5730.50000000,0.3705
1749264556,0.37100000,1598.90000000,0.3705
1749264556,0.37110000,4987.10000000,0.3705
1749264556,0.37120000,7592.30000000,0.3705
1749264556,0.37130000,3133.90000000,0.3705
1749264556,0.37140000,5433.10000000,0.3705
1749264556,0.37150000,9376.80000000,0.3705
1749264556,0.37160000,1786.50000000,0.3705
1749264556,0.37170000,4548.90000000,0.3705
1749264556,0.37180000,4977.20000000,0.3705
1749264556,0.37190000,1442.10000000,0.3705
1749264556,0.37200000,1422.50000000,0.3705
1749264556,0.37210000,5788.50000000,0.3705
1749264556,0.37220000,4573.70000000,0.3705
1749264556,0.37230000,1608.80000000,0.3705
1749264556,0.37240000,4212.20000000,0.3705
1749264556,0.37250000,750.70000000,0.3705
1749264556,0.37260000,849.30000000,0.3705
1749264556,0.37270000,677.10000000,0.3705
1749264556,0.37280000,3582.20000000,0.3705
1749264556,0.37290000,677.10000000,0.3705
1749264556,0.37300000,2797.00000000,0.3705
1749264556,0.37310000,4986.20000000,0.3705
1749264556,0.37320000,26.90000000,0.3705
1749264556,0.37330000,677.60000000,0.3705
1749264556,0.37340000,4212.70000000,0.3705
1749264556,0.37350000,47.80000000,0.3705
1749264556,0.37360000,27.40000000,0.3705
1749264556,0.37370000,4257.10000000,0.3705
1749264556,0.37380000,27.40000000,0.3705
1749264556,0.37390000,47.70000000,0.3705
1749264556,0.37400000,27.30000000,0.3705
1749264556,0.37410000,3602.90000000,0.3705
1749264556,0.37420000,1972.00000000,0.3705
1749264556,0.37430000,47.60000000,0.3705
1749264556,0.37440000,27.30000000,0.3705
1749264556,0.37450000,3658.90000000,0.3705
1749264556,0.37460000,27.30000000,0.3705
1749264556,0.37470000,47.60000000,0.3705
1749264556,0.37480000,27.30000000,0.3705
1749264556,0.37490000,3602.90000000,0.3705
1749264556,0.37500000,1983.10000000,0.3705
1749264556,0.37510000,47.60000000,0.3705
1749264556,0.37520000,27.30000000,0.3705
1749264556,0.37530000,3602.80000000,0.3705
1749264556,0.37540000,27.20000000,0.3705
1749264556,0.37550000,47.40000000,0.3705
1749264556,0.37560000,13529.40000000,0.3705
1749264556,0.37570000,3602.70000000,0.3705
1749264556,0.37580000,27.20000000,0.3705
1749264556,0.37590000,47.40000000,0.3705
1749264556,0.37600000,27.20000000,0.3705
1749264556,0.37610000,3602.70000000,0.3705
1749264556,0.37620000,1304.70000000,0.3705
1749264556,0.37630000,47.40000000,0.3705
1749264556,0.37640000,1892.40000000,0.3705
1749264556,0.37650000,829.60000000,0.3705
1749264556,0.37660000,3704.20000000,0.3705
1749264556,0.37670000,47.30000000,0.3705
1749264556,0.37680000,27.10000000,0.3705
1749264556,0.37690000,47.30000000,0.3705
1749264556,0.37700000,27.10000000,0.3705
1749264556,0.37710000,3602.50000000,0.3705
1749264556,0.37720000,27.10000000,0.3705
1749264556,0.37730000,47.20000000,0.3705
1749264556,0.37740000,27.10000000,0.3705
1749264556,0.37750000,27.10000000,0.3705
1749264556,0.37760000,3699.40000000,0.3705
1749264556,0.37770000,27.10000000,0.3705
1749264556,0.37780000,27.10000000,0.3705
1749264556,0.37790000,27.10000000,0.3705
1749264556,0.37800000,573.40000000,0.3705
1749264556,0.37810000,27.00000000,0.3705
1749264556,0.37870000,323.80000000,0.3705
1749264556,0.37880000,40.90000000,0.3705
1749264556,0.37950000,52.70000000,0.3705
1749264556,0.37960000,717.60000000,0.3705
1749264556,0.38000000,179.50000000,0.3705
1749264556,0.38090000,31.50000000,0.3705
1749264556,0.38120000,57.00000000,0.3705
1749264556,0.38220000,26793.70000000,0.3705
1749264556,0.38230000,2689.10000000,0.3705
1749264556,0.38310000,630.40000000,0.3705
1749264556,0.38370000,26745.40000000,0.3705
1749264556,0.38380000,3422.60000000,0.3705
1749264556,0.38450000,366.90000000,0.3705
1749264556,0.38500000,2294.00000000,0.3705
1749264556,0.38540000,220.50000000,0.3705
1749264556,0.38630000,2628.40000000,0.3705
1749264556,0.38650000,232.90000000,0.3705
1749264556,0.38750000,677.40000000,0.3705
1749264556,0.38840000,13.00000000,0.3705
1749264556,0.38880000,15.40000000,0.3705
1749264556,0.39000000,191.50000000,0.3705
1749264556,0.39020000,2517.90000000,0.3705
1749264556,0.39100000,1680.10000000,0.3705
1749264556,0.39140000,659.20000000,0.3705
1749264858,0.37230000,1286.90000000,0.3722
1749264858,0.37240000,1806.10000000,0.3722
1749264858,0.37250000,3613.80000000,0.3722
1749264858,0.37260000,2686.40000000,0.3722
1749264858,0.37270000,5381.90000000,0.3722
1749264858,0.37280000,7631.30000000,0.3722
1749264858,0.37290000,2289.70000000,0.3722
1749264858,0.37300000,4381.20000000,0.3722
1749264858,0.37310000,7409.50000000,0.3722
1749264858,0.37320000,6045.00000000,0.3722
1749264858,0.37330000,1583.90000000,0.3722
1749264858,0.37340000,4954.70000000,0.3722
1749264858,0.37350000,3601.80000000,0.3722
1749264858,0.37360000,1592.40000000,0.3722
1749264858,0.37370000,4975.20000000,0.3722
1749264858,0.37380000,2797.50000000,0.3722
1749264858,0.37390000,1677.90000000,0.3722
1749264858,0.37400000,1399.30000000,0.3722
1749264858,0.37410000,4232.90000000,0.3722
1749264858,0.37420000,6489.50000000,0.3722
1749264858,0.37430000,677.60000000,0.3722
1749264858,0.37440000,27.30000000,0.3722
1749264858,0.37450000,4288.90000000,0.3722
1749264858,0.37460000,27.30000000,0.3722
1749264858,0.37470000,357.70000000,0.3722
1749264858,0.37480000,657.30000000,0.3722
1749264858,0.37490000,4984.10000000,0.3722
1749264858,0.37500000,2303.00000000,0.3722
1749264858,0.37510000,47.60000000,0.3722
1749264858,0.37520000,27.30000000,0.3722
1749264858,0.37530000,3602.80000000,0.3722
1749264858,0.37540000,27.20000000,0.3722
1749264858,0.37550000,47.40000000,0.3722
1749264858,0.37560000,27.20000000,0.3722
1749264858,0.37570000,3602.70000000,0.3722
1749264858,0.37580000,27.20000000,0.3722
1749264858,0.37590000,47.40000000,0.3722
1749264858,0.37600000,27.20000000,0.3722
1749264858,0.37610000,3602.70000000,0.3722
1749264858,0.37620000,1447.60000000,0.3722
1749264858,0.37630000,47.40000000,0.3722
1749264858,0.37640000,27.20000000,0.3722
1749264858,0.37650000,711.50000000,0.3722
1749264858,0.37660000,16944.30000000,0.3722
1749264858,0.37670000,47.30000000,0.3722
1749264858,0.37680000,27.10000000,0.3722
1749264858,0.37690000,47.30000000,0.3722
1749264858,0.37700000,27.10000000,0.3722
1749264858,0.37710000,3602.50000000,0.3722
1749264858,0.37720000,27.10000000,0.3722
1749264858,0.37730000,47.20000000,0.3722
1749264858,0.37740000,27.10000000,0.3722
1749264858,0.37750000,27.10000000,0.3722
1749264858,0.37760000,5551.90000000,0.3722
1749264858,0.37770000,148.80000000,0.3722
1749264858,0.37780000,27.10000000,0.3722
1749264858,0.37790000,27.10000000,0.3722
1749264858,0.37800000,573.40000000,0.3722
1749264858,0.37810000,27.00000000,0.3722
1749264858,0.37820000,27.00000000,0.3722
1749264858,0.37830000,27.00000000,0.3722
1749264858,0.37840000,27.00000000,0.3722
1749264858,0.37850000,27.00000000,0.3722
1749264858,0.37860000,144.00000000,0.3722
1749264858,0.37870000,27.00000000,0.3722
1749264858,0.37880000,67.90000000,0.3722
1749264858,0.37890000,27.00000000,0.3722
1749264858,0.37900000,27.00000000,0.3722
1749264858,0.37910000,27.00000000,0.3722
1749264858,0.37920000,27.00000000,0.3722
1749264858,0.37930000,27.00000000,0.3722
1749264858,0.37940000,237.20000000,0.3722
1749264858,0.37950000,79.60000000,0.3722
1749264858,0.37960000,26.90000000,0.3722
1749264858,0.37970000,26.90000000,0.3722
1749264858,0.37980000,26.90000000,0.3722
1749264858,0.38000000,179.50000000,0.3722
1749264858,0.38070000,717.60000000,0.3722
1749264858,0.38120000,57.00000000,0.3722
1749264858,0.38220000,26793.70000000,0.3722
1749264858,0.38340000,2689.10000000,0.3722
1749264858,0.38370000,26745.40000000,0.3722
1749264858,0.38380000,3422.60000000,0.3722
1749264858,0.38410000,630.40000000,0.3722
1749264858,0.38450000,366.90000000,0.3722
1749264858,0.38500000,2294.00000000,0.3722
1749264858,0.38650000,232.90000000,0.3722
1749264858,0.38680000,220.50000000,0.3722
1749264858,0.38730000,2628.40000000,0.3722
1749264858,0.38840000,13.00000000,0.3722
1749264858,0.38860000,677.40000000,0.3722
1749264858,0.38880000,15.40000000,0.3722
1749264858,0.39000000,191.50000000,0.3722
1749264858,0.39100000,1680.10000000,0.3722
1749264858,0.39120000,2517.90000000,0.3722
1749264858,0.39220000,13.00000000,0.3722
1749264858,0.39240000,659.20000000,0.3722
1749264858,0.39400000,14.20000000,0.3722
1749264858,0.39450000,15.40000000,0.3722
1749264858,0.39500000,122.50000000,0.3722
1749265160,0.37260000,772.40000000,0.3726
1749265160,0.37270000,2838.70000000,0.3726
1749265160,0.37280000,1625.60000000,0.3726
1749265160,0.37290000,984.70000000,0.3726
1749265160,0.37300000,3237.40000000,0.3726
1749265160,0.37310000,7363.90000000,0.3726
1749265160,0.37320000,3717.30000000,0.3726
1749265160,0.37330000,5581.20000000,0.3726
1749265160,0.37340000,7079.30000000,0.3726
1749265160,0.37350000,3764.60000000,0.3726
1749265160,0.37360000,6592.10000000,0.3726
1749265160,0.37370000,4396.10000000,0.3726
1749265160,0.37380000,1419.60000000,0.3726
1749265160,0.37390000,1419.00000000,0.3726
1749265160,0.37400000,2056.20000000,0.3726
1749265160,0.37410000,7114.10000000,0.3726
1749265160,0.37420000,657.30000000,0.3726
1749265160,0.37430000,677.60000000,0.3726
1749265160,0.37440000,1398.30000000,0.3726
1749265160,0.37450000,8858.10000000,0.3726
1749265160,0.37460000,849.70000000,0.3726
1749265160,0.37470000,2497.80000000,0.3726
1749265160,0.37480000,657.30000000,0.3726
1749265160,0.37490000,4232.90000000,0.3726
1749265160,0.37500000,2303.00000000,0.3726
1749265160,0.37510000,47.60000000,0.3726
1749265160,0.37520000,27.30000000,0.3726
1749265160,0.37530000,4232.80000000,0.3726
1749265160,0.37540000,27.20000000,0.3726
1749265160,0.37550000,807.30000000,0.3726
1749265160,0.37560000,657.20000000,0.3726
1749265160,0.37570000,4232.70000000,0.3726
1749265160,0.37580000,2601.90000000,0.3726
1749265160,0.37590000,47.40000000,0.3726
1749265160,0.37600000,27.20000000,0.3726
1749265160,0.37610000,4232.70000000,0.3726
1749265160,0.37620000,27.20000000,0.3726
1749265160,0.37630000,1244.70000000,0.3726
1749265160,0.37640000,27.20000000,0.3726
1749265160,0.37650000,711.50000000,0.3726
1749265160,0.37660000,3582.50000000,0.3726
1749265160,0.37670000,47.30000000,0.3726
1749265160,0.37680000,27.10000000,0.3726
1749265160,0.37690000,47.30000000,0.3726
1749265160,0.37700000,27.10000000,0.3726
1749265160,0.37710000,3602.50000000,0.3726
1749265160,0.37720000,27.10000000,0.3726
1749265160,0.37730000,47.20000000,0.3726
1749265160,0.37740000,27.10000000,0.3726
1749265160,0.37750000,13388.90000000,0.3726
1749265160,0.37760000,3582.40000000,0.3726
1749265160,0.37770000,27.10000000,0.3726
1749265160,0.37780000,27.10000000,0.3726
1749265160,0.37790000,169.30000000,0.3726
1749265160,0.37800000,573.40000000,0.3726
1749265160,0.37810000,27.00000000,0.3726
1749265160,0.37820000,27.00000000,0.3726
1749265160,0.37830000,27.00000000,0.3726
1749265160,0.37840000,27.00000000,0.3726
1749265160,0.37850000,27.00000000,0.3726
1749265160,0.37860000,145.10000000,0.3726
1749265160,0.37870000,148.70000000,0.3726
1749265160,0.37880000,1971.90000000,0.3726
1749265160,0.37890000,27.00000000,0.3726
1749265160,0.37900000,27.00000000,0.3726
1749265160,0.37910000,27.00000000,0.3726
1749265160,0.37920000,27.00000000,0.3726
1749265160,0.37930000,27.00000000,0.3726
1749265160,0.37940000,26.90000000,0.3726
1749265160,0.37950000,79.60000000,0.3726
1749265160,0.37960000,143.90000000,0.3726
1749265160,0.37970000,26.90000000,0.3726
1749265160,0.37980000,140.10000000,0.3726
1749265160,0.37990000,26.90000000,0.3726
1749265160,0.38000000,206.40000000,0.3726
1749265160,0.38010000,26.90000000,0.3726
1749265160,0.38060000,209.30000000,0.3726
1749265160,0.38070000,717.60000000,0.3726
1749265160,0.38120000,57.00000000,0.3726
1749265160,0.38220000,55.70000000,0.3726
1749265160,0.38370000,26752.60000000,0.3726
1749265160,0.38380000,3422.60000000,0.3726
1749265160,0.38410000,630.40000000,0.3726
1749265160,0.38440000,2689.10000000,0.3726
1749265160,0.38450000,366.90000000,0.3726
1749265160,0.38500000,2294.00000000,0.3726
1749265160,0.38650000,232.90000000,0.3726
1749265160,0.38760000,220.50000000,0.3726
1749265160,0.38820000,26730.80000000,0.3726
1749265160,0.38830000,2628.40000000,0.3726
1749265160,0.38840000,13.00000000,0.3726
1749265160,0.38860000,677.40000000,0.3726
1749265160,0.38880000,15.40000000,0.3726
1749265160,0.39000000,191.50000000,0.3726
1749265160,0.39100000,1680.10000000,0.3726
1749265160,0.39120000,2517.90000000,0.3726
1749265160,0.39220000,13.00000000,0.3726
1749265160,0.39240000,659.20000000,0.3726
1749265160,0.39400000,14.20000000,0.3726
1749265160,0.39450000,15.40000000,0.3726
1749265462,0.37240000,1713.40000000,0.3724
1749265462,0.37250000,3470.10000000,0.3724
1749265462,0.37260000,2921.40000000,0.3724
1749265462,0.37270000,2034.10000000,0.3724
1749265462,0.37280000,4456.00000000,0.3724
1749265462,0.37290000,1095.70000000,0.3724
1749265462,0.37300000,2929.70000000,0.3724
1749265462,0.37310000,6352.40000000,0.3724
1749265462,0.37320000,6868.30000000,0.3724
1749265462,0.37330000,4249.20000000,0.3724
1749265462,0.37340000,7838.70000000,0.3724
1749265462,0.37350000,4920.50000000,0.3724
1749265462,0.37360000,2997.30000000,0.3724
1749265462,0.37370000,4996.00000000,0.3724
1749265462,0.37380000,2326.60000000,0.3724
1749265462,0.37390000,1439.50000000,0.3724
1749265462,0.37400000,1399.30000000,0.3724
1749265462,0.37410000,4974.50000000,0.3724
1749265462,0.37420000,657.30000000,0.3724
1749265462,0.37430000,677.60000000,0.3724
1749265462,0.37440000,657.30000000,0.3724
1749265462,0.37450000,5288.30000000,0.3724
1749265462,0.37460000,3566.40000000,0.3724
1749265462,0.37470000,3127.80000000,0.3724
1749265462,0.37480000,27.30000000,0.3724
1749265462,0.37490000,4232.90000000,0.3724
1749265462,0.37500000,2303.00000000,0.3724
1749265462,0.37510000,47.60000000,0.3724
1749265462,0.37520000,27.30000000,0.3724
1749265462,0.37530000,4232.80000000,0.3724
1749265462,0.37540000,27.20000000,0.3724
1749265462,0.37550000,803.00000000,0.3724
1749265462,0.37560000,657.20000000,0.3724
1749265462,0.37570000,4232.70000000,0.3724
1749265462,0.37580000,2601.90000000,0.3724
1749265462,0.37590000,47.40000000,0.3724
1749265462,0.37600000,27.20000000,0.3724
1749265462,0.37610000,3602.70000000,0.3724
1749265462,0.37620000,27.20000000,0.3724
1749265462,0.37630000,47.40000000,0.3724
1749265462,0.37640000,27.20000000,0.3724
1749265462,0.37650000,711.50000000,0.3724
1749265462,0.37660000,3582.50000000,0.3724
1749265462,0.37670000,47.30000000,0.3724
1749265462,0.37680000,27.10000000,0.3724
1749265462,0.37690000,192.70000000,0.3724
1749265462,0.37700000,27.10000000,0.3724
1749265462,0.37710000,3602.50000000,0.3724
1749265462,0.37720000,27.10000000,0.3724
1749265462,0.37730000,47.20000000,0.3724
1749265462,0.37740000,393.90000000,0.3724
1749265462,0.37750000,27.10000000,0.3724
1749265462,0.37760000,3700.50000000,0.3724
1749265462,0.37770000,148.80000000,0.3724
1749265462,0.37780000,27.10000000,0.3724
1749265462,0.37790000,27.10000000,0.3724
1749265462,0.37800000,573.40000000,0.3724
1749265462,0.37810000,27.00000000,0.3724
1749265462,0.37820000,27.00000000,0.3724
1749265462,0.37830000,27.00000000,0.3724
1749265462,0.37840000,27.00000000,0.3724
1749265462,0.37850000,27.00000000,0.3724
1749265462,0.37860000,27.00000000,0.3724
1749265462,0.37870000,27.00000000,0.3724
1749265462,0.37880000,1956.80000000,0.3724
1749265462,0.37890000,27.00000000,0.3724
1749265462,0.37900000,27.00000000,0.3724
1749265462,0.37910000,27.00000000,0.3724
1749265462,0.37920000,27.00000000,0.3724
1749265462,0.37930000,27.00000000,0.3724
1749265462,0.37940000,26.90000000,0.3724
1749265462,0.37950000,79.60000000,0.3724
1749265462,0.37960000,26.90000000,0.3724
1749265462,0.37970000,26.90000000,0.3724
1749265462,0.37980000,143.90000000,0.3724
1749265462,0.37990000,234.20000000,0.3724
1749265462,0.38000000,292.70000000,0.3724
1749265462,0.38070000,717.60000000,0.3724
1749265462,0.38120000,57.00000000,0.3724
1749265462,0.38220000,55.70000000,0.3724
1749265462,0.38370000,14.60000000,0.3724
1749265462,0.38380000,3422.60000000,0.3724
1749265462,0.38410000,630.40000000,0.3724
1749265462,0.38440000,2689.10000000,0.3724
1749265462,0.38500000,2294.00000000,0.3724
1749265462,0.38650000,232.90000000,0.3724
1749265462,0.38680000,220.50000000,0.3724
1749265462,0.38840000,13.00000000,0.3724
1749265462,0.38850000,2628.40000000,0.3724
1749265462,0.38860000,677.40000000,0.3724
1749265462,0.38880000,15.40000000,0.3724
1749265462,0.39000000,191.50000000,0.3724
1749265462,0.39100000,1680.10000000,0.3724
1749265462,0.39220000,2530.90000000,0.3724
1749265462,0.39240000,659.20000000,0.3724
1749265462,0.39400000,14.20000000,0.3724
1749265462,0.39450000,15.40000000,0.3724
1749265462,0.39500000,122.50000000,0.3724
1749265462,0.39570000,25.30000000,0.3724
1749265462,0.39600000,13.00000000,0.3724
1749265763,0.37240000,142.40000000,0.3723
1749265763,0.37250000,691.20000000,0.3723
1749265763,0.37260000,2079.80000000,0.3723
1749265763,0.37270000,2321.50000000,0.3723
1749265763,0.37280000,4456.10000000,0.3723
1749265763,0.37290000,2327.00000000,0.3723
1749265763,0.37300000,4244.30000000,0.3723
1749265763,0.37310000,5877.50000000,0.3723
1749265763,0.37320000,3727.90000000,0.3723
1749265763,0.37330000,7425.10000000,0.3723
1749265763,0.37340000,4975.90000000,0.3723
1749265763,0.37350000,4935.50000000,0.3723
1749265763,0.37360000,1623.70000000,0.3723
1749265763,0.37370000,6798.30000000,0.3723
1749265763,0.37380000,657.40000000,0.3723
1749265763,0.37390000,1419.70000000,0.3723
1749265763,0.37400000,2398.80000000,0.3723
1749265763,0.37410000,4232.90000000,0.3723
1749265763,0.37420000,657.30000000,0.3723
1749265763,0.37430000,677.60000000,0.3723
1749265763,0.37440000,3347.30000000,0.3723
1749265763,0.37450000,4481.30000000,0.3723
1749265763,0.37460000,2797.40000000,0.3723
1749265763,0.37470000,987.70000000,0.3723
1749265763,0.37480000,27.30000000,0.3723
1749265763,0.37490000,4991.20000000,0.3723
1749265763,0.37500000,2303.00000000,0.3723
1749265763,0.37510000,47.60000000,0.3723
1749265763,0.37520000,27.30000000,0.3723
1749265763,0.37530000,4232.80000000,0.3723
1749265763,0.37540000,27.20000000,0.3723
1749265763,0.37550000,47.40000000,0.3723
1749265763,0.37560000,657.20000000,0.3723
1749265763,0.37570000,3602.70000000,0.3723
1749265763,0.37580000,1971.90000000,0.3723
1749265763,0.37590000,47.40000000,0.3723
1749265763,0.37600000,27.20000000,0.3723
1749265763,0.37610000,3602.70000000,0.3723
1749265763,0.37620000,27.20000000,0.3723
1749265763,0.37630000,47.40000000,0.3723
1749265763,0.37640000,27.20000000,0.3723
1749265763,0.37650000,711.50000000,0.3723
1749265763,0.37660000,3582.50000000,0.3723
1749265763,0.37670000,47.30000000,0.3723
1749265763,0.37680000,27.10000000,0.3723
1749265763,0.37690000,47.30000000,0.3723
1749265763,0.37700000,13388.90000000,0.3723
1749265763,0.37710000,3602.50000000,0.3723
1749265763,0.37720000,27.10000000,0.3723
1749265763,0.37730000,47.20000000,0.3723
1749265763,0.37740000,27.10000000,0.3723
1749265763,0.37750000,27.10000000,0.3723
1749265763,0.37760000,5721.20000000,0.3723
1749265763,0.37770000,148.80000000,0.3723
1749265763,0.37780000,27.10000000,0.3723
1749265763,0.37790000,27.10000000,0.3723
1749265763,0.37800000,573.40000000,0.3723
1749265763,0.37810000,27.00000000,0.3723
1749265763,0.37820000,27.00000000,0.3723
1749265763,0.37830000,27.00000000,0.3723
1749265763,0.37840000,27.00000000,0.3723
1749265763,0.37850000,27.00000000,0.3723
1749265763,0.37860000,27.00000000,0.3723
1749265763,0.37870000,144.00000000,0.3723
1749265763,0.37880000,67.90000000,0.3723
1749265763,0.37890000,27.00000000,0.3723
1749265763,0.37900000,140.20000000,0.3723
1749265763,0.37910000,27.00000000,0.3723
1749265763,0.37920000,27.00000000,0.3723
1749265763,0.37930000,27.00000000,0.3723
1749265763,0.37940000,26.90000000,0.3723
1749265763,0.37950000,79.60000000,0.3723
1749265763,0.37960000,26.90000000,0.3723
1749265763,0.37970000,26.90000000,0.3723
1749265763,0.37980000,26.90000000,0.3723
1749265763,0.37990000,26.90000000,0.3723
1749265763,0.38000000,179.50000000,0.3723
1749265763,0.38070000,927.00000000,0.3723
1749265763,0.38120000,57.00000000,0.3723
1749265763,0.38220000,55.70000000,0.3723
1749265763,0.38310000,366.90000000,0.3723
1749265763,0.38320000,26738.00000000,0.3723
1749265763,0.38330000,2689.10000000,0.3723
1749265763,0.38370000,14.60000000,0.3723
1749265763,0.38380000,3422.60000000,0.3723
1749265763,0.38410000,630.40000000,0.3723
1749265763,0.38500000,2294.00000000,0.3723
1749265763,0.38650000,232.90000000,0.3723
1749265763,0.38730000,220.50000000,0.3723
1749265763,0.38740000,26730.80000000,0.3723
1749265763,0.38750000,2628.40000000,0.3723
1749265763,0.38840000,13.00000000,0.3723
1749265763,0.38860000,677.40000000,0.3723
1749265763,0.38880000,15.40000000,0.3723
1749265763,0.39000000,191.50000000,0.3723
1749265763,0.39100000,1680.10000000,0.3723
1749265763,0.39120000,2517.90000000,0.3723
1749265763,0.39220000,13.00000000,0.3723
1749265763,0.39240000,659.20000000,0.3723
1749265763,0.39400000,14.20000000,0.3723
1749266065,0.37400000,26.80000000,0.3739
1749266065,0.37410000,995.80000000,0.3739
1749266065,0.37420000,2703.40000000,0.3739
1749266065,0.37430000,1527.60000000,0.3739
1749266065,0.37440000,3494.70000000,0.3739
1749266065,0.37450000,5900.70000000,0.3739
1749266065,0.37460000,2577.30000000,0.3739
1749266065,0.37470000,4707.20000000,0.3739
1749266065,0.37480000,4564.80000000,0.3739
1749266065,0.37490000,5885.90000000,0.3739
1749266065,0.37500000,1721.00000000,0.3739
1749266065,0.37510000,5980.00000000,0.3739
1749266065,0.37520000,1619.70000000,0.3739
1749266065,0.37530000,7674.60000000,0.3739
1749266065,0.37540000,1395.20000000,0.3739
1749266065,0.37550000,1608.20000000,0.3739
1749266065,0.37560000,3535.70000000,0.3739
1749266065,0.37570000,4971.10000000,0.3739
1749266065,0.37580000,4000.50000000,0.3739
1749266065,0.37590000,47.40000000,0.3739
1749266065,0.37600000,838.10000000,0.3739
1749266065,0.37610000,4232.70000000,0.3739
1749266065,0.37620000,657.20000000,0.3739
1749266065,0.37630000,357.50000000,0.3739
1749266065,0.37640000,657.20000000,0.3739
1749266065,0.37650000,1341.50000000,0.3739
1749266065,0.37660000,4212.50000000,0.3739
1749266065,0.37670000,103.30000000,0.3739
1749266065,0.37680000,1407.40000000,0.3739
1749266065,0.37690000,47.30000000,0.3739
1749266065,0.37700000,27.10000000,0.3739
1749266065,0.37710000,4232.50000000,0.3739
1749266065,0.37720000,27.10000000,0.3739
1749266065,0.37730000,47.20000000,0.3739
1749266065,0.37740000,2601.80000000,0.3739
1749266065,0.37750000,47.20000000,0.3739
1749266065,0.37760000,4212.40000000,0.3739
1749266065,0.37770000,47.20000000,0.3739
1749266065,0.37780000,27.10000000,0.3739
1749266065,0.37790000,47.20000000,0.3739
1749266065,0.37800000,573.40000000,0.3739
1749266065,0.37810000,3602.40000000,0.3739
1749266065,0.37820000,27.00000000,0.3739
1749266065,0.37830000,27.00000000,0.3739
1749266065,0.37840000,27.00000000,0.3739
1749266065,0.37850000,27.00000000,0.3739
1749266065,0.37860000,3582.30000000,0.3739
1749266065,0.37870000,27.00000000,0.3739
1749266065,0.37880000,67.90000000,0.3739
1749266065,0.37890000,27.00000000,0.3739
1749266065,0.37900000,27.00000000,0.3739
1749266065,0.37910000,27.00000000,0.3739
1749266065,0.37920000,27.00000000,0.3739
1749266065,0.37930000,171.40000000,0.3739
1749266065,0.37940000,26.90000000,0.3739
1749266065,0.37950000,79.60000000,0.3739
1749266065,0.37960000,26.90000000,0.3739
1749266065,0.37970000,145.00000000,0.3739
1749266065,0.37980000,148.60000000,0.3739
1749266065,0.37990000,26.90000000,0.3739
1749266065,0.38000000,206.40000000,0.3739
1749266065,0.38010000,1902.60000000,0.3739
1749266065,0.38020000,26.90000000,0.3739
1749266065,0.38030000,26.90000000,0.3739
1749266065,0.38040000,26.90000000,0.3739
1749266065,0.38050000,26.90000000,0.3739
1749266065,0.38060000,26.90000000,0.3739
1749266065,0.38070000,26.90000000,0.3739
1749266065,0.38080000,26.80000000,0.3739
1749266065,0.38090000,26.80000000,0.3739
1749266065,0.38100000,143.80000000,0.3739
1749266065,0.38110000,26.80000000,0.3739
1749266065,0.38120000,83.80000000,0.3739
1749266065,0.38130000,140.00000000,0.3739
1749266065,0.38140000,26.80000000,0.3739
1749266065,0.38150000,26.80000000,0.3739
1749266065,0.38170000,717.60000000,0.3739
1749266065,0.38220000,261.60000000,0.3739
1749266065,0.38310000,366.90000000,0.3739
1749266065,0.38370000,14.60000000,0.3739
1749266065,0.38500000,2294.00000000,0.3739
1749266065,0.38540000,13361.80000000,0.3739
1749266065,0.38550000,26738.00000000,0.3739
1749266065,0.38560000,2689.10000000,0.3739
1749266065,0.38610000,630.40000000,0.3739
1749266065,0.38620000,3435.10000000,0.3739
1749266065,0.38650000,232.90000000,0.3739
1749266065,0.38840000,13.00000000,0.3739
1749266065,0.38880000,15.40000000,0.3739
1749266065,0.38890000,220.50000000,0.3739
1749266065,0.38960000,27408.20000000,0.3739
1749266065,0.38970000,2628.40000000,0.3739
1749266065,0.39000000,191.50000000,0.3739
1749266065,0.39100000,1680.10000000,0.3739
1749266065,0.39220000,13.00000000,0.3739
1749266065,0.39330000,2517.90000000,0.3739
1749266065,0.39340000,659.20000000,0.3739
1749266065,0.39400000,14.20000000,0.3739
1749266065,0.39450000,15.40000000,0.3739
1749266065,0.39500000,122.50000000,0.3739
1749266367,0.37280000,630.00000000,0.3729
1749266367,0.37290000,1807.10000000,0.3729
1749266367,0.37300000,2315.40000000,0.3729
1749266367,0.37310000,4353.20000000,0.3729
1749266367,0.37320000,5767.20000000,0.3729
1749266367,0.37330000,983.00000000,0.3729
1749266367,0.37340000,4835.90000000,0.3729
1749266367,0.37350000,13771.20000000,0.3729
1749266367,0.37360000,6723.60000000,0.3729
1749266367,0.37370000,8385.60000000,0.3729
1749266367,0.37380000,4972.40000000,0.3729
1749266367,0.37390000,1578.90000000,0.3729
1749266367,0.37400000,2543.80000000,0.3729
1749266367,0.37410000,4361.30000000,0.3729
1749266367,0.37420000,1415.10000000,0.3729
1749266367,0.37430000,1435.20000000,0.3729
1749266367,0.37440000,7346.50000000,0.3729
1749266367,0.37450000,1434.60000000,0.3729
1749266367,0.37460000,46.90000000,0.3729
1749266367,0.37470000,3622.80000000,0.3729
1749266367,0.37480000,3724.50000000,0.3729
1749266367,0.37490000,677.60000000,0.3729
1749266367,0.37500000,4518.20000000,0.3729
1749266367,0.37510000,677.60000000,0.3729
1749266367,0.37520000,1468.20000000,0.3729
1749266367,0.37530000,6663.20000000,0.3729
1749266367,0.37540000,849.60000000,0.3729
1749266367,0.37550000,677.40000000,0.3729
1749266367,0.37560000,1408.80000000,0.3729
1749266367,0.37570000,6372.80000000,0.3729
1749266367,0.37580000,657.20000000,0.3729
1749266367,0.37590000,677.40000000,0.3729
1749266367,0.37600000,27.20000000,0.3729
1749266367,0.37610000,3602.70000000,0.3729
1749266367,0.37620000,27.20000000,0.3729
1749266367,0.37630000,357.50000000,0.3729
1749266367,0.37640000,27.20000000,0.3729
1749266367,0.37650000,711.50000000,0.3729
1749266367,0.37660000,3582.50000000,0.3729
1749266367,0.37670000,103.30000000,0.3729
1749266367,0.37680000,27.10000000,0.3729
1749266367,0.37690000,47.30000000,0.3729
1749266367,0.37700000,27.10000000,0.3729
1749266367,0.37710000,3602.50000000,0.3729
1749266367,0.37720000,27.10000000,0.3729
1749266367,0.37730000,47.20000000,0.3729
1749266367,0.37740000,1971.80000000,0.3729
1749266367,0.37750000,47.20000000,0.3729
1749266367,0.37760000,3582.40000000,0.3729
1749266367,0.37770000,47.20000000,0.3729
1749266367,0.37780000,27.10000000,0.3729
1749266367,0.37790000,47.20000000,0.3729
1749266367,0.37800000,573.40000000,0.3729
1749266367,0.37810000,16950.00000000,0.3729
1749266367,0.37820000,27.00000000,0.3729
1749266367,0.37830000,47.10000000,0.3729
1749266367,0.37840000,174.40000000,0.3729
1749266367,0.37850000,47.10000000,0.3729
1749266367,0.37860000,3700.40000000,0.3729
1749266367,0.37870000,168.80000000,0.3729
1749266367,0.37880000,67.90000000,0.3729
1749266367,0.37890000,1929.70000000,0.3729
1749266367,0.37900000,27.00000000,0.3729
1749266367,0.37910000,3582.30000000,0.3729
1749266367,0.37920000,27.00000000,0.3729
1749266367,0.37930000,27.00000000,0.3729
1749266367,0.37940000,26.90000000,0.3729
1749266367,0.37950000,79.60000000,0.3729
1749266367,0.37960000,3582.20000000,0.3729
1749266367,0.37970000,26.90000000,0.3729
1749266367,0.37980000,26.90000000,0.3729
1749266367,0.37990000,26.90000000,0.3729
1749266367,0.38000000,323.40000000,0.3729
1749266367,0.38010000,26.90000000,0.3729
1749266367,0.38020000,26.90000000,0.3729
1749266367,0.38030000,140.10000000,0.3729
1749266367,0.38100000,206.40000000,0.3729
1749266367,0.38120000,57.00000000,0.3729
1749266367,0.38170000,23.60000000,0.3729
1749266367,0.38180000,717.60000000,0.3729
1749266367,0.38220000,55.70000000,0.3729
1749266367,0.38370000,14.60000000,0.3729
1749266367,0.38460000,2689.10000000,0.3729
1749266367,0.38500000,2294.00000000,0.3729
1749266367,0.38510000,630.40000000,0.3729
1749266367,0.38540000,27097.60000000,0.3729
1749266367,0.38550000,26738.00000000,0.3729
1749266367,0.38620000,3435.10000000,0.3729
1749266367,0.38650000,232.90000000,0.3729
1749266367,0.38840000,13.00000000,0.3729
1749266367,0.38870000,2628.40000000,0.3729
1749266367,0.38880000,15.40000000,0.3729
1749266367,0.38910000,220.50000000,0.3729
1749266367,0.38920000,30.80000000,0.3729
1749266367,0.38970000,677.40000000,0.3729
1749266367,0.39000000,191.50000000,0.3729
1749266367,0.39100000,1680.10000000,0.3729
1749266367,0.39220000,13.00000000,0.3729
1749266367,0.39330000,2517.90000000,0.3729
1749266367,0.39340000,659.20000000,0.3729
1749266670,0.37470000,142.40000000,0.3747
1749266670,0.37480000,714.70000000,0.3747
1749266670,0.37490000,2298.00000000,0.3747
1749266670,0.37500000,6060.80000000,0.3747
1749266670,0.37510000,2212.10000000,0.3747
1749266670,0.37520000,5262.10000000,0.3747
1749266670,0.37530000,5142.40000000,0.3747
1749266670,0.37540000,1415.90000000,0.3747
1749266670,0.37550000,1435.90000000,0.3747
1749266670,0.37560000,4075.60000000,0.3747
1749266670,0.37570000,9529.00000000,0.3747
1749266670,0.37580000,2130.80000000,0.3747
1749266670,0.37590000,1415.80000000,0.3747
1749266670,0.37600000,1617.70000000,0.3747
1749266670,0.37610000,5156.00000000,0.3747
1749266670,0.37620000,3345.70000000,0.3747
1749266670,0.37630000,1414.60000000,0.3747
1749266670,0.37640000,2205.30000000,0.3747
1749266670,0.37650000,2297.50000000,0.3747
1749266670,0.37660000,4949.50000000,0.3747
1749266670,0.37670000,3470.50000000,0.3747
1749266670,0.37680000,2797.20000000,0.3747
1749266670,0.37690000,47.30000000,0.3747
1749266670,0.37700000,27.10000000,0.3747
1749266670,0.37710000,4232.50000000,0.3747
1749266670,0.37720000,27.10000000,0.3747
1749266670,0.37730000,47.20000000,0.3747
1749266670,0.37740000,3354.70000000,0.3747
1749266670,0.37750000,47.20000000,0.3747
1749266670,0.37760000,4212.40000000,0.3747
1749266670,0.37770000,47.20000000,0.3747
1749266670,0.37780000,27.10000000,0.3747
1749266670,0.37790000,987.30000000,0.3747
1749266670,0.37800000,1203.40000000,0.3747
1749266670,0.37810000,3602.40000000,0.3747
1749266670,0.37820000,27.00000000,0.3747
1749266670,0.37830000,47.10000000,0.3747
1749266670,0.37840000,393.80000000,0.3747
1749266670,0.37850000,47.10000000,0.3747
1749266670,0.37860000,3582.30000000,0.3747
1749266670,0.37870000,183.60000000,0.3747
1749266670,0.37880000,67.90000000,0.3747
1749266670,0.37890000,47.10000000,0.3747
1749266670,0.37900000,27.00000000,0.3747
1749266670,0.37910000,3582.30000000,0.3747
1749266670,0.37920000,27.00000000,0.3747
1749266670,0.37930000,27.00000000,0.3747
1749266670,0.37940000,26.90000000,0.3747
1749266670,0.37950000,79.60000000,0.3747
1749266670,0.37960000,3700.30000000,0.3747
1749266670,0.37970000,26.90000000,0.3747
1749266670,0.37980000,148.60000000,0.3747
1749266670,0.37990000,26.90000000,0.3747
1749266670,0.38000000,206.40000000,0.3747
1749266670,0.38010000,1881.90000000,0.3747
1749266670,0.38020000,26.90000000,0.3747
1749266670,0.38030000,26.90000000,0.3747
1749266670,0.38040000,26.90000000,0.3747
1749266670,0.38050000,26.90000000,0.3747
1749266670,0.38060000,26.90000000,0.3747
1749266670,0.38070000,26.90000000,0.3747
1749266670,0.38080000,26.80000000,0.3747
1749266670,0.38090000,26.80000000,0.3747
1749266670,0.38100000,240.90000000,0.3747
1749266670,0.38110000,143.80000000,0.3747
1749266670,0.38120000,83.80000000,0.3747
1749266670,0.38130000,26.80000000,0.3747
1749266670,0.38140000,140.00000000,0.3747
1749266670,0.38150000,26.80000000,0.3747
1749266670,0.38160000,26.80000000,0.3747
1749266670,0.38170000,50.40000000,0.3747
1749266670,0.38180000,26.80000000,0.3747
1749266670,0.38190000,26.80000000,0.3747
1749266670,0.38200000,26.80000000,0.3747
1749266670,0.38210000,26.80000000,0.3747
1749266670,0.38220000,82.40000000,0.3747
1749266670,0.38290000,717.60000000,0.3747
1749266670,0.38370000,14.60000000,0.3747
1749266670,0.38440000,13340.40000000,0.3747
1749266670,0.38450000,26738.00000000,0.3747
1749266670,0.38500000,2294.00000000,0.3747
1749266670,0.38590000,2689.10000000,0.3747
1749266670,0.38620000,3435.10000000,0.3747
1749266670,0.38640000,630.40000000,0.3747
1749266670,0.38650000,232.90000000,0.3747
1749266670,0.38840000,13.00000000,0.3747
1749266670,0.38860000,220.50000000,0.3747
1749266670,0.38880000,15.40000000,0.3747
1749266670,0.38920000,30.80000000,0.3747
1749266670,0.38980000,26680.90000000,0.3747
1749266670,0.38990000,2628.40000000,0.3747
1749266670,0.39000000,191.50000000,0.3747
1749266670,0.39070000,677.40000000,0.3747
1749266670,0.39100000,1680.10000000,0.3747
1749266670,0.39220000,13.00000000,0.3747
1749266670,0.39320000,2517.90000000,0.3747
1749266670,0.39400000,14.20000000,0.3747
1749266670,0.39440000,659.20000000,0.3747
1749266670,0.39450000,15.40000000,0.3747
1749266670,0.39500000,122.50000000,0.3747
1749266971,0.37500000,2364.40000000,0.375
1749266971,0.37510000,3490.40000000,0.375
1749266971,0.37520000,1926.80000000,0.375
1749266971,0.37530000,3290.00000000,0.375
1749266971,0.37540000,4619.60000000,0.375
1749266971,0.37550000,4568.00000000,0.375
1749266971,0.37560000,4530.00000000,0.375
1749266971,0.37570000,7912.40000000,0.375
1749266971,0.37580000,8074.40000000,0.375
1749266971,0.37590000,4778.30000000,0.375
1749266971,0.37600000,4536.90000000,0.375
1749266971,0.37610000,6015.60000000,0.375
1749266971,0.37620000,1415.20000000,0.375
1749266971,0.37630000,1434.60000000,0.375
1749266971,0.37640000,1636.60000000,0.375
1749266971,0.37650000,2761.80000000,0.375
1749266971,0.37660000,4949.40000000,0.375
1749266971,0.37670000,866.70000000,0.375
1749266971,0.37680000,657.10000000,0.375
1749266971,0.37690000,2009.70000000,0.375
1749266971,0.37700000,657.10000000,0.375
1749266971,0.37710000,5043.40000000,0.375
1749266971,0.37720000,4173.80000000,0.375
1749266971,0.37730000,47.20000000,0.375
1749266971,0.37740000,2601.80000000,0.375
1749266971,0.37750000,869.60000000,0.375
1749266971,0.37760000,4212.40000000,0.375
1749266971,0.37770000,47.20000000,0.375
1749266971,0.37780000,2797.20000000,0.375
1749266971,0.37790000,357.30000000,0.375
1749266971,0.37800000,1334.10000000,0.375
1749266971,0.37810000,3602.40000000,0.375
1749266971,0.37820000,27.00000000,0.375
1749266971,0.37830000,47.10000000,0.375
1749266971,0.37840000,27.00000000,0.375
1749266971,0.37850000,47.10000000,0.375
1749266971,0.37860000,3598.10000000,0.375
1749266971,0.37870000,47.10000000,0.375
1749266971,0.37880000,67.90000000,0.375
1749266971,0.37890000,47.10000000,0.375
1749266971,0.37900000,27.00000000,0.375
1749266971,0.37910000,3602.40000000,0.375
1749266971,0.37920000,27.00000000,0.375
1749266971,0.37930000,47.00000000,0.375
1749266971,0.37940000,26.90000000,0.375
1749266971,0.37950000,79.60000000,0.375
1749266971,0.37960000,3582.20000000,0.375
1749266971,0.37970000,26.90000000,0.375
1749266971,0.37980000,26.90000000,0.375
1749266971,0.37990000,26.90000000,0.375
1749266971,0.38000000,206.40000000,0.375
1749266971,0.38010000,3728.70000000,0.375
1749266971,0.38020000,26.90000000,0.375
1749266971,0.38030000,26.90000000,0.375
1749266971,0.38040000,26.90000000,0.375
1749266971,0.38050000,13346.00000000,0.375
1749266971,0.38060000,3700.30000000,0.375
1749266971,0.38070000,26.90000000,0.375
1749266971,0.38080000,148.50000000,0.375
1749266971,0.38090000,26.80000000,0.375
1749266971,0.38100000,26.80000000,0.375
1749266971,0.38110000,26.80000000,0.375
1749266971,0.38120000,83.80000000,0.375
1749266971,0.38130000,1928.40000000,0.375
1749266971,0.38140000,26.80000000,0.375
1749266971,0.38150000,26.80000000,0.375
1749266971,0.38160000,26.80000000,0.375
1749266971,0.38170000,50.40000000,0.375
1749266971,0.38180000,26.80000000,0.375
1749266971,0.38190000,26.80000000,0.375
1749266971,0.38200000,26.80000000,0.375
1749266971,0.38210000,26.80000000,0.375
1749266971,0.38220000,199.40000000,0.375
1749266971,0.38230000,26.70000000,0.375
1749266971,0.38240000,139.90000000,0.375
1749266971,0.38250000,26.70000000,0.375
1749266971,0.38290000,717.60000000,0.375
1749266971,0.38370000,14.60000000,0.375
1749266971,0.38490000,205.10000000,0.375
1749266971,0.38500000,2294.00000000,0.375
1749266971,0.38580000,26680.90000000,0.375
1749266971,0.38590000,2689.10000000,0.375
1749266971,0.38610000,20.70000000,0.375
1749266971,0.38620000,3435.10000000,0.375
1749266971,0.38650000,232.90000000,0.375
1749266971,0.38740000,630.40000000,0.375
1749266971,0.38840000,13.00000000,0.375
1749266971,0.38880000,15.40000000,0.375
1749266971,0.38920000,30.80000000,0.375
1749266971,0.38970000,366.90000000,0.375
1749266971,0.38980000,26680.90000000,0.375
1749266971,0.39000000,191.50000000,0.375
1749266971,0.39020000,220.50000000,0.375
1749266971,0.39070000,677.40000000,0.375
1749266971,0.39090000,2628.40000000,0.375
1749266971,0.39100000,1680.10000000,0.375
1749266971,0.39220000,13.00000000,0.375
1749266971,0.39400000,14.20000000,0.375
1749266971,0.39420000,2517.90000000,0.375
1749266971,0.39440000,659.20000000,0.375
1749267273,0.37610000,531.90000000,0.376
1749267273,0.37620000,10835.40000000,0.376
1749267273,0.37630000,7085.70000000,0.376
1749267273,0.37640000,5771.80000000,0.376
1749267273,0.37650000,5044.10000000,0.376
1749267273,0.37660000,1411.10000000,0.376
1749267273,0.37670000,2890.90000000,0.376
1749267273,0.37680000,7620.40000000,0.376
1749267273,0.37690000,6804.80000000,0.376
1749267273,0.37700000,3994.80000000,0.376
1749267273,0.37710000,6031.80000000,0.376
1749267273,0.37720000,7283.90000000,0.376
1749267273,0.37730000,1430.10000000,0.376
1749267273,0.37740000,1412.20000000,0.376
1749267273,0.37750000,1431.90000000,0.376
1749267273,0.37760000,4454.10000000,0.376
1749267273,0.37770000,1411.60000000,0.376
1749267273,0.37780000,1391.50000000,0.376
1749267273,0.37790000,867.30000000,0.376
1749267273,0.37800000,5043.60000000,0.376
1749267273,0.37810000,4232.40000000,0.376
1749267273,0.37820000,1467.90000000,0.376
1749267273,0.37830000,47.10000000,0.376
1749267273,0.37840000,657.00000000,0.376
1749267273,0.37850000,869.50000000,0.376
1749267273,0.37860000,4228.10000000,0.376
1749267273,0.37870000,47.10000000,0.376
1749267273,0.37880000,2208.00000000,0.376
1749267273,0.37890000,677.10000000,0.376
1749267273,0.37900000,27.00000000,0.376
1749267273,0.37910000,4288.40000000,0.376
1749267273,0.37920000,1971.70000000,0.376
1749267273,0.37930000,789.40000000,0.376
1749267273,0.37940000,26.90000000,0.376
1749267273,0.37950000,409.70000000,0.376
1749267273,0.37960000,3582.20000000,0.376
1749267273,0.37970000,46.90000000,0.376
1749267273,0.37980000,26.90000000,0.376
1749267273,0.37990000,46.90000000,0.376
1749267273,0.38000000,206.40000000,0.376
1749267273,0.38010000,3602.20000000,0.376
1749267273,0.38020000,26.90000000,0.376
1749267273,0.38030000,46.90000000,0.376
1749267273,0.38040000,26.90000000,0.376
1749267273,0.38050000,46.90000000,0.376
1749267273,0.38060000,3582.20000000,0.376
1749267273,0.38070000,26.90000000,0.376
1749267273,0.38080000,26.80000000,0.376
1749267273,0.38090000,26.80000000,0.376
1749267273,0.38100000,13477.30000000,0.376
1749267273,0.38110000,3582.10000000,0.376
1749267273,0.38120000,83.80000000,0.376
1749267273,0.38130000,26.80000000,0.376
1749267273,0.38140000,26.80000000,0.376
1749267273,0.38150000,26.80000000,0.376
1749267273,0.38160000,3582.10000000,0.376
1749267273,0.38170000,50.40000000,0.376
1749267273,0.38180000,26.80000000,0.376
1749267273,0.38190000,26.80000000,0.376
1749267273,0.38200000,26.80000000,0.376
1749267273,0.38210000,26.80000000,0.376
1749267273,0.38220000,82.40000000,0.376
1749267273,0.38230000,26.70000000,0.376
1749267273,0.38240000,26.70000000,0.376
1749267273,0.38250000,26.70000000,0.376
1749267273,0.38260000,1898.40000000,0.376
1749267273,0.38270000,144.80000000,0.376
1749267273,0.38280000,148.40000000,0.376
1749267273,0.38290000,26.70000000,0.376
1749267273,0.38300000,26.70000000,0.376
1749267273,0.38310000,26.70000000,0.376
1749267273,0.38320000,26.70000000,0.376
1749267273,0.38330000,143.70000000,0.376
1749267273,0.38340000,26.70000000,0.376
1749267273,0.38350000,26.60000000,0.376
1749267273,0.38360000,26.60000000,0.376
1749267273,0.38370000,14.60000000,0.376
1749267273,0.38390000,205.00000000,0.376
1749267273,0.38400000,717.60000000,0.376
1749267273,0.38440000,113.20000000,0.376
1749267273,0.38500000,2294.00000000,0.376
1749267273,0.38610000,26623.50000000,0.376
1749267273,0.38640000,16.50000000,0.376
1749267273,0.38650000,232.90000000,0.376
1749267273,0.38690000,2689.10000000,0.376
1749267273,0.38740000,630.40000000,0.376
1749267273,0.38840000,13.00000000,0.376
1749267273,0.38870000,3450.30000000,0.376
1749267273,0.38880000,15.40000000,0.376
1749267273,0.38920000,30.80000000,0.376
1749267273,0.38970000,366.90000000,0.376
1749267273,0.39000000,191.50000000,0.376
1749267273,0.39080000,26666.70000000,0.376
1749267273,0.39090000,2628.40000000,0.376
1749267273,0.39100000,1680.10000000,0.376
1749267273,0.39120000,220.50000000,0.376
1749267273,0.39180000,677.40000000,0.376
1749267273,0.39220000,13.00000000,0.376
1749267273,0.39400000,14.20000000,0.376
1749267273,0.39420000,2517.90000000,0.376
1749267574,0.37530000,1414.20000000,0.3752
1749267574,0.37540000,1329.70000000,0.3752
1749267574,0.37550000,3491.60000000,0.3752
1749267574,0.37560000,7271.80000000,0.3752
1749267574,0.37570000,9376.20000000,0.3752
1749267574,0.37580000,5811.30000000,0.3752
1749267574,0.37590000,10255.90000000,0.3752
1749267574,0.37600000,11180.80000000,0.3752
1749267574,0.37610000,5543.30000000,0.3752
1749267574,0.37620000,4336.00000000,0.3752
1749267574,0.37630000,11686.80000000,0.3752
1749267574,0.37640000,1778.80000000,0.3752
1749267574,0.37650000,4251.90000000,0.3752
1749267574,0.37660000,1413.80000000,0.3752
1749267574,0.37670000,1598.90000000,0.3752
1749267574,0.37680000,7385.60000000,0.3752
1749267574,0.37690000,3107.70000000,0.3752
1749267574,0.37700000,1393.50000000,0.3752
1749267574,0.37710000,4968.50000000,0.3752
1749267574,0.37720000,4323.60000000,0.3752
1749267574,0.37730000,869.60000000,0.3752
1749267574,0.37740000,27.10000000,0.3752
1749267574,0.37750000,677.20000000,0.3752
1749267574,0.37760000,4212.40000000,0.3752
1749267574,0.37770000,47.20000000,0.3752
1749267574,0.37780000,27.10000000,0.3752
1749267574,0.37790000,677.20000000,0.3752
1749267574,0.37800000,1203.40000000,0.3752
1749267574,0.37810000,4975.10000000,0.3752
1749267574,0.37820000,27.00000000,0.3752
1749267574,0.37830000,47.10000000,0.3752
1749267574,0.37840000,27.00000000,0.3752
1749267574,0.37850000,677.10000000,0.3752
1749267574,0.37860000,4228.10000000,0.3752
1749267574,0.37870000,47.10000000,0.3752
1749267574,0.37880000,67.90000000,0.3752
1749267574,0.37890000,677.10000000,0.3752
1749267574,0.37900000,27.00000000,0.3752
1749267574,0.37910000,3658.40000000,0.3752
1749267574,0.37920000,1971.70000000,0.3752
1749267574,0.37930000,47.00000000,0.3752
1749267574,0.37940000,26.90000000,0.3752
1749267574,0.37950000,409.70000000,0.3752
1749267574,0.37960000,3582.20000000,0.3752
1749267574,0.37970000,46.90000000,0.3752
1749267574,0.37980000,26.90000000,0.3752
1749267574,0.37990000,46.90000000,0.3752
1749267574,0.38000000,206.40000000,0.3752
1749267574,0.38010000,16896.50000000,0.3752
1749267574,0.38020000,26.90000000,0.3752
1749267574,0.38030000,193.60000000,0.3752
1749267574,0.38040000,145.00000000,0.3752
1749267574,0.38050000,168.60000000,0.3752
1749267574,0.38060000,3582.20000000,0.3752
1749267574,0.38070000,26.90000000,0.3752
1749267574,0.38080000,26.80000000,0.3752
1749267574,0.38090000,26.80000000,0.3752
1749267574,0.38100000,26.80000000,0.3752
1749267574,0.38110000,3582.10000000,0.3752
1749267574,0.38120000,83.80000000,0.3752
1749267574,0.38130000,26.80000000,0.3752
1749267574,0.38140000,1929.90000000,0.3752
1749267574,0.38150000,26.80000000,0.3752
1749267574,0.38160000,3582.10000000,0.3752
1749267574,0.38170000,50.40000000,0.3752
1749267574,0.38180000,143.80000000,0.3752
1749267574,0.38190000,26.80000000,0.3752
1749267574,0.38200000,26.80000000,0.3752
1749267574,0.38210000,140.00000000,0.3752
1749267574,0.38220000,82.40000000,0.3752
1749267574,0.38230000,26.70000000,0.3752
1749267574,0.38240000,26.70000000,0.3752
1749267574,0.38250000,26.70000000,0.3752
1749267574,0.38260000,26.70000000,0.3752
1749267574,0.38270000,26.70000000,0.3752
1749267574,0.38280000,26.70000000,0.3752
1749267574,0.38300000,925.60000000,0.3752
1749267574,0.38370000,14.60000000,0.3752
1749267574,0.38500000,2294.00000000,0.3752
1749267574,0.38610000,20.70000000,0.3752
1749267574,0.38640000,16.50000000,0.3752
1749267574,0.38650000,232.90000000,0.3752
1749267574,0.38670000,26588.70000000,0.3752
1749267574,0.38680000,26588.70000000,0.3752
1749267574,0.38690000,2689.10000000,0.3752
1749267574,0.38740000,630.40000000,0.3752
1749267574,0.38840000,13.00000000,0.3752
1749267574,0.38870000,3450.30000000,0.3752
1749267574,0.38880000,15.40000000,0.3752
1749267574,0.38920000,30.80000000,0.3752
1749267574,0.38970000,366.90000000,0.3752
1749267574,0.39000000,412.00000000,0.3752
1749267574,0.39080000,677.40000000,0.3752
1749267574,0.39090000,2628.40000000,0.3752
1749267574,0.39100000,1680.10000000,0.3752
1749267574,0.39220000,13.00000000,0.3752
1749267574,0.39400000,14.20000000,0.3752
1749267574,0.39420000,2517.90000000,0.3752
1749267574,0.39440000,659.20000000,0.3752
1749267574,0.39450000,15.40000000,0.3752
1749267876,0.37610000,1260.00000000,0.376
1749267876,0.37620000,2060.40000000,0.376
1749267876,0.37630000,10376.10000000,0.376
1749267876,0.37640000,14989.00000000,0.376
1749267876,0.37650000,10392.10000000,0.376
1749267876,0.37660000,6349.00000000,0.376
1749267876,0.37670000,7804.00000000,0.376
1749267876,0.37680000,5187.10000000,0.376
1749267876,0.37690000,3514.60000000,0.376
1749267876,0.37700000,9588.40000000,0.376
1749267876,0.37710000,7361.70000000,0.376
1749267876,0.37720000,1633.80000000,0.376
1749267876,0.37730000,4758.50000000,0.376
1749267876,0.37740000,1410.80000000,0.376
1749267876,0.37750000,1432.90000000,0.376
1749267876,0.37760000,5187.90000000,0.376
1749267876,0.37770000,3663.20000000,0.376
1749267876,0.37780000,1579.30000000,0.376
1749267876,0.37790000,1411.70000000,0.376
1749267876,0.37800000,4384.60000000,0.376
1749267876,0.37810000,4232.40000000,0.376
1749267876,0.37820000,657.00000000,0.376
1749267876,0.37830000,869.50000000,0.376
1749267876,0.37840000,27.00000000,0.376
1749267876,0.37850000,677.10000000,0.376
1749267876,0.37860000,5039.00000000,0.376
1749267876,0.37870000,47.10000000,0.376
1749267876,0.37880000,2208.00000000,0.376
1749267876,0.37890000,677.10000000,0.376
1749267876,0.37900000,27.00000000,0.376
1749267876,0.37910000,4288.40000000,0.376
1749267876,0.37920000,2601.70000000,0.376
1749267876,0.37930000,47.00000000,0.376
1749267876,0.37940000,782.60000000,0.376
