timestamp,price,volume,current_price
1749258479,0.36800000,1422.40000000,0.368
1749258479,0.36810000,2233.60000000,0.368
1749258479,0.36820000,3667.40000000,0.368
1749258479,0.36830000,5614.70000000,0.368
1749258479,0.36840000,1989.60000000,0.368
1749258479,0.36850000,2753.90000000,0.368
1749258479,0.36860000,5756.80000000,0.368
1749258479,0.36870000,3087.60000000,0.368
1749258479,0.36880000,1975.60000000,0.368
1749258479,0.36890000,4075.50000000,0.368
1749258479,0.36900000,9471.90000000,0.368
1749258479,0.36910000,2771.50000000,0.368
1749258479,0.36920000,1572.70000000,0.368
1749258479,0.36930000,7502.40000000,0.368
1749258479,0.36940000,3581.00000000,0.368
1749258479,0.36950000,1448.80000000,0.368
1749258479,0.36960000,1497.40000000,0.368
1749258479,0.36970000,4233.60000000,0.368
1749258479,0.36980000,2421.50000000,0.368
1749258479,0.36990000,2307.70000000,0.368
1749258479,0.37000000,15075.00000000,0.368
1749258479,0.37010000,4233.40000000,0.368
1749258479,0.37020000,918.10000000,0.368
1749258479,0.37030000,678.10000000,0.368
1749258479,0.37040000,657.60000000,0.368
1749258479,0.37050000,3671.50000000,0.368
1749258479,0.37060000,27.60000000,0.368
1749258479,0.37070000,358.20000000,0.368
1749258479,0.37080000,2040.30000000,0.368
1749258479,0.37090000,5743.50000000,0.368
1749258479,0.37100000,783.10000000,0.368
1749258479,0.37110000,172.00000000,0.368
1749258479,0.37120000,27.60000000,0.368
1749258479,0.37130000,3603.40000000,0.368
1749258479,0.37140000,27.50000000,0.368
1749258479,0.37150000,48.00000000,0.368
1749258479,0.37160000,27.50000000,0.368
1749258479,0.37170000,3603.30000000,0.368
1749258479,0.37180000,27.50000000,0.368
1749258479,0.37190000,47.90000000,0.368
1749258479,0.37200000,27.50000000,0.368
1749258479,0.37210000,3603.20000000,0.368
1749258479,0.37220000,27.50000000,0.368
1749258479,0.37230000,1330.60000000,0.368
1749258479,0.37240000,27.50000000,0.368
1749258479,0.37250000,3603.20000000,0.368
1749258479,0.37260000,27.40000000,0.368
1749258479,0.37270000,27.40000000,0.368
1749258479,0.37280000,27.40000000,0.368
1749258479,0.37290000,16944.50000000,0.368
1749258479,0.37300000,2937.80000000,0.368
1749258479,0.37310000,27.40000000,0.368
1749258479,0.37320000,27.40000000,0.368
1749258479,0.37330000,27.40000000,0.368
1749258479,0.37340000,171.50000000,0.368
1749258479,0.37350000,27.40000000,0.368
1749258479,0.37360000,166.90000000,0.368
1749258479,0.37370000,173.20000000,0.368
1749258479,0.37380000,27.40000000,0.368
1749258479,0.37390000,27.30000000,0.368
1749258479,0.37400000,27.30000000,0.368
1749258479,0.37410000,1915.70000000,0.368
1749258479,0.37420000,27.30000000,0.368
1749258479,0.37430000,27.30000000,0.368
1749258479,0.37440000,27.30000000,0.368
1749258479,0.37450000,27.30000000,0.368
1749258479,0.37460000,27.30000000,0.368
1749258479,0.37470000,27.30000000,0.368
1749258479,0.37480000,27.30000000,0.368
1749258479,0.37490000,27.30000000,0.368
1749258479,0.37500000,332.90000000,0.368
1749258479,0.37510000,27.30000000,0.368
1749258479,0.37520000,144.30000000,0.368
1749258479,0.37530000,27.20000000,0.368
1749258479,0.37540000,27.20000000,0.368
1749258479,0.37550000,27.20000000,0.368
1749258479,0.37610000,322.50000000,0.368
1749258479,0.37640000,366.80000000,0.368
1749258479,0.37650000,664.10000000,0.368
1749258479,0.37760000,736.10000000,0.368
1749258479,0.37780000,21.20000000,0.368
1749258479,0.37880000,26764.40000000,0.368
1749258479,0.37890000,3462.20000000,0.368
1749258479,0.37950000,52.70000000,0.368
1749258479,0.38000000,179.50000000,0.368
1749258479,0.38020000,26730.80000000,0.368
1749258479,0.38030000,2707.50000000,0.368
1749258479,0.38080000,656.70000000,0.368
1749258479,0.38090000,31.50000000,0.368
1749258479,0.38120000,57.00000000,0.368
1749258479,0.38150000,26.20000000,0.368
1749258479,0.38270000,220.50000000,0.368
1749258479,0.38370000,14.60000000,0.368
1749258479,0.38460000,2628.40000000,0.368
1749258479,0.38500000,2861.10000000,0.368
1749258479,0.38570000,677.40000000,0.368
1749258479,0.38650000,232.90000000,0.368
1749258479,0.38770000,20.60000000,0.368
1749258479,0.38800000,35.90000000,0.368
1749258479,0.38840000,13.00000000,0.368
1749258840,0.36930000,1428.00000000,0.3692
1749258840,0.36940000,807.70000000,0.3692
1749258840,0.36950000,821.20000000,0.3692
1749258840,0.36960000,2713.10000000,0.3692
1749258840,0.36970000,3880.70000000,0.3692
1749258840,0.36980000,5822.10000000,0.3692
1749258840,0.36990000,7245.30000000,0.3692
1749258840,0.37000000,16323.90000000,0.3692
1749258840,0.37010000,5027.50000000,0.3692
1749258840,0.37020000,2596.70000000,0.3692
1749258840,0.37030000,1447.40000000,0.3692
1749258840,0.37040000,5969.80000000,0.3692
1749258840,0.37050000,7139.80000000,0.3692
1749258840,0.37060000,1406.20000000,0.3692
1749258840,0.37070000,2222.30000000,0.3692
1749258840,0.37080000,1474.20000000,0.3692
1749258840,0.37090000,11114.00000000,0.3692
1749258840,0.37100000,27.60000000,0.3692
1749258840,0.37110000,852.70000000,0.3692
1749258840,0.37120000,850.00000000,0.3692
1749258840,0.37130000,4233.40000000,0.3692
1749258840,0.37140000,95.50000000,0.3692
1749258840,0.37150000,678.00000000,0.3692
1749258840,0.37160000,27.50000000,0.3692
1749258840,0.37170000,4233.30000000,0.3692
1749258840,0.37180000,775.20000000,0.3692
1749258840,0.37190000,47.90000000,0.3692
1749258840,0.37200000,725.50000000,0.3692
1749258840,0.37210000,7150.60000000,0.3692
1749258840,0.37220000,27.50000000,0.3692
1749258840,0.37230000,2622.60000000,0.3692
1749258840,0.37240000,967.60000000,0.3692
1749258840,0.37250000,4233.20000000,0.3692
1749258840,0.37260000,95.40000000,0.3692
1749258840,0.37270000,677.80000000,0.3692
1749258840,0.37280000,27.40000000,0.3692
1749258840,0.37290000,5780.40000000,0.3692
1749258840,0.37300000,27.40000000,0.3692
1749258840,0.37310000,47.80000000,0.3692
1749258840,0.37320000,725.40000000,0.3692
1749258840,0.37330000,3603.10000000,0.3692
1749258840,0.37340000,27.40000000,0.3692
1749258840,0.37350000,27.40000000,0.3692
1749258840,0.37360000,48.80000000,0.3692
1749258840,0.37370000,3606.80000000,0.3692
1749258840,0.37380000,95.40000000,0.3692
1749258840,0.37390000,27.30000000,0.3692
1749258840,0.37400000,27.30000000,0.3692
1749258840,0.37410000,43.30000000,0.3692
1749258840,0.37420000,27.30000000,0.3692
1749258840,0.37430000,27.30000000,0.3692
1749258840,0.37440000,95.20000000,0.3692
1749258840,0.37450000,170.80000000,0.3692
1749258840,0.37460000,27.30000000,0.3692
1749258840,0.37470000,27.30000000,0.3692
1749258840,0.37480000,27.30000000,0.3692
1749258840,0.37490000,145.40000000,0.3692
1749258840,0.37500000,522.40000000,0.3692
1749258840,0.37510000,27.30000000,0.3692
1749258840,0.37520000,27.30000000,0.3692
1749258840,0.37530000,1896.20000000,0.3692
1749258840,0.37540000,27.20000000,0.3692
1749258840,0.37550000,27.20000000,0.3692
1749258840,0.37560000,94.90000000,0.3692
1749258840,0.37570000,27.20000000,0.3692
1749258840,0.37580000,27.20000000,0.3692
1749258840,0.37590000,27.20000000,0.3692
1749258840,0.37600000,27.20000000,0.3692
1749258840,0.37610000,140.40000000,0.3692
1749258840,0.37620000,27.20000000,0.3692
1749258840,0.37630000,27.20000000,0.3692
1749258840,0.37640000,27.20000000,0.3692
1749258840,0.37650000,691.30000000,0.3692
1749258840,0.37660000,144.20000000,0.3692
1749258840,0.37670000,27.20000000,0.3692
1749258840,0.37680000,27.10000000,0.3692
1749258840,0.37760000,18.50000000,0.3692
1749258840,0.37780000,21.20000000,0.3692
1749258840,0.37850000,208.50000000,0.3692
1749258840,0.37860000,1084.40000000,0.3692
1749258840,0.37880000,26.40000000,0.3692
1749258840,0.37950000,52.70000000,0.3692
1749258840,0.38000000,1172.40000000,0.3692
1749258840,0.38030000,18.40000000,0.3692
1749258840,0.38080000,26.30000000,0.3692
1749258840,0.38090000,31.50000000,0.3692
1749258840,0.38120000,66887.60000000,0.3692
1749258840,0.38130000,6105.60000000,0.3692
1749258840,0.38150000,26.20000000,0.3692
1749258840,0.38180000,630.40000000,0.3692
1749258840,0.38370000,14.60000000,0.3692
1749258840,0.38390000,220.50000000,0.3692
1749258840,0.38500000,2861.10000000,0.3692
1749258840,0.38560000,2628.40000000,0.3692
1749258840,0.38650000,232.90000000,0.3692
1749258840,0.38670000,677.40000000,0.3692
1749258840,0.38770000,20.60000000,0.3692
1749258840,0.38800000,35.90000000,0.3692
1749258840,0.38840000,13.00000000,0.3692
1749258840,0.38880000,15.40000000,0.3692
1749259146,0.36790000,27.20000000,0.3679
1749259146,0.36800000,3602.90000000,0.3679
1749259146,0.36810000,1650.50000000,0.3679
1749259146,0.36820000,4449.00000000,0.3679
1749259146,0.36830000,7833.10000000,0.3679
1749259146,0.36840000,8911.50000000,0.3679
1749259146,0.36850000,18183.90000000,0.3679
1749259146,0.36860000,7976.60000000,0.3679
1749259146,0.36870000,1972.50000000,0.3679
1749259146,0.36880000,1429.40000000,0.3679
1749259146,0.36890000,5074.60000000,0.3679
1749259146,0.36900000,745.40000000,0.3679
1749259146,0.36910000,1429.10000000,0.3679
1749259146,0.36920000,4404.80000000,0.3679
1749259146,0.36930000,1428.90000000,0.3679
1749259146,0.36940000,4199.20000000,0.3679
1749259146,0.36950000,4422.20000000,0.3679
1749259146,0.36960000,1536.30000000,0.3679
1749259146,0.36970000,678.30000000,0.3679
1749259146,0.36980000,4213.00000000,0.3679
1749259146,0.36990000,5652.80000000,0.3679
1749259146,0.37000000,7712.50000000,0.3679
1749259146,0.37010000,4233.40000000,0.3679
1749259146,0.37020000,95.60000000,0.3679
1749259146,0.37030000,678.10000000,0.3679
1749259146,0.37040000,27.60000000,0.3679
1749259146,0.37050000,5351.10000000,0.3679
1749259146,0.37060000,3348.40000000,0.3679
1749259146,0.37070000,48.10000000,0.3679
1749259146,0.37080000,95.60000000,0.3679
1749259146,0.37090000,4233.40000000,0.3679
1749259146,0.37100000,27.60000000,0.3679
1749259146,0.37110000,104.10000000,0.3679
1749259146,0.37120000,657.60000000,0.3679
1749259146,0.37130000,4233.40000000,0.3679
1749259146,0.37140000,95.50000000,0.3679
1749259146,0.37150000,48.00000000,0.3679
1749259146,0.37160000,27.50000000,0.3679
1749259146,0.37170000,3603.30000000,0.3679
1749259146,0.37180000,27.50000000,0.3679
1749259146,0.37190000,47.90000000,0.3679
1749259146,0.37200000,95.50000000,0.3679
1749259146,0.37210000,3603.20000000,0.3679
1749259146,0.37220000,27.50000000,0.3679
1749259146,0.37230000,47.90000000,0.3679
1749259146,0.37240000,13389.30000000,0.3679
1749259146,0.37250000,3603.20000000,0.3679
1749259146,0.37260000,239.80000000,0.3679
1749259146,0.37270000,47.80000000,0.3679
1749259146,0.37280000,145.50000000,0.3679
1749259146,0.37290000,5150.40000000,0.3679
1749259146,0.37300000,149.10000000,0.3679
1749259146,0.37310000,47.80000000,0.3679
1749259146,0.37320000,95.40000000,0.3679
1749259146,0.37330000,3603.10000000,0.3679
1749259146,0.37340000,27.40000000,0.3679
1749259146,0.37350000,27.40000000,0.3679
1749259146,0.37360000,48.80000000,0.3679
1749259146,0.37370000,3606.80000000,0.3679
1749259146,0.37380000,95.50000000,0.3679
1749259146,0.37390000,27.30000000,0.3679
1749259146,0.37400000,27.30000000,0.3679
1749259146,0.37410000,1897.60000000,0.3679
1749259146,0.37420000,144.30000000,0.3679
1749259146,0.37430000,27.30000000,0.3679
1749259146,0.37440000,95.20000000,0.3679
1749259146,0.37450000,27.30000000,0.3679
1749259146,0.37460000,27.30000000,0.3679
1749259146,0.37470000,27.30000000,0.3679
1749259146,0.37480000,27.30000000,0.3679
1749259146,0.37490000,27.30000000,0.3679
1749259146,0.37500000,332.90000000,0.3679
1749259146,0.37510000,350.30000000,0.3679
1749259146,0.37520000,27.30000000,0.3679
1749259146,0.37530000,27.20000000,0.3679
1749259146,0.37540000,27.20000000,0.3679
1749259146,0.37650000,1381.70000000,0.3679
1749259146,0.37760000,18.50000000,0.3679
1749259146,0.37780000,21.20000000,0.3679
1749259146,0.37880000,26.40000000,0.3679
1749259146,0.37930000,2689.10000000,0.3679
1749259146,0.37950000,52.70000000,0.3679
1749259146,0.37980000,630.40000000,0.3679
1749259146,0.38000000,1172.40000000,0.3679
1749259146,0.38010000,366.90000000,0.3679
1749259146,0.38020000,53468.80000000,0.3679
1749259146,0.38030000,18.40000000,0.3679
1749259146,0.38080000,26.30000000,0.3679
1749259146,0.38090000,31.50000000,0.3679
1749259146,0.38120000,57.00000000,0.3679
1749259146,0.38130000,3416.50000000,0.3679
1749259146,0.38150000,26.20000000,0.3679
1749259146,0.38230000,220.50000000,0.3679
1749259146,0.38350000,2628.40000000,0.3679
1749259146,0.38370000,14.60000000,0.3679
1749259146,0.38500000,2861.10000000,0.3679
1749259146,0.38570000,677.40000000,0.3679
1749259146,0.38650000,232.90000000,0.3679
1749259146,0.38750000,2517.90000000,0.3679
1749259146,0.38770000,20.60000000,0.3679
