timestamp,price,volume,current_price
1749254744,0.36090000,934.20000000,0.3608
1749254744,0.36100000,1691.00000000,0.3608
1749254744,0.36110000,1111.40000000,0.3608
1749254744,0.36120000,4139.70000000,0.3608
1749254744,0.36130000,14860.50000000,0.3608
1749254744,0.36140000,19859.30000000,0.3608
1749254744,0.36150000,9395.10000000,0.3608
1749254744,0.36160000,7811.30000000,0.3608
1749254744,0.36170000,5967.90000000,0.3608
1749254744,0.36180000,2351.00000000,0.3608
1749254744,0.36190000,6987.00000000,0.3608
1749254744,0.36200000,1441.60000000,0.3608
1749254744,0.36210000,1549.60000000,0.3608
1749254744,0.36220000,1634.10000000,0.3608
1749254744,0.36230000,5530.70000000,0.3608
1749254744,0.36240000,919.20000000,0.3608
1749254744,0.36250000,1444.30000000,0.3608
1749254744,0.36260000,8679.50000000,0.3608
1749254744,0.36270000,3698.60000000,0.3608
1749254744,0.36280000,27.60000000,0.3608
1749254744,0.36290000,1443.30000000,0.3608
1749254744,0.36300000,4282.20000000,0.3608
1749254744,0.36310000,678.30000000,0.3608
1749254744,0.36320000,27.60000000,0.3608
1749254744,0.36330000,117.60000000,0.3608
1749254744,0.36340000,3893.00000000,0.3608
1749254744,0.36350000,48.30000000,0.3608
1749254744,0.36360000,96.90000000,0.3608
1749254744,0.36370000,4353.90000000,0.3608
1749254744,0.36380000,3029.60000000,0.3608
1749254744,0.36390000,48.20000000,0.3608
1749254744,0.36400000,1408.90000000,0.3608
1749254744,0.36410000,3603.50000000,0.3608
1749254744,0.36420000,83.50000000,0.3608
1749254744,0.36430000,48.20000000,0.3608
1749254744,0.36440000,27.50000000,0.3608
1749254744,0.36450000,5548.20000000,0.3608
1749254744,0.36460000,27.50000000,0.3608
1749254744,0.36470000,48.20000000,0.3608
1749254744,0.36480000,27.50000000,0.3608
1749254744,0.36490000,3603.50000000,0.3608
1749254744,0.36500000,93.00000000,0.3608
1749254744,0.36510000,48.20000000,0.3608
1749254744,0.36520000,27.50000000,0.3608
1749254744,0.36530000,48.20000000,0.3608
1749254744,0.36540000,27.50000000,0.3608
1749254744,0.36550000,198.00000000,0.3608
1749254744,0.36560000,27.50000000,0.3608
1749254744,0.36570000,48.20000000,0.3608
1749254744,0.36580000,27.50000000,0.3608
1749254744,0.36590000,48.20000000,0.3608
1749254744,0.36600000,27.50000000,0.3608
1749254744,0.36610000,48.20000000,0.3608
1749254744,0.36620000,27.50000000,0.3608
1749254744,0.36630000,48.20000000,0.3608
1749254744,0.36640000,145.60000000,0.3608
1749254744,0.36650000,48.20000000,0.3608
1749254744,0.36660000,149.20000000,0.3608
1749254744,0.36670000,48.20000000,0.3608
1749254744,0.36680000,27.50000000,0.3608
1749254744,0.36690000,1903.60000000,0.3608
1749254744,0.36700000,27.50000000,0.3608
1749254744,0.36710000,27.50000000,0.3608
1749254744,0.36720000,27.50000000,0.3608
1749254744,0.36730000,27.90000000,0.3608
1749254744,0.36740000,27.80000000,0.3608
1749254744,0.36750000,27.80000000,0.3608
1749254744,0.36760000,27.80000000,0.3608
1749254744,0.36770000,27.80000000,0.3608
1749254744,0.36780000,27.80000000,0.3608
1749254744,0.36790000,27.80000000,0.3608
1749254744,0.36800000,27.80000000,0.3608
1749254744,0.36810000,27.80000000,0.3608
1749254744,0.36820000,27.80000000,0.3608
1749254744,0.36830000,27.80000000,0.3608
1749254744,0.36840000,27.80000000,0.3608
1749254744,0.36900000,117.00000000,0.3608
1749254744,0.36910000,113.20000000,0.3608
1749254744,0.36960000,202.40000000,0.3608
1749254744,0.36970000,366.90000000,0.3608
1749254744,0.36980000,13361.80000000,0.3608
1749254744,0.36990000,26738.00000000,0.3608
1749254744,0.37000000,11573.80000000,0.3608
1749254744,0.37080000,717.60000000,0.3608
1749254744,0.37170000,1137.00000000,0.3608
1749254744,0.37280000,26730.80000000,0.3608
1749254744,0.37290000,3439.50000000,0.3608
1749254744,0.37350000,2689.10000000,0.3608
1749254744,0.37360000,21.40000000,0.3608
1749254744,0.37370000,24.10000000,0.3608
1749254744,0.37390000,630.40000000,0.3608
1749254744,0.37410000,16.00000000,0.3608
1749254744,0.37500000,526.10000000,0.3608
1749254744,0.37650000,664.10000000,0.3608
1749254744,0.37760000,18.50000000,0.3608
1749254744,0.37770000,2628.40000000,0.3608
1749254744,0.37780000,21.20000000,0.3608
1749254744,0.37880000,26.40000000,0.3608
1749254744,0.37950000,52.70000000,0.3608
1749254744,0.37970000,677.40000000,0.3608
1749255074,0.36000000,700.10000000,0.36
1749255074,0.36010000,1416.80000000,0.36
1749255074,0.36020000,4313.70000000,0.36
1749255074,0.36030000,8844.00000000,0.36
1749255074,0.36040000,8451.70000000,0.36
1749255074,0.36050000,6319.20000000,0.36
1749255074,0.36060000,17875.60000000,0.36
1749255074,0.36070000,22585.00000000,0.36
1749255074,0.36080000,6772.30000000,0.36
1749255074,0.36090000,1534.50000000,0.36
1749255074,0.36100000,5812.30000000,0.36
1749255074,0.36110000,6007.40000000,0.36
1749255074,0.36120000,1512.60000000,0.36
1749255074,0.36130000,7099.30000000,0.36
1749255074,0.36140000,1438.70000000,0.36
1749255074,0.36150000,1532.60000000,0.36
1749255074,0.36160000,7811.30000000,0.36
1749255074,0.36170000,1653.20000000,0.36
1749255074,0.36180000,1511.60000000,0.36
1749255074,0.36190000,5039.20000000,0.36
1749255074,0.36200000,4404.70000000,0.36
1749255074,0.36210000,928.70000000,0.36
1749255074,0.36220000,27.70000000,0.36
1749255074,0.36230000,4879.90000000,0.36
1749255074,0.36240000,289.30000000,0.36
1749255074,0.36250000,48.40000000,0.36
1749255074,0.36260000,3582.90000000,0.36
1749255074,0.36270000,2257.70000000,0.36
1749255074,0.36280000,27.60000000,0.36
1749255074,0.36290000,48.30000000,0.36
1749255074,0.36300000,3652.20000000,0.36
1749255074,0.36310000,803.00000000,0.36
1749255074,0.36320000,27.60000000,0.36
1749255074,0.36330000,117.70000000,0.36
1749255074,0.36340000,3893.00000000,0.36
1749255074,0.36350000,48.30000000,0.36
1749255074,0.36360000,27.60000000,0.36
1749255074,0.36370000,3603.60000000,0.36
1749255074,0.36380000,3029.60000000,0.36
1749255074,0.36390000,48.20000000,0.36
1749255074,0.36400000,1408.90000000,0.36
1749255074,0.36410000,3603.50000000,0.36
1749255074,0.36420000,83.50000000,0.36
1749255074,0.36430000,48.20000000,0.36
1749255074,0.36440000,27.50000000,0.36
1749255074,0.36450000,5548.20000000,0.36
1749255074,0.36460000,27.50000000,0.36
1749255074,0.36470000,48.20000000,0.36
1749255074,0.36480000,13389.30000000,0.36
1749255074,0.36490000,3603.50000000,0.36
1749255074,0.36500000,93.00000000,0.36
1749255074,0.36510000,48.20000000,0.36
1749255074,0.36520000,27.50000000,0.36
1749255074,0.36530000,48.20000000,0.36
1749255074,0.36540000,177.40000000,0.36
1749255074,0.36550000,48.20000000,0.36
1749255074,0.36560000,149.20000000,0.36
1749255074,0.36570000,48.20000000,0.36
1749255074,0.36580000,27.50000000,0.36
1749255074,0.36590000,48.20000000,0.36
1749255074,0.36600000,27.50000000,0.36
1749255074,0.36610000,48.20000000,0.36
1749255074,0.36620000,27.50000000,0.36
1749255074,0.36630000,48.20000000,0.36
1749255074,0.36640000,145.60000000,0.36
1749255074,0.36650000,48.20000000,0.36
1749255074,0.36660000,27.50000000,0.36
1749255074,0.36670000,48.20000000,0.36
1749255074,0.36680000,27.50000000,0.36
1749255074,0.36690000,1903.60000000,0.36
1749255074,0.36700000,27.50000000,0.36
1749255074,0.36710000,27.50000000,0.36
1749255074,0.36720000,27.50000000,0.36
1749255074,0.36730000,27.90000000,0.36
1749255074,0.36740000,27.80000000,0.36
1749255074,0.36750000,27.80000000,0.36
1749255074,0.36790000,202.70000000,0.36
1749255074,0.36800000,230.20000000,0.36
1749255074,0.36970000,366.90000000,0.36
1749255074,0.36990000,26738.00000000,0.36
1749255074,0.37000000,11573.80000000,0.36
1749255074,0.37080000,717.60000000,0.36
1749255074,0.37170000,1137.00000000,0.36
1749255074,0.37280000,26730.80000000,0.36
1749255074,0.37290000,3439.50000000,0.36
1749255074,0.37350000,2689.10000000,0.36
1749255074,0.37360000,21.40000000,0.36
1749255074,0.37370000,24.10000000,0.36
1749255074,0.37390000,630.40000000,0.36
1749255074,0.37410000,16.00000000,0.36
1749255074,0.37450000,220.50000000,0.36
1749255074,0.37500000,305.60000000,0.36
1749255074,0.37650000,664.10000000,0.36
1749255074,0.37760000,18.50000000,0.36
1749255074,0.37770000,2628.40000000,0.36
1749255074,0.37780000,21.20000000,0.36
1749255074,0.37880000,26.40000000,0.36
1749255074,0.37950000,52.70000000,0.36
1749255074,0.37970000,677.40000000,0.36
1749255074,0.38000000,179.50000000,0.36
