timestamp,price,volume,current_price
1749260718,0.63450000,24.50000000,0.6344
1749260718,0.63460000,2752.90000000,0.6344
1749260718,0.63470000,4721.80000000,0.6344
1749260718,0.63480000,8714.60000000,0.6344
1749260718,0.63490000,7691.80000000,0.6344
1749260718,0.63500000,19156.10000000,0.6344
1749260718,0.63510000,21413.10000000,0.6344
1749260718,0.63520000,30474.20000000,0.6344
1749260718,0.63530000,17123.70000000,0.6344
1749260718,0.63540000,11256.90000000,0.6344
1749260718,0.63550000,6689.00000000,0.6344
1749260718,0.63560000,7129.00000000,0.6344
1749260718,0.63570000,9798.40000000,0.6344
1749260718,0.63580000,5966.20000000,0.6344
1749260718,0.63590000,16637.80000000,0.6344
1749260718,0.63600000,7493.50000000,0.6344
1749260718,0.63610000,8197.60000000,0.6344
1749260718,0.63620000,4488.60000000,0.6344
1749260718,0.63630000,8228.20000000,0.6344
1749260718,0.63640000,7950.50000000,0.6344
1749260718,0.63650000,5456.80000000,0.6344
1749260718,0.63660000,10345.40000000,0.6344
1749260718,0.63670000,15.80000000,0.6344
1749260718,0.63680000,15682.50000000,0.6344
1749260718,0.63690000,11778.70000000,0.6344
1749260718,0.63700000,49104.50000000,0.6344
1749260718,0.63710000,6401.50000000,0.6344
1749260718,0.63720000,1334.30000000,0.6344
1749260718,0.63730000,3367.40000000,0.6344
1749260718,0.63740000,4651.20000000,0.6344
1749260718,0.63750000,4013.10000000,0.6344
1749260718,0.63760000,2276.00000000,0.6344
1749260718,0.63770000,3317.30000000,0.6344
1749260718,0.63780000,4120.00000000,0.6344
1749260718,0.63790000,10861.60000000,0.6344
1749260718,0.63800000,1449.70000000,0.6344
1749260718,0.63810000,2542.50000000,0.6344
1749260718,0.63820000,15.90000000,0.6344
1749260718,0.63830000,3033.20000000,0.6344
1749260718,0.63840000,5601.90000000,0.6344
1749260718,0.63850000,15.90000000,0.6344
1749260718,0.63860000,50.10000000,0.6344
1749260718,0.63870000,1688.50000000,0.6344
1749260718,0.63880000,45.60000000,0.6344
1749260718,0.63890000,3186.10000000,0.6344
1749260718,0.63900000,24.60000000,0.6344
1749260718,0.63910000,15.90000000,0.6344
1749260718,0.63920000,27.80000000,0.6344
1749260718,0.63930000,1437.10000000,0.6344
1749260718,0.63940000,3174.20000000,0.6344
1749260718,0.63950000,35.90000000,0.6344
1749260718,0.63960000,24.50000000,0.6344
1749260718,0.63970000,1437.10000000,0.6344
1749260718,0.63980000,19531.40000000,0.6344
1749260718,0.63990000,527.10000000,0.6344
1749260718,0.64000000,8246.40000000,0.6344
1749260718,0.64010000,1449.00000000,0.6344
1749260718,0.64020000,1101.40000000,0.6344
1749260718,0.64030000,146.30000000,0.6344
1749260718,0.64040000,27.80000000,0.6344
1749260718,0.64050000,5390.00000000,0.6344
1749260718,0.64060000,15.90000000,0.6344
1749260718,0.64070000,1466.70000000,0.6344
1749260718,0.64080000,15.80000000,0.6344
1749260718,0.64090000,1453.10000000,0.6344
1749260718,0.64100000,27.70000000,0.6344
1749260718,0.64110000,15.80000000,0.6344
1749260718,0.64120000,57.10000000,0.6344
1749260718,0.64130000,5381.90000000,0.6344
1749260718,0.64140000,38.10000000,0.6344
1749260718,0.64150000,1393.10000000,0.6344
1749260718,0.64160000,27.70000000,0.6344
1749260718,0.64170000,15.80000000,0.6344
1749260718,0.64180000,44.40000000,0.6344
1749260718,0.64190000,1489.80000000,0.6344
1749260718,0.64200000,93.60000000,0.6344
1749260718,0.64210000,1421.20000000,0.6344
1749260718,0.64220000,11.80000000,0.6344
1749260718,0.64250000,11.80000000,0.6344
1749260718,0.64260000,63.20000000,0.6344
1749260718,0.64280000,1433.00000000,0.6344
1749260718,0.64300000,1421.20000000,0.6344
1749260718,0.64310000,11.80000000,0.6344
1749260718,0.64340000,11.80000000,0.6344
1749260718,0.64360000,1429.30000000,0.6344
1749260718,0.64370000,11.80000000,0.6344
1749260718,0.64400000,145.00000000,0.6344
1749260718,0.64420000,41.30000000,0.6344
1749260718,0.64430000,32.30000000,0.6344
1749260718,0.64440000,1421.20000000,0.6344
1749260718,0.64450000,132.60000000,0.6344
1749260718,0.64480000,18.80000000,0.6344
1749260718,0.64490000,29.10000000,0.6344
1749260718,0.64500000,30.40000000,0.6344
1749260718,0.64590000,35.00000000,0.6344
1749260718,0.64600000,78.40000000,0.6344
1749260718,0.64630000,8.00000000,0.6344
1749260718,0.64660000,36.70000000,0.6344
1749260718,0.64690000,185.40000000,0.6344
1749260718,0.64710000,83.30000000,0.6344
1749261038,0.63420000,41.70000000,0.6341
1749261038,0.63430000,36.40000000,0.6341
1749261038,0.63440000,1889.50000000,0.6341
1749261038,0.63450000,4220.40000000,0.6341
1749261038,0.63460000,3223.80000000,0.6341
1749261038,0.63470000,5796.40000000,0.6341
1749261038,0.63480000,10469.60000000,0.6341
1749261038,0.63490000,8093.80000000,0.6341
1749261038,0.63500000,11614.80000000,0.6341
1749261038,0.63510000,8291.70000000,0.6341
1749261038,0.63520000,19852.60000000,0.6341
1749261038,0.63530000,28954.80000000,0.6341
1749261038,0.63540000,14639.90000000,0.6341
1749261038,0.63550000,9330.30000000,0.6341
1749261038,0.63560000,8751.40000000,0.6341
1749261038,0.63570000,24494.40000000,0.6341
1749261038,0.63580000,16833.10000000,0.6341
1749261038,0.63590000,13407.60000000,0.6341
1749261038,0.63600000,3383.20000000,0.6341
1749261038,0.63610000,6204.30000000,0.6341
1749261038,0.63620000,396.30000000,0.6341
1749261038,0.63630000,3362.70000000,0.6341
1749261038,0.63640000,9002.60000000,0.6341
1749261038,0.63650000,13306.80000000,0.6341
1749261038,0.63660000,9538.40000000,0.6341
1749261038,0.63670000,375.80000000,0.6341
1749261038,0.63680000,4475.20000000,0.6341
1749261038,0.63690000,3534.10000000,0.6341
1749261038,0.63700000,19366.40000000,0.6341
1749261038,0.63710000,10940.00000000,0.6341
1749261038,0.63720000,657.10000000,0.6341
1749261038,0.63730000,3367.40000000,0.6341
1749261038,0.63740000,16885.50000000,0.6341
1749261038,0.63750000,3369.20000000,0.6341
1749261038,0.63760000,2636.00000000,0.6341
1749261038,0.63770000,3677.30000000,0.6341
1749261038,0.63780000,11815.10000000,0.6341
1749261038,0.63790000,15752.40000000,0.6341
1749261038,0.63800000,4434.80000000,0.6341
1749261038,0.63810000,3115.10000000,0.6341
1749261038,0.63820000,15.90000000,0.6341
1749261038,0.63830000,3033.20000000,0.6341
1749261038,0.63840000,7073.50000000,0.6341
1749261038,0.63850000,4487.70000000,0.6341
1749261038,0.63860000,3011.40000000,0.6341
1749261038,0.63870000,1688.50000000,0.6341
1749261038,0.63880000,3033.50000000,0.6341
1749261038,0.63890000,5241.30000000,0.6341
1749261038,0.63900000,24.60000000,0.6341
1749261038,0.63910000,15.90000000,0.6341
1749261038,0.63920000,27.80000000,0.6341
1749261038,0.63930000,1437.10000000,0.6341
1749261038,0.63940000,4279.60000000,0.6341
1749261038,0.63950000,35.90000000,0.6341
1749261038,0.63960000,24.50000000,0.6341
1749261038,0.63970000,1437.10000000,0.6341
1749261038,0.63980000,19531.40000000,0.6341
1749261038,0.63990000,1632.50000000,0.6341
1749261038,0.64000000,678.60000000,0.6341
1749261038,0.64010000,9011.10000000,0.6341
1749261038,0.64020000,24.50000000,0.6341
1749261038,0.64030000,146.30000000,0.6341
1749261038,0.64040000,1133.20000000,0.6341
1749261038,0.64050000,5390.00000000,0.6341
1749261038,0.64060000,15.90000000,0.6341
1749261038,0.64070000,4625.00000000,0.6341
1749261038,0.64080000,24.40000000,0.6341
1749261038,0.64090000,1453.10000000,0.6341
1749261038,0.64100000,27.70000000,0.6341
1749261038,0.64110000,15.80000000,0.6341
1749261038,0.64120000,57.10000000,0.6341
1749261038,0.64130000,1448.90000000,0.6341
1749261038,0.64140000,15.80000000,0.6341
1749261038,0.64150000,1393.10000000,0.6341
1749261038,0.64160000,4239.30000000,0.6341
1749261038,0.64170000,15.80000000,0.6341
1749261038,0.64180000,28.60000000,0.6341
1749261038,0.64190000,1474.00000000,0.6341
1749261038,0.64200000,77.80000000,0.6341
1749261038,0.64210000,5354.20000000,0.6341
1749261038,0.64220000,11.80000000,0.6341
1749261038,0.64250000,11.80000000,0.6341
1749261038,0.64260000,63.20000000,0.6341
1749261038,0.64280000,1433.00000000,0.6341
1749261038,0.64300000,1421.20000000,0.6341
1749261038,0.64310000,11.80000000,0.6341
1749261038,0.64340000,11.80000000,0.6341
1749261038,0.64360000,1429.30000000,0.6341
1749261038,0.64370000,11.80000000,0.6341
1749261038,0.64400000,145.00000000,0.6341
1749261038,0.64420000,41.30000000,0.6341
1749261038,0.64430000,10.00000000,0.6341
1749261038,0.64440000,1421.20000000,0.6341
1749261038,0.64450000,132.60000000,0.6341
1749261038,0.64480000,18.80000000,0.6341
1749261038,0.64490000,29.10000000,0.6341
1749261038,0.64500000,30.40000000,0.6341
1749261038,0.64590000,35.00000000,0.6341
1749261038,0.64600000,78.40000000,0.6341
1749261038,0.64630000,8.00000000,0.6341
1749261343,0.63530000,384.50000000,0.6353
1749261343,0.63540000,1969.40000000,0.6353
1749261343,0.63550000,3795.30000000,0.6353
1749261343,0.63560000,5517.10000000,0.6353
1749261343,0.63570000,1612.10000000,0.6353
1749261343,0.63580000,5063.90000000,0.6353
1749261343,0.63590000,20012.00000000,0.6353
1749261343,0.63600000,10302.40000000,0.6353
1749261343,0.63610000,8097.50000000,0.6353
1749261343,0.63620000,26594.20000000,0.6353
1749261343,0.63630000,8871.30000000,0.6353
1749261343,0.63640000,8311.20000000,0.6353
1749261343,0.63650000,11650.00000000,0.6353
1749261343,0.63660000,18199.80000000,0.6353
1749261343,0.63670000,14804.20000000,0.6353
1749261343,0.63680000,13786.70000000,0.6353
1749261343,0.63690000,11438.80000000,0.6353
1749261343,0.63700000,5798.80000000,0.6353
1749261343,0.63710000,8435.80000000,0.6353
1749261343,0.63720000,1458.20000000,0.6353
1749261343,0.63730000,3360.30000000,0.6353
1749261343,0.63740000,16454.40000000,0.6353
1749261343,0.63750000,375.70000000,0.6353
1749261343,0.63760000,7841.00000000,0.6353
1749261343,0.63770000,7528.70000000,0.6353
1749261343,0.63780000,23729.30000000,0.6353
1749261343,0.63790000,3534.00000000,0.6353
1749261343,0.63800000,4794.80000000,0.6353
1749261343,0.63810000,19135.70000000,0.6353
1749261343,0.63820000,5667.10000000,0.6353
1749261343,0.63830000,3377.60000000,0.6353
1749261343,0.63840000,7622.00000000,0.6353
1749261343,0.63850000,4847.70000000,0.6353
1749261343,0.63860000,3371.40000000,0.6353
1749261343,0.63870000,2048.50000000,0.6353
1749261343,0.63880000,1244.70000000,0.6353
1749261343,0.63890000,16279.10000000,0.6353
1749261343,0.63900000,24.60000000,0.6353
1749261343,0.63910000,3002.80000000,0.6353
1749261343,0.63920000,3012.90000000,0.6353
1749261343,0.63930000,1437.10000000,0.6353
1749261343,0.63940000,4279.60000000,0.6353
1749261343,0.63950000,35.90000000,0.6353
1749261343,0.63960000,24.50000000,0.6353
1749261343,0.63970000,1437.10000000,0.6353
1749261343,0.63980000,4132.60000000,0.6353
1749261343,0.63990000,1632.50000000,0.6353
1749261343,0.64000000,678.60000000,0.6353
1749261343,0.64010000,1449.00000000,0.6353
1749261343,0.64020000,24.50000000,0.6353
1749261343,0.64030000,146.30000000,0.6353
1749261343,0.64040000,1133.20000000,0.6353
1749261343,0.64050000,5390.00000000,0.6353
1749261343,0.64060000,15.90000000,0.6353
1749261343,0.64070000,4625.00000000,0.6353
1749261343,0.64080000,15423.20000000,0.6353
1749261343,0.64090000,9010.10000000,0.6353
1749261343,0.64100000,27.70000000,0.6353
1749261343,0.64110000,15.80000000,0.6353
1749261343,0.64120000,57.10000000,0.6353
1749261343,0.64130000,1448.90000000,0.6353
1749261343,0.64140000,15.80000000,0.6353
1749261343,0.64150000,1393.10000000,0.6353
1749261343,0.64160000,4239.30000000,0.6353
1749261343,0.64170000,15.80000000,0.6353
1749261343,0.64180000,44.40000000,0.6353
1749261343,0.64190000,1489.80000000,0.6353
1749261343,0.64200000,93.60000000,0.6353
1749261343,0.64210000,5370.00000000,0.6353
1749261343,0.64220000,27.60000000,0.6353
1749261343,0.64230000,15.80000000,0.6353
1749261343,0.64240000,15.80000000,0.6353
1749261343,0.64250000,27.60000000,0.6353
1749261343,0.64260000,79.00000000,0.6353
1749261343,0.64270000,15.80000000,0.6353
1749261343,0.64280000,1448.80000000,0.6353
1749261343,0.64300000,1421.20000000,0.6353
1749261343,0.64310000,11.80000000,0.6353
1749261343,0.64340000,11.80000000,0.6353
1749261343,0.64360000,1429.30000000,0.6353
1749261343,0.64370000,11.80000000,0.6353
1749261343,0.64400000,145.00000000,0.6353
1749261343,0.64420000,41.30000000,0.6353
1749261343,0.64430000,10.00000000,0.6353
1749261343,0.64440000,1421.20000000,0.6353
1749261343,0.64450000,132.60000000,0.6353
1749261343,0.64480000,18.80000000,0.6353
1749261343,0.64490000,29.10000000,0.6353
1749261343,0.64500000,30.40000000,0.6353
1749261343,0.64590000,35.00000000,0.6353
1749261343,0.64600000,78.40000000,0.6353
1749261343,0.64630000,8.00000000,0.6353
1749261343,0.64660000,36.70000000,0.6353
1749261343,0.64690000,185.40000000,0.6353
1749261343,0.64710000,61.00000000,0.6353
1749261343,0.64740000,33.00000000,0.6353
1749261343,0.64750000,12.60000000,0.6353
1749261343,0.64770000,117.80000000,0.6353
1749261343,0.64820000,1937.20000000,0.6353
1749261343,0.64900000,4894.90000000,0.6353
1749261645,0.63480000,530.80000000,0.6347
1749261645,0.63490000,1419.50000000,0.6347
1749261645,0.63500000,6088.00000000,0.6347
1749261645,0.63510000,5861.00000000,0.6347
1749261645,0.63520000,2530.70000000,0.6347
1749261645,0.63530000,3253.80000000,0.6347
1749261645,0.63540000,3795.40000000,0.6347
1749261645,0.63550000,4098.50000000,0.6347
1749261645,0.63560000,2624.70000000,0.6347
1749261645,0.63570000,6191.60000000,0.6347
1749261645,0.63580000,19062.00000000,0.6347
1749261645,0.63590000,18484.70000000,0.6347
1749261645,0.63600000,16622.50000000,0.6347
1749261645,0.63610000,19724.50000000,0.6347
1749261645,0.63620000,10642.30000000,0.6347
1749261645,0.63630000,9772.20000000,0.6347
1749261645,0.63640000,14689.60000000,0.6347
1749261645,0.63650000,4781.40000000,0.6347
1749261645,0.63660000,25554.70000000,0.6347
1749261645,0.63670000,17638.00000000,0.6347
1749261645,0.63680000,16728.60000000,0.6347
1749261645,0.63690000,13083.70000000,0.6347
1749261645,0.63700000,2097.40000000,0.6347
1749261645,0.63710000,493.10000000,0.6347
1749261645,0.63720000,4472.60000000,0.6347
1749261645,0.63730000,375.70000000,0.6347
1749261645,0.63740000,16538.30000000,0.6347
1749261645,0.63750000,2902.30000000,0.6347
1749261645,0.63760000,11190.30000000,0.6347
1749261645,0.63770000,387.50000000,0.6347
1749261645,0.63780000,17284.60000000,0.6347
1749261645,0.63790000,3534.00000000,0.6347
1749261645,0.63800000,5575.70000000,0.6347
1749261645,0.63810000,2902.50000000,0.6347
1749261645,0.63820000,15.90000000,0.6347
1749261645,0.63830000,3790.40000000,0.6347
1749261645,0.63840000,13104.00000000,0.6347
1749261645,0.63850000,2813.90000000,0.6347
1749261645,0.63860000,8691.70000000,0.6347
1749261645,0.63870000,4417.00000000,0.6347
1749261645,0.63880000,3026.00000000,0.6347
1749261645,0.63890000,12551.70000000,0.6347
1749261645,0.63900000,1296.90000000,0.6347
1749261645,0.63910000,2994.40000000,0.6347
1749261645,0.63920000,3793.90000000,0.6347
1749261645,0.63930000,1437.10000000,0.6347
1749261645,0.63940000,7260.00000000,0.6347
1749261645,0.63950000,35.90000000,0.6347
1749261645,0.63960000,24.50000000,0.6347
1749261645,0.63970000,4417.50000000,0.6347
1749261645,0.63980000,7113.00000000,0.6347
1749261645,0.63990000,1632.50000000,0.6347
1749261645,0.64000000,678.60000000,0.6347
1749261645,0.64010000,1449.00000000,0.6347
1749261645,0.64020000,24.50000000,0.6347
1749261645,0.64030000,146.30000000,0.6347
1749261645,0.64040000,1133.20000000,0.6347
1749261645,0.64050000,630.60000000,0.6347
1749261645,0.64060000,15.90000000,0.6347
1749261645,0.64070000,4625.00000000,0.6347
1749261645,0.64080000,15423.20000000,0.6347
1749261645,0.64090000,10116.00000000,0.6347
1749261645,0.64100000,27.70000000,0.6347
1749261645,0.64110000,15.80000000,0.6347
1749261645,0.64120000,57.10000000,0.6347
1749261645,0.64130000,1700.30000000,0.6347
1749261645,0.64140000,1129.80000000,0.6347
1749261645,0.64150000,1393.10000000,0.6347
1749261645,0.64160000,3186.00000000,0.6347
1749261645,0.64170000,1069.40000000,0.6347
1749261645,0.64180000,1149.80000000,0.6347
1749261645,0.64190000,1489.80000000,0.6347
1749261645,0.64200000,93.60000000,0.6347
1749261645,0.64210000,1437.00000000,0.6347
1749261645,0.64220000,27.60000000,0.6347
1749261645,0.64230000,1121.20000000,0.6347
1749261645,0.64250000,3170.10000000,0.6347
1749261645,0.64260000,63.20000000,0.6347
1749261645,0.64280000,6192.40000000,0.6347
1749261645,0.64290000,3933.00000000,0.6347
1749261645,0.64300000,1421.20000000,0.6347
1749261645,0.64310000,11.80000000,0.6347
1749261645,0.64340000,3170.10000000,0.6347
1749261645,0.64360000,1429.30000000,0.6347
1749261645,0.64370000,11.80000000,0.6347
1749261645,0.64400000,145.00000000,0.6347
1749261645,0.64420000,41.30000000,0.6347
1749261645,0.64430000,10.00000000,0.6347
1749261645,0.64440000,1421.20000000,0.6347
1749261645,0.64450000,132.60000000,0.6347
1749261645,0.64480000,18.80000000,0.6347
1749261645,0.64490000,29.10000000,0.6347
1749261645,0.64500000,30.40000000,0.6347
1749261645,0.64590000,35.00000000,0.6347
1749261645,0.64600000,78.40000000,0.6347
1749261645,0.64630000,8.00000000,0.6347
1749261645,0.64660000,36.70000000,0.6347
1749261645,0.64680000,15.40000000,0.6347
1749261645,0.64690000,185.40000000,0.6347
1749261645,0.64710000,61.00000000,0.6347
1749261951,0.63500000,1622.60000000,0.6349
1749261951,0.63510000,3670.20000000,0.6349
1749261951,0.63520000,6577.40000000,0.6349
1749261951,0.63530000,2706.80000000,0.6349
1749261951,0.63540000,2811.00000000,0.6349
1749261951,0.63550000,4615.20000000,0.6349
1749261951,0.63560000,12944.40000000,0.6349
1749261951,0.63570000,17059.00000000,0.6349
1749261951,0.63580000,9760.00000000,0.6349
1749261951,0.63590000,11652.80000000,0.6349
1749261951,0.63600000,25569.30000000,0.6349
1749261951,0.63610000,8295.50000000,0.6349
1749261951,0.63620000,8373.90000000,0.6349
1749261951,0.63630000,12715.20000000,0.6349
1749261951,0.63640000,11564.40000000,0.6349
1749261951,0.63650000,17775.90000000,0.6349
1749261951,0.63660000,17416.70000000,0.6349
1749261951,0.63670000,20195.50000000,0.6349
1749261951,0.63680000,9073.70000000,0.6349
1749261951,0.63690000,5152.70000000,0.6349
1749261951,0.63700000,2097.40000000,0.6349
1749261951,0.63710000,7631.80000000,0.6349
1749261951,0.63720000,9780.20000000,0.6349
1749261951,0.63730000,375.70000000,0.6349
1749261951,0.63740000,10492.30000000,0.6349
1749261951,0.63750000,2902.30000000,0.6349
1749261951,0.63760000,3795.30000000,0.6349
1749261951,0.63770000,7862.70000000,0.6349
1749261951,0.63780000,12206.70000000,0.6349
1749261951,0.63790000,11695.20000000,0.6349
1749261951,0.63800000,11255.60000000,0.6349
1749261951,0.63810000,2728.90000000,0.6349
1749261951,0.63820000,4871.30000000,0.6349
1749261951,0.63830000,3008.20000000,0.6349
1749261951,0.63840000,13176.00000000,0.6349
1749261951,0.63850000,2453.90000000,0.6349
1749261951,0.63860000,866.90000000,0.6349
1749261951,0.63870000,4417.00000000,0.6349
1749261951,0.63880000,3026.00000000,0.6349
1749261951,0.63890000,12551.70000000,0.6349
1749261951,0.63900000,1296.90000000,0.6349
1749261951,0.63910000,2994.40000000,0.6349
1749261951,0.63920000,19427.80000000,0.6349
1749261951,0.63930000,1437.10000000,0.6349
1749261951,0.63940000,4279.60000000,0.6349
1749261951,0.63950000,3019.50000000,0.6349
1749261951,0.63960000,3008.10000000,0.6349
1749261951,0.63970000,1437.10000000,0.6349
1749261951,0.63980000,4132.60000000,0.6349
1749261951,0.63990000,4619.00000000,0.6349
1749261951,0.64000000,678.60000000,0.6349
1749261951,0.64010000,1449.00000000,0.6349
1749261951,0.64020000,24.50000000,0.6349
1749261951,0.64030000,146.30000000,0.6349
1749261951,0.64040000,1133.20000000,0.6349
1749261951,0.64050000,630.60000000,0.6349
1749261951,0.64060000,15.90000000,0.6349
1749261951,0.64070000,4625.00000000,0.6349
1749261951,0.64080000,24.40000000,0.6349
1749261951,0.64090000,1453.10000000,0.6349
1749261951,0.64100000,27.70000000,0.6349
1749261951,0.64110000,15.80000000,0.6349
1749261951,0.64120000,57.10000000,0.6349
1749261951,0.64130000,1700.30000000,0.6349
1749261951,0.64140000,15423.20000000,0.6349
1749261951,0.64150000,8944.20000000,0.6349
1749261951,0.64160000,3186.00000000,0.6349
1749261951,0.64170000,1069.40000000,0.6349
1749261951,0.64180000,44.40000000,0.6349
1749261951,0.64190000,1489.80000000,0.6349
1749261951,0.64200000,93.60000000,0.6349
1749261951,0.64210000,1437.00000000,0.6349
1749261951,0.64220000,27.60000000,0.6349
1749261951,0.64230000,15.80000000,0.6349
1749261951,0.64240000,15.80000000,0.6349
1749261951,0.64250000,3185.90000000,0.6349
1749261951,0.64260000,63.20000000,0.6349
1749261951,0.64280000,6192.40000000,0.6349
1749261951,0.64290000,3933.00000000,0.6349
1749261951,0.64300000,1421.20000000,0.6349
1749261951,0.64310000,11.80000000,0.6349
1749261951,0.64340000,11.80000000,0.6349
1749261951,0.64360000,1429.30000000,0.6349
1749261951,0.64370000,11.80000000,0.6349
1749261951,0.64400000,145.00000000,0.6349
1749261951,0.64420000,41.30000000,0.6349
1749261951,0.64430000,10.00000000,0.6349
1749261951,0.64440000,1421.20000000,0.6349
1749261951,0.64450000,132.60000000,0.6349
1749261951,0.64480000,18.80000000,0.6349
1749261951,0.64490000,29.10000000,0.6349
1749261951,0.64500000,30.40000000,0.6349
1749261951,0.64590000,35.00000000,0.6349
1749261951,0.64600000,78.40000000,0.6349
1749261951,0.64630000,8.00000000,0.6349
1749261951,0.64660000,36.70000000,0.6349
1749261951,0.64680000,15.40000000,0.6349
1749261951,0.64690000,185.40000000,0.6349
1749261951,0.64710000,61.00000000,0.6349
1749261951,0.64740000,33.00000000,0.6349
1749262253,0.63670000,545.40000000,0.6366
1749262253,0.63680000,1810.90000000,0.6366
1749262253,0.63690000,4656.70000000,0.6366
1749262253,0.63700000,3142.90000000,0.6366
1749262253,0.63710000,2325.30000000,0.6366
1749262253,0.63720000,2039.90000000,0.6366
1749262253,0.63730000,4154.70000000,0.6366
1749262253,0.63740000,9563.60000000,0.6366
1749262253,0.63750000,16853.80000000,0.6366
1749262253,0.63760000,8605.00000000,0.6366
1749262253,0.63770000,15446.30000000,0.6366
1749262253,0.63780000,14335.20000000,0.6366
1749262253,0.63790000,9674.60000000,0.6366
1749262253,0.63800000,22370.70000000,0.6366
1749262253,0.63810000,22399.40000000,0.6366
1749262253,0.63820000,17352.10000000,0.6366
1749262253,0.63830000,11895.90000000,0.6366
1749262253,0.63840000,8780.20000000,0.6366
1749262253,0.63850000,9423.40000000,0.6366
1749262253,0.63860000,226.60000000,0.6366
1749262253,0.63870000,4417.00000000,0.6366
1749262253,0.63880000,20241.10000000,0.6366
1749262253,0.63890000,56770.40000000,0.6366
1749262253,0.63900000,8645.20000000,0.6366
1749262253,0.63910000,7814.10000000,0.6366
1749262253,0.63920000,18640.70000000,0.6366
1749262253,0.63930000,5400.90000000,0.6366
1749262253,0.63940000,4279.60000000,0.6366
1749262253,0.63950000,9345.10000000,0.6366
1749262253,0.63960000,3008.10000000,0.6366
1749262253,0.63970000,1437.10000000,0.6366
1749262253,0.63980000,8109.50000000,0.6366
1749262253,0.63990000,9320.10000000,0.6366
1749262253,0.64000000,678.60000000,0.6366
1749262253,0.64010000,1449.00000000,0.6366
1749262253,0.64020000,3003.90000000,0.6366
1749262253,0.64030000,4110.10000000,0.6366
1749262253,0.64040000,1133.20000000,0.6366
1749262253,0.64050000,3610.00000000,0.6366
1749262253,0.64060000,3834.40000000,0.6366
1749262253,0.64070000,5574.80000000,0.6366
1749262253,0.64080000,4279.40000000,0.6366
1749262253,0.64090000,2558.50000000,0.6366
1749262253,0.64100000,27.70000000,0.6366
1749262253,0.64110000,15.80000000,0.6366
1749262253,0.64120000,3036.50000000,0.6366
1749262253,0.64130000,1700.30000000,0.6366
1749262253,0.64140000,1129.80000000,0.6366
1749262253,0.64150000,1393.10000000,0.6366
1749262253,0.64160000,3186.00000000,0.6366
1749262253,0.64170000,15.80000000,0.6366
1749262253,0.64180000,44.40000000,0.6366
1749262253,0.64190000,2595.20000000,0.6366
1749262253,0.64200000,15501.00000000,0.6366
1749262253,0.64210000,1437.00000000,0.6366
1749262253,0.64220000,27.60000000,0.6366
1749262253,0.64230000,1121.20000000,0.6366
1749262253,0.64240000,15.80000000,0.6366
1749262253,0.64250000,3185.90000000,0.6366
1749262253,0.64260000,87.60000000,0.6366
1749262253,0.64270000,15.80000000,0.6366
1749262253,0.64280000,6208.20000000,0.6366
1749262253,0.64290000,7553.00000000,0.6366
1749262253,0.64300000,1437.00000000,0.6366
1749262253,0.64310000,1095.90000000,0.6366
1749262253,0.64320000,15.80000000,0.6366
1749262253,0.64330000,15.80000000,0.6366
1749262253,0.64340000,3185.90000000,0.6366
1749262253,0.64350000,15.80000000,0.6366
1749262253,0.64360000,1445.10000000,0.6366
1749262253,0.64370000,27.60000000,0.6366
1749262253,0.64380000,15.80000000,0.6366
1749262253,0.64390000,15.80000000,0.6366
1749262253,0.64400000,160.80000000,0.6366
1749262253,0.64410000,15.80000000,0.6366
1749262253,0.64420000,3990.10000000,0.6366
1749262253,0.64430000,10.00000000,0.6366
1749262253,0.64440000,1421.20000000,0.6366
1749262253,0.64450000,132.60000000,0.6366
1749262253,0.64480000,18.80000000,0.6366
1749262253,0.64490000,29.10000000,0.6366
1749262253,0.64500000,30.40000000,0.6366
1749262253,0.64590000,35.00000000,0.6366
1749262253,0.64600000,78.40000000,0.6366
1749262253,0.64630000,8.00000000,0.6366
1749262253,0.64660000,36.70000000,0.6366
1749262253,0.64680000,15.40000000,0.6366
1749262253,0.64690000,185.40000000,0.6366
1749262253,0.64710000,61.00000000,0.6366
1749262253,0.64740000,33.00000000,0.6366
1749262253,0.64750000,12.60000000,0.6366
1749262253,0.64770000,117.80000000,0.6366
1749262253,0.64820000,1937.20000000,0.6366
1749262253,0.64900000,4894.90000000,0.6366
1749262253,0.64910000,4019.00000000,0.6366
1749262253,0.64920000,7.90000000,0.6366
1749262253,0.64990000,31.10000000,0.6366
1749262253,0.65000000,3196.40000000,0.6366
1749262253,0.65050000,8.00000000,0.6366
1749262253,0.65060000,14.70000000,0.6366
1749262555,0.63740000,558.70000000,0.6373
1749262555,0.63750000,2538.30000000,0.6373
1749262555,0.63760000,5462.10000000,0.6373
1749262555,0.63770000,3227.10000000,0.6373
1749262555,0.63780000,4614.80000000,0.6373
1749262555,0.63790000,11322.40000000,0.6373
1749262555,0.63800000,13665.80000000,0.6373
1749262555,0.63810000,17088.40000000,0.6373
1749262555,0.63820000,27870.90000000,0.6373
1749262555,0.63830000,22650.30000000,0.6373
1749262555,0.63840000,8615.50000000,0.6373
1749262555,0.63850000,7934.70000000,0.6373
1749262555,0.63860000,12739.70000000,0.6373
1749262555,0.63870000,6973.70000000,0.6373
1749262555,0.63880000,5455.00000000,0.6373
1749262555,0.63890000,5437.60000000,0.6373
1749262555,0.63900000,8202.30000000,0.6373
1749262555,0.63910000,3462.60000000,0.6373
1749262555,0.63920000,3649.50000000,0.6373
1749262555,0.63930000,17518.60000000,0.6373
1749262555,0.63940000,5603.70000000,0.6373
1749262555,0.63950000,3019.50000000,0.6373
1749262555,0.63960000,3008.10000000,0.6373
1749262555,0.63970000,1437.10000000,0.6373
1749262555,0.63980000,6966.20000000,0.6373
1749262555,0.63990000,1632.50000000,0.6373
1749262555,0.64000000,28137.70000000,0.6373
1749262555,0.64010000,53609.70000000,0.6373
1749262555,0.64020000,4492.10000000,0.6373
1749262555,0.64030000,4300.70000000,0.6373
1749262555,0.64040000,1133.20000000,0.6373
1749262555,0.64050000,19017.10000000,0.6373
1749262555,0.64060000,3834.40000000,0.6373
1749262555,0.64070000,5574.80000000,0.6373
1749262555,0.64080000,4279.40000000,0.6373
1749262555,0.64090000,10818.70000000,0.6373
1749262555,0.64100000,7773.80000000,0.6373
1749262555,0.64110000,15.80000000,0.6373
1749262555,0.64120000,3331.30000000,0.6373
1749262555,0.64130000,1700.30000000,0.6373
1749262555,0.64140000,1129.80000000,0.6373
1749262555,0.64150000,4367.90000000,0.6373
1749262555,0.64160000,3186.00000000,0.6373
1749262555,0.64170000,15.80000000,0.6373
1749262555,0.64180000,44.40000000,0.6373
1749262555,0.64190000,5570.90000000,0.6373
1749262555,0.64200000,102.20000000,0.6373
1749262555,0.64210000,4412.70000000,0.6373
1749262555,0.64220000,27.60000000,0.6373
1749262555,0.64230000,1121.20000000,0.6373
1749262555,0.64240000,15.80000000,0.6373
1749262555,0.64250000,3185.90000000,0.6373
1749262555,0.64260000,87.60000000,0.6373
1749262555,0.64270000,1121.20000000,0.6373
1749262555,0.64280000,21607.00000000,0.6373
1749262555,0.64290000,15.80000000,0.6373
1749262555,0.64300000,1437.00000000,0.6373
1749262555,0.64310000,27.60000000,0.6373
1749262555,0.64320000,1129.80000000,0.6373
1749262555,0.64330000,15.80000000,0.6373
1749262555,0.64340000,11329.60000000,0.6373
1749262555,0.64350000,15.80000000,0.6373
1749262555,0.64360000,1445.10000000,0.6373
1749262555,0.64370000,27.60000000,0.6373
1749262555,0.64380000,15.80000000,0.6373
1749262555,0.64390000,15.80000000,0.6373
1749262555,0.64400000,160.80000000,0.6373
1749262555,0.64410000,15.80000000,0.6373
1749262555,0.64420000,3990.10000000,0.6373
1749262555,0.64430000,3184.10000000,0.6373
1749262555,0.64440000,1437.00000000,0.6373
1749262555,0.64450000,148.40000000,0.6373
1749262555,0.64460000,1091.80000000,0.6373
1749262555,0.64470000,15.80000000,0.6373
1749262555,0.64480000,34.60000000,0.6373
1749262555,0.64490000,44.90000000,0.6373
1749262555,0.64500000,30.40000000,0.6373
1749262555,0.64520000,3158.30000000,0.6373
1749262555,0.64590000,35.00000000,0.6373
1749262555,0.64600000,78.40000000,0.6373
1749262555,0.64630000,8.00000000,0.6373
1749262555,0.64660000,36.70000000,0.6373
1749262555,0.64680000,15.40000000,0.6373
1749262555,0.64710000,61.00000000,0.6373
1749262555,0.64740000,33.00000000,0.6373
1749262555,0.64750000,12.60000000,0.6373
1749262555,0.64770000,117.80000000,0.6373
1749262555,0.64900000,4894.90000000,0.6373
1749262555,0.64910000,4019.00000000,0.6373
1749262555,0.64920000,7.90000000,0.6373
1749262555,0.64970000,184.60000000,0.6373
1749262555,0.64990000,31.10000000,0.6373
1749262555,0.65000000,3196.40000000,0.6373
1749262555,0.65050000,8.00000000,0.6373
1749262555,0.65060000,14.70000000,0.6373
1749262555,0.65100000,1954.00000000,0.6373
1749262555,0.65120000,89.60000000,0.6373
1749262555,0.65130000,84.20000000,0.6373
1749262555,0.65140000,31000.80000000,0.6373
1749262555,0.65150000,13713.80000000,0.6373
1749262863,0.63950000,1037.60000000,0.6394
1749262863,0.63960000,811.20000000,0.6394
1749262863,0.63970000,3610.10000000,0.6394
1749262863,0.63980000,3265.70000000,0.6394
1749262863,0.63990000,2640.70000000,0.6394
1749262863,0.64000000,1713.10000000,0.6394
1749262863,0.64010000,9127.90000000,0.6394
1749262863,0.64020000,8942.30000000,0.6394
1749262863,0.64030000,11109.30000000,0.6394
1749262863,0.64040000,10864.20000000,0.6394
1749262863,0.64050000,8607.60000000,0.6394
1749262863,0.64060000,15015.80000000,0.6394
1749262863,0.64070000,11503.10000000,0.6394
1749262863,0.64080000,10934.60000000,0.6394
1749262863,0.64090000,19779.00000000,0.6394
1749262863,0.64100000,26965.20000000,0.6394
1749262863,0.64110000,22351.60000000,0.6394
1749262863,0.64120000,3329.50000000,0.6394
1749262863,0.64130000,5412.70000000,0.6394
1749262863,0.64140000,18461.60000000,0.6394
1749262863,0.64150000,12795.00000000,0.6394
1749262863,0.64160000,6161.40000000,0.6394
1749262863,0.64170000,816.90000000,0.6394
1749262863,0.64180000,234.00000000,0.6394
1749262863,0.64190000,7165.50000000,0.6394
1749262863,0.64200000,9262.90000000,0.6394
1749262863,0.64210000,19296.80000000,0.6394
1749262863,0.64220000,18652.60000000,0.6394
1749262863,0.64230000,50104.50000000,0.6394
1749262863,0.64240000,20935.40000000,0.6394
1749262863,0.64250000,10873.50000000,0.6394
1749262863,0.64260000,24.40000000,0.6394
1749262863,0.64270000,4931.80000000,0.6394
1749262863,0.64280000,1743.60000000,0.6394
1749262863,0.64290000,3987.50000000,0.6394
1749262863,0.64300000,7562.10000000,0.6394
1749262863,0.64310000,27.60000000,0.6394
1749262863,0.64320000,1129.80000000,0.6394
1749262863,0.64330000,4323.80000000,0.6394
1749262863,0.64340000,3185.90000000,0.6394
1749262863,0.64350000,4250.80000000,0.6394
1749262863,0.64360000,16971.60000000,0.6394
1749262863,0.64370000,1133.00000000,0.6394
1749262863,0.64380000,275.80000000,0.6394
1749262863,0.64390000,4682.10000000,0.6394
1749262863,0.64400000,3123.50000000,0.6394
1749262863,0.64410000,15.80000000,0.6394
1749262863,0.64420000,4129.30000000,0.6394
1749262863,0.64430000,3195.90000000,0.6394
1749262863,0.64440000,1445.60000000,0.6394
1749262863,0.64450000,148.40000000,0.6394
1749262863,0.64460000,27.60000000,0.6394
1749262863,0.64470000,1121.20000000,0.6394
1749262863,0.64480000,34.60000000,0.6394
1749262863,0.64490000,1477.90000000,0.6394
1749262863,0.64500000,104.70000000,0.6394
1749262863,0.64510000,15414.50000000,0.6394
1749262863,0.64520000,5712.40000000,0.6394
1749262863,0.64530000,15.70000000,0.6394
1749262863,0.64540000,7519.00000000,0.6394
1749262863,0.64550000,27.50000000,0.6394
1749262863,0.64560000,24.30000000,0.6394
1749262863,0.64570000,1121.10000000,0.6394
1749262863,0.64580000,4786.90000000,0.6394
1749262863,0.64590000,50.70000000,0.6394
1749262863,0.64600000,2568.30000000,0.6394
1749262863,0.64610000,3185.80000000,0.6394
1749262863,0.64620000,15.70000000,0.6394
1749262863,0.64630000,23.70000000,0.6394
1749262863,0.64640000,15.70000000,0.6394
1749262863,0.64650000,630.40000000,0.6394
1749262863,0.64660000,52.40000000,0.6394
1749262863,0.64670000,78.50000000,0.6394
1749262863,0.64680000,31.10000000,0.6394
1749262863,0.64690000,15.70000000,0.6394
1749262863,0.64700000,15.70000000,0.6394
1749262863,0.64710000,61.00000000,0.6394
1749262863,0.64730000,3933.00000000,0.6394
1749262863,0.64740000,33.00000000,0.6394
1749262863,0.64750000,12.60000000,0.6394
1749262863,0.64770000,117.80000000,0.6394
1749262863,0.64900000,4894.90000000,0.6394
1749262863,0.64910000,137.50000000,0.6394
1749262863,0.64920000,7.90000000,0.6394
1749262863,0.64990000,31.10000000,0.6394
1749262863,0.65000000,3196.40000000,0.6394
1749262863,0.65050000,8.00000000,0.6394
1749262863,0.65060000,14.70000000,0.6394
1749262863,0.65120000,89.60000000,0.6394
1749262863,0.65130000,84.20000000,0.6394
1749262863,0.65140000,34882.30000000,0.6394
1749262863,0.65150000,13713.80000000,0.6394
1749262863,0.65160000,9.20000000,0.6394
1749262863,0.65230000,183.90000000,0.6394
1749262863,0.65250000,1393.40000000,0.6394
1749262863,0.65280000,10.00000000,0.6394
1749262863,0.65290000,41.30000000,0.6394
1749262863,0.65320000,115.10000000,0.6394
1749262863,0.65330000,24.20000000,0.6394
1749262863,0.65380000,1973.40000000,0.6394
1749263164,0.64180000,2035.40000000,0.6418
1749263164,0.64190000,2586.80000000,0.6418
1749263164,0.64200000,4121.20000000,0.6418
1749263164,0.64210000,4029.50000000,0.6418
1749263164,0.64220000,1268.70000000,0.6418
1749263164,0.64230000,1799.70000000,0.6418
1749263164,0.64240000,3101.00000000,0.6418
1749263164,0.64250000,3307.70000000,0.6418
1749263164,0.64260000,3228.20000000,0.6418
1749263164,0.64270000,6655.20000000,0.6418
1749263164,0.64280000,5408.20000000,0.6418
1749263164,0.64290000,8149.40000000,0.6418
1749263164,0.64300000,6411.80000000,0.6418
1749263164,0.64310000,7659.30000000,0.6418
1749263164,0.64320000,2151.80000000,0.6418
1749263164,0.64330000,31955.70000000,0.6418
1749263164,0.64340000,47719.20000000,0.6418
1749263164,0.64350000,2978.50000000,0.6418
1749263164,0.64360000,1453.70000000,0.6418
1749263164,0.64370000,1325.70000000,0.6418
1749263164,0.64380000,2986.60000000,0.6418
1749263164,0.64390000,7592.50000000,0.6418
1749263164,0.64400000,32459.60000000,0.6418
1749263164,0.64410000,76442.40000000,0.6418
1749263164,0.64420000,4129.30000000,0.6418
1749263164,0.64430000,3195.90000000,0.6418
1749263164,0.64440000,1445.60000000,0.6418
1749263164,0.64450000,10861.00000000,0.6418
1749263164,0.64460000,3282.30000000,0.6418
1749263164,0.64470000,1121.20000000,0.6418
1749263164,0.64480000,3192.90000000,0.6418
1749263164,0.64490000,12125.40000000,0.6418
1749263164,0.64500000,5015.60000000,0.6418
1749263164,0.64510000,19469.60000000,0.6418
1749263164,0.64520000,5712.40000000,0.6418
1749263164,0.64530000,15.70000000,0.6418
1749263164,0.64540000,15.70000000,0.6418
1749263164,0.64550000,27.50000000,0.6418
1749263164,0.64560000,24.30000000,0.6418
1749263164,0.64570000,4920.10000000,0.6418
1749263164,0.64580000,1299.80000000,0.6418
1749263164,0.64590000,3006.40000000,0.6418
1749263164,0.64600000,4471.00000000,0.6418
1749263164,0.64610000,3185.80000000,0.6418
1749263164,0.64620000,1129.70000000,0.6418
1749263164,0.64630000,23.70000000,0.6418
1749263164,0.64640000,27.50000000,0.6418
1749263164,0.64650000,881.80000000,0.6418
1749263164,0.64660000,52.40000000,0.6418
1749263164,0.64670000,1195.70000000,0.6418
1749263164,0.64680000,39.70000000,0.6418
1749263164,0.64690000,1436.90000000,0.6418
1749263164,0.64700000,27.50000000,0.6418
1749263164,0.64710000,4638.80000000,0.6418
1749263164,0.64720000,1121.10000000,0.6418
1749263164,0.64730000,18380.60000000,0.6418
1749263164,0.64740000,57.20000000,0.6418
1749263164,0.64750000,28.30000000,0.6418
1749263164,0.64760000,27.40000000,0.6418
1749263164,0.64770000,1238.90000000,0.6418
1749263164,0.64780000,1436.90000000,0.6418
1749263164,0.64790000,27.40000000,0.6418
1749263164,0.64800000,12254.20000000,0.6418
1749263164,0.64810000,15.70000000,0.6418
1749263164,0.64820000,15.70000000,0.6418
1749263164,0.64830000,15.70000000,0.6418
1749263164,0.64840000,15.70000000,0.6418
1749263164,0.64850000,15.70000000,0.6418
1749263164,0.64860000,15.70000000,0.6418
1749263164,0.64870000,1436.90000000,0.6418
1749263164,0.64880000,1084.10000000,0.6418
1749263164,0.64890000,15.70000000,0.6418
1749263164,0.64900000,4910.50000000,0.6418
1749263164,0.64910000,153.10000000,0.6418
1749263164,0.64920000,23.50000000,0.6418
1749263164,0.64930000,3948.60000000,0.6418
1749263164,0.64960000,1421.20000000,0.6418
1749263164,0.64990000,31.10000000,0.6418
1749263164,0.65000000,3005.10000000,0.6418
1749263164,0.65050000,1429.20000000,0.6418
1749263164,0.65060000,14.70000000,0.6418
1749263164,0.65120000,89.60000000,0.6418
1749263164,0.65130000,84.20000000,0.6418
1749263164,0.65140000,31000.80000000,0.6418
1749263164,0.65150000,13713.80000000,0.6418
1749263164,0.65160000,9.20000000,0.6418
1749263164,0.65230000,183.90000000,0.6418
1749263164,0.65250000,1393.40000000,0.6418
1749263164,0.65280000,10.00000000,0.6418
1749263164,0.65290000,41.30000000,0.6418
1749263164,0.65320000,3996.60000000,0.6418
1749263164,0.65330000,24.20000000,0.6418
1749263164,0.65380000,1973.40000000,0.6418
1749263164,0.65390000,112.80000000,0.6418
1749263164,0.65440000,783.20000000,0.6418
1749263164,0.65450000,8.00000000,0.6418
1749263164,0.65480000,395.30000000,0.6418
1749263164,0.65490000,18.80000000,0.6418
1749263164,0.65500000,6835.10000000,0.6418
1749263164,0.65510000,116.50000000,0.6418
1749263471,0.64200000,201.30000000,0.6419
1749263471,0.64210000,778.70000000,0.6419
1749263471,0.64220000,1554.50000000,0.6419
1749263471,0.64230000,2561.70000000,0.6419
1749263471,0.64240000,2120.50000000,0.6419
1749263471,0.64250000,2061.50000000,0.6419
1749263471,0.64260000,924.90000000,0.6419
1749263471,0.64270000,1624.70000000,0.6419
1749263471,0.64280000,3482.10000000,0.6419
1749263471,0.64290000,4325.30000000,0.6419
1749263471,0.64300000,2020.60000000,0.6419
1749263471,0.64310000,11488.70000000,0.6419
1749263471,0.64320000,10877.10000000,0.6419
1749263471,0.64330000,5476.30000000,0.6419
1749263471,0.64340000,10825.10000000,0.6419
1749263471,0.64350000,5016.90000000,0.6419
1749263471,0.64360000,3772.80000000,0.6419
1749263471,0.64370000,5999.80000000,0.6419
1749263471,0.64380000,43844.10000000,0.6419
1749263471,0.64390000,38681.20000000,0.6419
1749263471,0.64400000,4039.60000000,0.6419
1749263471,0.64410000,5969.20000000,0.6419
1749263471,0.64420000,3023.90000000,0.6419
1749263471,0.64430000,4269.60000000,0.6419
1749263471,0.64440000,50968.20000000,0.6419
1749263471,0.64450000,33701.00000000,0.6419
1749263471,0.64460000,10912.50000000,0.6419
1749263471,0.64470000,7539.70000000,0.6419
1749263471,0.64480000,10942.10000000,0.6419
1749263471,0.64490000,13090.80000000,0.6419
1749263471,0.64500000,11513.20000000,0.6419
1749263471,0.64510000,4399.20000000,0.6419
1749263471,0.64520000,6490.30000000,0.6419
1749263471,0.64530000,2969.60000000,0.6419
1749263471,0.64540000,3353.80000000,0.6419
1749263471,0.64550000,27.50000000,0.6419
1749263471,0.64560000,9115.10000000,0.6419
1749263471,0.64570000,60118.70000000,0.6419
1749263471,0.64580000,27.50000000,0.6419
1749263471,0.64590000,5833.90000000,0.6419
1749263471,0.64600000,4471.00000000,0.6419
1749263471,0.64610000,3480.60000000,0.6419
1749263471,0.64620000,1129.70000000,0.6419
1749263471,0.64630000,23.70000000,0.6419
1749263471,0.64640000,27.50000000,0.6419
1749263471,0.64650000,4608.20000000,0.6419
1749263471,0.64660000,52.40000000,0.6419
1749263471,0.64670000,2616.90000000,0.6419
1749263471,0.64680000,817.30000000,0.6419
1749263471,0.64690000,2214.50000000,0.6419
1749263471,0.64700000,7750.00000000,0.6419
1749263471,0.64710000,76.70000000,0.6419
1749263471,0.64720000,2070.90000000,0.6419
1749263471,0.64730000,27.40000000,0.6419
1749263471,0.64740000,57.20000000,0.6419
1749263471,0.64750000,28.30000000,0.6419
1749263471,0.64760000,27.40000000,0.6419
1749263471,0.64770000,1238.90000000,0.6419
1749263471,0.64780000,4595.20000000,0.6419
1749263471,0.64790000,15426.20000000,0.6419
1749263471,0.64800000,13033.50000000,0.6419
1749263471,0.64810000,15.70000000,0.6419
1749263471,0.64820000,1132.80000000,0.6419
1749263471,0.64830000,15.70000000,0.6419
1749263471,0.64840000,15.70000000,0.6419
1749263471,0.64850000,27.40000000,0.6419
1749263471,0.64860000,24.20000000,0.6419
1749263471,0.64870000,5700.60000000,0.6419
1749263471,0.64880000,1095.80000000,0.6419
1749263471,0.64890000,15.70000000,0.6419
1749263471,0.64900000,4910.50000000,0.6419
1749263471,0.64910000,164.80000000,0.6419
1749263471,0.64920000,1128.90000000,0.6419
1749263471,0.64930000,3948.60000000,0.6419
1749263471,0.64940000,15.60000000,0.6419
1749263471,0.64950000,15.60000000,0.6419
1749263471,0.64960000,1421.20000000,0.6419
1749263471,0.64990000,31.10000000,0.6419
1749263471,0.65000000,3005.10000000,0.6419
1749263471,0.65050000,1429.20000000,0.6419
1749263471,0.65060000,14.70000000,0.6419
1749263471,0.65070000,777.60000000,0.6419
1749263471,0.65120000,89.60000000,0.6419
1749263471,0.65130000,17002.10000000,0.6419
1749263471,0.65140000,15504.10000000,0.6419
1749263471,0.65150000,13713.80000000,0.6419
1749263471,0.65160000,9.20000000,0.6419
1749263471,0.65250000,1393.40000000,0.6419
1749263471,0.65280000,10.00000000,0.6419
1749263471,0.65290000,41.30000000,0.6419
1749263471,0.65320000,3996.60000000,0.6419
1749263471,0.65330000,24.20000000,0.6419
1749263471,0.65390000,112.80000000,0.6419
1749263471,0.65440000,783.20000000,0.6419
1749263471,0.65450000,8.00000000,0.6419
1749263471,0.65480000,395.30000000,0.6419
1749263471,0.65490000,18.80000000,0.6419
1749263471,0.65500000,7018.30000000,0.6419
1749263471,0.65510000,116.50000000,0.6419
1749263471,0.65560000,109.20000000,0.6419
1749263773,0.64260000,869.80000000,0.6426
1749263773,0.64270000,2149.90000000,0.6426
1749263773,0.64280000,137.20000000,0.6426
1749263773,0.64290000,717.00000000,0.6426
1749263773,0.64300000,4400.20000000,0.6426
1749263773,0.64310000,13685.00000000,0.6426
1749263773,0.64320000,12485.90000000,0.6426
1749263773,0.64330000,23751.60000000,0.6426
1749263773,0.64340000,27885.20000000,0.6426
1749263773,0.64350000,9500.90000000,0.6426
1749263773,0.64360000,7684.50000000,0.6426
1749263773,0.64370000,5525.90000000,0.6426
1749263773,0.64380000,4157.90000000,0.6426
1749263773,0.64390000,27.50000000,0.6426
1749263773,0.64400000,2663.40000000,0.6426
1749263773,0.64410000,11452.10000000,0.6426
1749263773,0.64420000,3268.20000000,0.6426
1749263773,0.64430000,15408.20000000,0.6426
1749263773,0.64440000,2562.70000000,0.6426
1749263773,0.64450000,3108.30000000,0.6426
1749263773,0.64460000,12714.00000000,0.6426
1749263773,0.64470000,1251.00000000,0.6426
1749263773,0.64480000,10950.70000000,0.6426
1749263773,0.64490000,10042.40000000,0.6426
1749263773,0.64500000,41872.80000000,0.6426
1749263773,0.64510000,28570.80000000,0.6426
1749263773,0.64520000,46217.90000000,0.6426
1749263773,0.64530000,2969.60000000,0.6426
1749263773,0.64540000,2965.00000000,0.6426
1749263773,0.64550000,27.50000000,0.6426
1749263773,0.64560000,3182.60000000,0.6426
1749263773,0.64570000,11819.60000000,0.6426
1749263773,0.64580000,456.40000000,0.6426
1749263773,0.64590000,11966.30000000,0.6426
1749263773,0.64600000,5043.60000000,0.6426
1749263773,0.64610000,7444.40000000,0.6426
1749263773,0.64620000,1129.70000000,0.6426
1749263773,0.64630000,2973.00000000,0.6426
1749263773,0.64640000,27.50000000,0.6426
1749263773,0.64650000,3993.50000000,0.6426
1749263773,0.64660000,52.40000000,0.6426
1749263773,0.64670000,2616.90000000,0.6426
1749263773,0.64680000,1656.40000000,0.6426
1749263773,0.64690000,4387.10000000,0.6426
1749263773,0.64700000,3185.80000000,0.6426
1749263773,0.64710000,3028.80000000,0.6426
1749263773,0.64720000,2070.90000000,0.6426
1749263773,0.64730000,27.40000000,0.6426
1749263773,0.64740000,57.20000000,0.6426
1749263773,0.64750000,28.30000000,0.6426
1749263773,0.64760000,27.40000000,0.6426
1749263773,0.64770000,4189.60000000,0.6426
1749263773,0.64780000,12073.40000000,0.6426
1749263773,0.64790000,15426.20000000,0.6426
1749263773,0.64800000,5561.20000000,0.6426
1749263773,0.64810000,15.70000000,0.6426
1749263773,0.64820000,1132.80000000,0.6426
1749263773,0.64830000,15.70000000,0.6426
1749263773,0.64840000,15.70000000,0.6426
1749263773,0.64850000,27.40000000,0.6426
1749263773,0.64860000,24.20000000,0.6426
1749263773,0.64870000,13168.90000000,0.6426
1749263773,0.64880000,27.40000000,0.6426
1749263773,0.64890000,15.70000000,0.6426
1749263773,0.64900000,4910.50000000,0.6426
1749263773,0.64910000,164.80000000,0.6426
1749263773,0.64920000,1752.10000000,0.6426
1749263773,0.64930000,15.60000000,0.6426
1749263773,0.64940000,27.30000000,0.6426
1749263773,0.64950000,15.60000000,0.6426
1749263773,0.64960000,1436.80000000,0.6426
1749263773,0.64970000,15.60000000,0.6426
1749263773,0.64980000,15.60000000,0.6426
1749263773,0.64990000,46.70000000,0.6426
1749263773,0.65000000,3020.70000000,0.6426
1749263773,0.65010000,15.60000000,0.6426
1749263773,0.65030000,1080.80000000,0.6426
1749263773,0.65040000,3933.00000000,0.6426
1749263773,0.65050000,1429.20000000,0.6426
1749263773,0.65060000,14.70000000,0.6426
1749263773,0.65070000,777.60000000,0.6426
1749263773,0.65120000,89.60000000,0.6426
1749263773,0.65130000,1505.40000000,0.6426
1749263773,0.65140000,31000.80000000,0.6426
1749263773,0.65150000,13713.80000000,0.6426
1749263773,0.65250000,1393.40000000,0.6426
1749263773,0.65280000,10.00000000,0.6426
1749263773,0.65290000,41.30000000,0.6426
1749263773,0.65320000,115.10000000,0.6426
1749263773,0.65330000,24.20000000,0.6426
1749263773,0.65390000,112.80000000,0.6426
1749263773,0.65440000,783.20000000,0.6426
1749263773,0.65450000,8.00000000,0.6426
1749263773,0.65480000,395.30000000,0.6426
1749263773,0.65490000,3900.30000000,0.6426
1749263773,0.65500000,7018.30000000,0.6426
1749263773,0.65510000,116.50000000,0.6426
1749263773,0.65560000,109.20000000,0.6426
1749263773,0.65590000,825.00000000,0.6426
1749263773,0.65600000,1649.90000000,0.6426
1749264074,0.64070000,2724.30000000,0.6407
1749264074,0.64080000,3842.80000000,0.6407
1749264074,0.64090000,6836.40000000,0.6407
1749264074,0.64100000,3098.00000000,0.6407
1749264074,0.64110000,4313.90000000,0.6407
1749264074,0.64120000,24177.10000000,0.6407
1749264074,0.64130000,22372.20000000,0.6407
1749264074,0.64140000,4806.20000000,0.6407
1749264074,0.64150000,4376.30000000,0.6407
1749264074,0.64160000,2699.90000000,0.6407
1749264074,0.64170000,4133.10000000,0.6407
1749264074,0.64180000,7419.80000000,0.6407
1749264074,0.64190000,4080.00000000,0.6407
1749264074,0.64200000,15622.40000000,0.6407
1749264074,0.64210000,12782.10000000,0.6407
1749264074,0.64220000,8536.00000000,0.6407
1749264074,0.64230000,3964.00000000,0.6407
1749264074,0.64240000,6873.90000000,0.6407
1749264074,0.64250000,5259.20000000,0.6407
1749264074,0.64260000,10288.80000000,0.6407
1749264074,0.64270000,2985.30000000,0.6407
1749264074,0.64280000,8655.50000000,0.6407
1749264074,0.64290000,26593.70000000,0.6407
1749264074,0.64300000,43909.00000000,0.6407
1749264074,0.64310000,28095.90000000,0.6407
1749264074,0.64320000,7045.60000000,0.6407
1749264074,0.64330000,24.20000000,0.6407
1749264074,0.64340000,5608.80000000,0.6407
1749264074,0.64350000,10055.60000000,0.6407
1749264074,0.64360000,404.40000000,0.6407
1749264074,0.64370000,1583.10000000,0.6407
1749264074,0.64380000,5945.40000000,0.6407
1749264074,0.64390000,10861.50000000,0.6407
1749264074,0.64400000,5179.00000000,0.6407
1749264074,0.64410000,5657.40000000,0.6407
1749264074,0.64420000,3229.50000000,0.6407
1749264074,0.64430000,4400.40000000,0.6407
1749264074,0.64440000,1740.40000000,0.6407
1749264074,0.64450000,4202.20000000,0.6407
1749264074,0.64460000,7641.40000000,0.6407
1749264074,0.64470000,14822.20000000,0.6407
1749264074,0.64480000,4404.20000000,0.6407
1749264074,0.64490000,1162.00000000,0.6407
1749264074,0.64500000,4317.70000000,0.6407
1749264074,0.64510000,15.70000000,0.6407
1749264074,0.64520000,5712.30000000,0.6407
1749264074,0.64530000,3242.20000000,0.6407
1749264074,0.64540000,2965.00000000,0.6407
1749264074,0.64550000,27.40000000,0.6407
1749264074,0.64560000,3182.60000000,0.6407
1749264074,0.64570000,1121.10000000,0.6407
1749264074,0.64580000,27.40000000,0.6407
1749264074,0.64590000,50.70000000,0.6407
1749264074,0.64600000,1766.70000000,0.6407
1749264074,0.64610000,4458.00000000,0.6407
1749264074,0.64620000,1129.70000000,0.6407
1749264074,0.64630000,23.70000000,0.6407
1749264074,0.64640000,27.40000000,0.6407
1749264074,0.64650000,793.30000000,0.6407
1749264074,0.64660000,52.40000000,0.6407
1749264074,0.64670000,2616.80000000,0.6407
1749264074,0.64680000,39.70000000,0.6407
1749264074,0.64690000,1436.90000000,0.6407
1749264074,0.64700000,3185.70000000,0.6407
1749264074,0.64710000,4621.50000000,0.6407
1749264074,0.64720000,1121.10000000,0.6407
1749264074,0.64730000,27.40000000,0.6407
1749264074,0.64740000,1478.40000000,0.6407
1749264074,0.64750000,28.30000000,0.6407
1749264074,0.64760000,27.40000000,0.6407
1749264074,0.64770000,1238.90000000,0.6407
1749264074,0.64780000,1436.90000000,0.6407
1749264074,0.64790000,27.40000000,0.6407
1749264074,0.64800000,15.70000000,0.6407
1749264074,0.64810000,15.70000000,0.6407
1749264074,0.64820000,27.40000000,0.6407
1749264074,0.64840000,16820.00000000,0.6407
1749264074,0.64850000,11415.00000000,0.6407
1749264074,0.64870000,2502.70000000,0.6407
1749264074,0.64900000,4894.90000000,0.6407
1749264074,0.64910000,137.50000000,0.6407
1749264074,0.64920000,622.60000000,0.6407
1749264074,0.64960000,1421.20000000,0.6407
1749264074,0.64990000,31.10000000,0.6407
1749264074,0.65000000,7764.50000000,0.6407
1749264074,0.65050000,1429.20000000,0.6407
1749264074,0.65060000,14.70000000,0.6407
1749264074,0.65070000,777.60000000,0.6407
1749264074,0.65120000,89.60000000,0.6407
1749264074,0.65130000,17002.10000000,0.6407
1749264074,0.65140000,15504.10000000,0.6407
1749264074,0.65150000,13713.80000000,0.6407
1749264074,0.65220000,1421.20000000,0.6407
1749264074,0.65250000,1393.40000000,0.6407
1749264074,0.65280000,10.00000000,0.6407
1749264074,0.65290000,41.30000000,0.6407
1749264074,0.65310000,3881.50000000,0.6407
1749264074,0.65320000,115.10000000,0.6407
1749264074,0.65330000,24.20000000,0.6407
1749264074,0.65390000,112.80000000,0.6407
1749264376,0.64170000,1344.80000000,0.6417
1749264376,0.64180000,3640.20000000,0.6417
1749264376,0.64190000,4385.70000000,0.6417
1749264376,0.64200000,1810.60000000,0.6417
1749264376,0.64210000,2572.90000000,0.6417
1749264376,0.64220000,7627.20000000,0.6417
1749264376,0.64230000,12415.30000000,0.6417
1749264376,0.64240000,16786.40000000,0.6417
1749264376,0.64250000,46469.40000000,0.6417
1749264376,0.64260000,12356.00000000,0.6417
1749264376,0.64270000,8884.40000000,0.6417
1749264376,0.64280000,6291.70000000,0.6417
1749264376,0.64290000,10464.90000000,0.6417
1749264376,0.64300000,8049.40000000,0.6417
1749264376,0.64310000,9919.90000000,0.6417
1749264376,0.64320000,8797.90000000,0.6417
1749264376,0.64330000,7912.70000000,0.6417
1749264376,0.64340000,11608.60000000,0.6417
1749264376,0.64350000,4072.60000000,0.6417
1749264376,0.64360000,24.20000000,0.6417
1749264376,0.64370000,9304.60000000,0.6417
1749264376,0.64380000,4305.20000000,0.6417
1749264376,0.64390000,3173.90000000,0.6417
1749264376,0.64400000,13024.70000000,0.6417
1749264376,0.64410000,5084.80000000,0.6417
1749264376,0.64420000,3806.60000000,0.6417
1749264376,0.64430000,25791.70000000,0.6417
1749264376,0.64440000,67796.70000000,0.6417
1749264376,0.64450000,26019.80000000,0.6417
1749264376,0.64460000,1299.80000000,0.6417
1749264376,0.64470000,7072.30000000,0.6417
1749264376,0.64480000,5243.30000000,0.6417
1749264376,0.64490000,13463.70000000,0.6417
1749264376,0.64500000,3049.00000000,0.6417
1749264376,0.64510000,16499.60000000,0.6417
1749264376,0.64520000,5712.30000000,0.6417
1749264376,0.64530000,3242.20000000,0.6417
1749264376,0.64540000,15.70000000,0.6417
1749264376,0.64550000,27.40000000,0.6417
1749264376,0.64560000,3182.60000000,0.6417
1749264376,0.64570000,1121.10000000,0.6417
1749264376,0.64580000,27.40000000,0.6417
1749264376,0.64590000,665.40000000,0.6417
1749264376,0.64600000,17165.50000000,0.6417
1749264376,0.64610000,3185.70000000,0.6417
1749264376,0.64620000,1129.70000000,0.6417
1749264376,0.64630000,23.70000000,0.6417
1749264376,0.64640000,27.40000000,0.6417
1749264376,0.64650000,3748.60000000,0.6417
1749264376,0.64660000,3007.70000000,0.6417
1749264376,0.64670000,2616.80000000,0.6417
1749264376,0.64680000,39.70000000,0.6417
1749264376,0.64690000,1436.90000000,0.6417
1749264376,0.64700000,27.40000000,0.6417
1749264376,0.64710000,76.70000000,0.6417
1749264376,0.64720000,1121.10000000,0.6417
1749264376,0.64730000,27.40000000,0.6417
1749264376,0.64740000,1478.40000000,0.6417
1749264376,0.64750000,28.30000000,0.6417
1749264376,0.64760000,27.40000000,0.6417
1749264376,0.64770000,7618.90000000,0.6417
1749264376,0.64780000,1436.90000000,0.6417
1749264376,0.64790000,27.40000000,0.6417
1749264376,0.64800000,15.70000000,0.6417
1749264376,0.64810000,15.70000000,0.6417
1749264376,0.64820000,27.40000000,0.6417
1749264376,0.64830000,4775.10000000,0.6417
1749264376,0.64840000,1436.90000000,0.6417
1749264376,0.64850000,3960.40000000,0.6417
1749264376,0.64860000,15.70000000,0.6417
1749264376,0.64870000,2495.70000000,0.6417
1749264376,0.64880000,15.70000000,0.6417
1749264376,0.64890000,15.70000000,0.6417
1749264376,0.64900000,4910.50000000,0.6417
1749264376,0.64910000,153.10000000,0.6417
1749264376,0.64920000,23.50000000,0.6417
1749264376,0.64960000,1421.20000000,0.6417
1749264376,0.64990000,31.10000000,0.6417
1749264376,0.65000000,3005.10000000,0.6417
1749264376,0.65050000,1429.20000000,0.6417
1749264376,0.65060000,14.70000000,0.6417
1749264376,0.65070000,777.60000000,0.6417
1749264376,0.65120000,89.60000000,0.6417
1749264376,0.65130000,17002.10000000,0.6417
1749264376,0.65140000,15504.10000000,0.6417
1749264376,0.65150000,13713.80000000,0.6417
1749264376,0.65220000,1605.10000000,0.6417
1749264376,0.65250000,1393.40000000,0.6417
1749264376,0.65280000,10.00000000,0.6417
1749264376,0.65290000,41.30000000,0.6417
1749264376,0.65310000,3881.50000000,0.6417
1749264376,0.65320000,115.10000000,0.6417
1749264376,0.65330000,24.20000000,0.6417
1749264376,0.65380000,1971.50000000,0.6417
1749264376,0.65390000,112.80000000,0.6417
1749264376,0.65440000,783.20000000,0.6417
1749264376,0.65450000,8.00000000,0.6417
1749264376,0.65480000,395.30000000,0.6417
1749264376,0.65490000,18.80000000,0.6417
1749264376,0.65500000,6835.10000000,0.6417
1749264677,0.64330000,192.40000000,0.6432
1749264677,0.64340000,407.60000000,0.6432
1749264677,0.64350000,1183.70000000,0.6432
1749264677,0.64360000,3735.70000000,0.6432
1749264677,0.64370000,3374.60000000,0.6432
1749264677,0.64380000,2937.00000000,0.6432
1749264677,0.64390000,4940.70000000,0.6432
1749264677,0.64400000,6915.10000000,0.6432
1749264677,0.64410000,11983.40000000,0.6432
1749264677,0.64420000,24868.40000000,0.6432
1749264677,0.64430000,48502.20000000,0.6432
1749264677,0.64440000,13065.30000000,0.6432
1749264677,0.64450000,6352.20000000,0.6432
1749264677,0.64460000,2239.20000000,0.6432
1749264677,0.64470000,11451.40000000,0.6432
1749264677,0.64480000,24311.10000000,0.6432
1749264677,0.64490000,20521.60000000,0.6432
1749264677,0.64500000,4192.60000000,0.6432
1749264677,0.64510000,12120.90000000,0.6432
1749264677,0.64520000,6080.90000000,0.6432
1749264677,0.64530000,11207.90000000,0.6432
1749264677,0.64540000,3565.70000000,0.6432
1749264677,0.64550000,7767.80000000,0.6432
1749264677,0.64560000,6131.00000000,0.6432
1749264677,0.64570000,1121.10000000,0.6432
1749264677,0.64580000,27.40000000,0.6432
1749264677,0.64590000,3803.40000000,0.6432
1749264677,0.64600000,4466.40000000,0.6432
1749264677,0.64610000,56495.80000000,0.6432
1749264677,0.64620000,6171.40000000,0.6432
1749264677,0.64630000,6288.30000000,0.6432
1749264677,0.64640000,27.40000000,0.6432
1749264677,0.64650000,2971.00000000,0.6432
1749264677,0.64660000,18883.90000000,0.6432
1749264677,0.64670000,3455.90000000,0.6432
1749264677,0.64680000,6152.40000000,0.6432
1749264677,0.64690000,1436.90000000,0.6432
1749264677,0.64700000,8664.80000000,0.6432
1749264677,0.64710000,3022.80000000,0.6432
1749264677,0.64720000,2393.40000000,0.6432
1749264677,0.64730000,2975.30000000,0.6432
1749264677,0.64740000,1478.40000000,0.6432
1749264677,0.64750000,28.30000000,0.6432
1749264677,0.64760000,27.40000000,0.6432
1749264677,0.64770000,4397.20000000,0.6432
1749264677,0.64780000,1436.90000000,0.6432
1749264677,0.64790000,27.40000000,0.6432
1749264677,0.64800000,24.20000000,0.6432
1749264677,0.64810000,15.70000000,0.6432
1749264677,0.64820000,5651.70000000,0.6432
1749264677,0.64830000,15.70000000,0.6432
1749264677,0.64840000,1436.90000000,0.6432
1749264677,0.64850000,27.40000000,0.6432
1749264677,0.64860000,24.20000000,0.6432
1749264677,0.64870000,5952.00000000,0.6432
1749264677,0.64880000,27.40000000,0.6432
1749264677,0.64890000,16029.20000000,0.6432
1749264677,0.64900000,4910.50000000,0.6432
1749264677,0.64910000,164.80000000,0.6432
1749264677,0.64920000,8599.90000000,0.6432
1749264677,0.64930000,15.60000000,0.6432
1749264677,0.64940000,27.30000000,0.6432
1749264677,0.64950000,15.60000000,0.6432
1749264677,0.64960000,1436.80000000,0.6432
1749264677,0.64970000,4291.00000000,0.6432
1749264677,0.64980000,15.60000000,0.6432
1749264677,0.64990000,46.70000000,0.6432
1749264677,0.65000000,3020.70000000,0.6432
1749264677,0.65010000,1085.00000000,0.6432
1749264677,0.65020000,15.60000000,0.6432
1749264677,0.65030000,15.60000000,0.6432
1749264677,0.65040000,4775.00000000,0.6432
1749264677,0.65050000,5377.80000000,0.6432
1749264677,0.65060000,30.30000000,0.6432
1749264677,0.65070000,15.60000000,0.6432
1749264677,0.65080000,15.60000000,0.6432
1749264677,0.65120000,89.60000000,0.6432
1749264677,0.65130000,1505.40000000,0.6432
1749264677,0.65140000,15504.10000000,0.6432
1749264677,0.65150000,13713.80000000,0.6432
1749264677,0.65220000,1421.20000000,0.6432
1749264677,0.65250000,1393.40000000,0.6432
1749264677,0.65280000,10.00000000,0.6432
1749264677,0.65290000,41.30000000,0.6432
1749264677,0.65320000,115.10000000,0.6432
1749264677,0.65330000,24.20000000,0.6432
1749264677,0.65390000,112.80000000,0.6432
1749264677,0.65440000,783.20000000,0.6432
1749264677,0.65450000,8.00000000,0.6432
1749264677,0.65480000,395.30000000,0.6432
1749264677,0.65490000,3900.30000000,0.6432
1749264677,0.65500000,7018.30000000,0.6432
1749264677,0.65510000,116.50000000,0.6432
1749264677,0.65560000,109.20000000,0.6432
1749264677,0.65590000,825.00000000,0.6432
1749264677,0.65600000,1649.90000000,0.6432
1749264677,0.65610000,17.70000000,0.6432
1749264677,0.65660000,6965.00000000,0.6432
1749264677,0.65680000,88.30000000,0.6432
1749264677,0.65720000,14.70000000,0.6432
1749264979,0.64610000,598.10000000,0.6461
1749264979,0.64620000,3121.40000000,0.6461
1749264979,0.64630000,4474.50000000,0.6461
1749264979,0.64640000,4542.40000000,0.6461
1749264979,0.64650000,3952.80000000,0.6461
1749264979,0.64660000,3898.70000000,0.6461
1749264979,0.64670000,4055.50000000,0.6461
1749264979,0.64680000,7815.70000000,0.6461
1749264979,0.64690000,5157.10000000,0.6461
1749264979,0.64700000,5643.90000000,0.6461
1749264979,0.64710000,3762.50000000,0.6461
1749264979,0.64720000,14227.50000000,0.6461
1749264979,0.64730000,47063.10000000,0.6461
1749264979,0.64740000,23698.40000000,0.6461
1749264979,0.64750000,13899.40000000,0.6461
1749264979,0.64760000,14030.00000000,0.6461
1749264979,0.64770000,26886.80000000,0.6461
1749264979,0.64780000,25103.20000000,0.6461
1749264979,0.64790000,14827.90000000,0.6461
1749264979,0.64800000,4348.00000000,0.6461
1749264979,0.64810000,9221.50000000,0.6461
1749264979,0.64820000,1375.50000000,0.6461
1749264979,0.64830000,2951.30000000,0.6461
1749264979,0.64840000,4371.60000000,0.6461
1749264979,0.64850000,7595.50000000,0.6461
1749264979,0.64860000,24.20000000,0.6461
1749264979,0.64870000,16350.00000000,0.6461
1749264979,0.64880000,2969.40000000,0.6461
1749264979,0.64890000,1566.00000000,0.6461
1749264979,0.64900000,22500.90000000,0.6461
1749264979,0.64910000,164.80000000,0.6461
1749264979,0.64920000,1137.40000000,0.6461
1749264979,0.64930000,3975.00000000,0.6461
1749264979,0.64940000,16415.30000000,0.6461
1749264979,0.64950000,2953.50000000,0.6461
1749264979,0.64960000,4374.70000000,0.6461
1749264979,0.64970000,5130.10000000,0.6461
1749264979,0.64980000,3260.00000000,0.6461
1749264979,0.64990000,46.70000000,0.6461
1749264979,0.65000000,6996.20000000,0.6461
1749264979,0.65010000,5483.30000000,0.6461
1749264979,0.65020000,15.60000000,0.6461
1749264979,0.65030000,2966.50000000,0.6461
1749264979,0.65040000,24.10000000,0.6461
1749264979,0.65050000,1444.80000000,0.6461
1749264979,0.65060000,2097.20000000,0.6461
1749264979,0.65070000,3173.90000000,0.6461
1749264979,0.65080000,3015.90000000,0.6461
1749264979,0.65090000,27.30000000,0.6461
1749264979,0.65100000,2962.00000000,0.6461
1749264979,0.65110000,1121.00000000,0.6461
1749264979,0.65120000,116.90000000,0.6461
1749264979,0.65130000,3044.70000000,0.6461
1749264979,0.65140000,4396.40000000,0.6461
1749264979,0.65150000,13741.10000000,0.6461
1749264979,0.65160000,24.10000000,0.6461
1749264979,0.65170000,630.30000000,0.6461
1749264979,0.65180000,27.30000000,0.6461
1749264979,0.65190000,15.60000000,0.6461
1749264979,0.65200000,4595.10000000,0.6461
1749264979,0.65210000,19799.10000000,0.6461
1749264979,0.65220000,1445.30000000,0.6461
1749264979,0.65230000,15.60000000,0.6461
1749264979,0.65240000,15372.00000000,0.6461
1749264979,0.65250000,1409.00000000,0.6461
1749264979,0.65260000,15.60000000,0.6461
1749264979,0.65270000,15.60000000,0.6461
1749264979,0.65280000,25.60000000,0.6461
1749264979,0.65290000,1116.40000000,0.6461
1749264979,0.65300000,15.60000000,0.6461
1749264979,0.65310000,1436.70000000,0.6461
1749264979,0.65320000,130.60000000,0.6461
1749264979,0.65330000,39.70000000,0.6461
1749264979,0.65340000,3173.80000000,0.6461
1749264979,0.65350000,3948.50000000,0.6461
1749264979,0.65360000,15.50000000,0.6461
1749264979,0.65390000,112.80000000,0.6461
1749264979,0.65440000,783.20000000,0.6461
1749264979,0.65450000,8.00000000,0.6461
1749264979,0.65480000,395.30000000,0.6461
1749264979,0.65490000,18.80000000,0.6461
1749264979,0.65500000,6835.10000000,0.6461
1749264979,0.65510000,116.50000000,0.6461
1749264979,0.65560000,109.20000000,0.6461
1749264979,0.65590000,825.00000000,0.6461
1749264979,0.65600000,1649.90000000,0.6461
1749264979,0.65610000,17.70000000,0.6461
1749264979,0.65660000,8915.50000000,0.6461
1749264979,0.65680000,88.30000000,0.6461
1749264979,0.65720000,14.70000000,0.6461
1749264979,0.65730000,71.20000000,0.6461
1749264979,0.65740000,10.00000000,0.6461
1749264979,0.65750000,132.60000000,0.6461
1749264979,0.65760000,182.40000000,0.6461
1749264979,0.65800000,2371.10000000,0.6461
1749264979,0.65860000,64.70000000,0.6461
1749264979,0.65880000,115.80000000,0.6461
1749264979,0.65890000,41.30000000,0.6461
1749264979,0.65920000,7.60000000,0.6461
1749264979,0.65940000,1929.50000000,0.6461
1749265280,0.64530000,83.20000000,0.6453
1749265280,0.64540000,1478.40000000,0.6453
1749265280,0.64550000,3345.90000000,0.6453
1749265280,0.64560000,4193.50000000,0.6453
1749265280,0.64570000,3006.30000000,0.6453
1749265280,0.64580000,4679.00000000,0.6453
1749265280,0.64590000,7335.60000000,0.6453
1749265280,0.64600000,7660.50000000,0.6453
1749265280,0.64610000,5938.20000000,0.6453
1749265280,0.64620000,16858.60000000,0.6453
1749265280,0.64630000,25215.40000000,0.6453
1749265280,0.64640000,19030.40000000,0.6453
1749265280,0.64650000,4526.90000000,0.6453
1749265280,0.64660000,7741.20000000,0.6453
1749265280,0.64670000,8178.30000000,0.6453
1749265280,0.64680000,10271.60000000,0.6453
1749265280,0.64690000,21678.00000000,0.6453
1749265280,0.64700000,22338.30000000,0.6453
1749265280,0.64710000,6226.00000000,0.6453
1749265280,0.64720000,3553.90000000,0.6453
1749265280,0.64730000,7060.80000000,0.6453
1749265280,0.64740000,5768.30000000,0.6453
1749265280,0.64750000,1622.30000000,0.6453
1749265280,0.64760000,4103.80000000,0.6453
1749265280,0.64770000,3651.80000000,0.6453
1749265280,0.64780000,1796.90000000,0.6453
1749265280,0.64790000,1600.20000000,0.6453
1749265280,0.64800000,9524.90000000,0.6453
1749265280,0.64810000,26547.00000000,0.6453
1749265280,0.64820000,14784.70000000,0.6453
1749265280,0.64830000,26617.90000000,0.6453
1749265280,0.64840000,5172.70000000,0.6453
1749265280,0.64850000,7595.50000000,0.6453
1749265280,0.64860000,212.50000000,0.6453
1749265280,0.64870000,8647.10000000,0.6453
1749265280,0.64880000,3808.50000000,0.6453
1749265280,0.64890000,1436.90000000,0.6453
1749265280,0.64900000,30631.80000000,0.6453
1749265280,0.64910000,3095.40000000,0.6453
1749265280,0.64920000,4070.30000000,0.6453
1749265280,0.64930000,3173.90000000,0.6453
1749265280,0.64940000,27.30000000,0.6453
1749265280,0.64950000,3726.10000000,0.6453
1749265280,0.64960000,6219.60000000,0.6453
1749265280,0.64970000,4291.00000000,0.6453
1749265280,0.64980000,3260.00000000,0.6453
1749265280,0.64990000,46.70000000,0.6453
1749265280,0.65000000,3032.40000000,0.6453
1749265280,0.65010000,5483.30000000,0.6453
1749265280,0.65020000,15.60000000,0.6453
1749265280,0.65030000,2966.50000000,0.6453
1749265280,0.65040000,24.10000000,0.6453
1749265280,0.65050000,4377.70000000,0.6453
1749265280,0.65060000,2097.20000000,0.6453
1749265280,0.65070000,3173.90000000,0.6453
1749265280,0.65080000,78.00000000,0.6453
1749265280,0.65090000,27.30000000,0.6453
1749265280,0.65100000,24.10000000,0.6453
1749265280,0.65110000,1121.00000000,0.6453
1749265280,0.65120000,116.90000000,0.6453
1749265280,0.65130000,2159.00000000,0.6453
1749265280,0.65140000,4396.40000000,0.6453
1749265280,0.65150000,18088.50000000,0.6453
1749265280,0.65160000,24.10000000,0.6453
1749265280,0.65170000,630.30000000,0.6453
1749265280,0.65180000,1132.70000000,0.6453
1749265280,0.65190000,15414.40000000,0.6453
1749265280,0.65200000,4595.10000000,0.6453
1749265280,0.65210000,27.30000000,0.6453
1749265280,0.65220000,8871.30000000,0.6453
1749265280,0.65230000,1894.20000000,0.6453
1749265280,0.65240000,8254.20000000,0.6453
1749265280,0.65250000,1409.00000000,0.6453
1749265280,0.65260000,15.60000000,0.6453
1749265280,0.65270000,27.20000000,0.6453
1749265280,0.65280000,1446.80000000,0.6453
1749265280,0.65290000,814.50000000,0.6453
1749265280,0.65300000,1077.60000000,0.6453
1749265280,0.65310000,1421.20000000,0.6453
1749265280,0.65320000,115.10000000,0.6453
1749265280,0.65330000,35.80000000,0.6453
1749265280,0.65340000,3158.30000000,0.6453
1749265280,0.65350000,3933.00000000,0.6453
1749265280,0.65390000,112.80000000,0.6453
1749265280,0.65440000,783.20000000,0.6453
1749265280,0.65450000,8.00000000,0.6453
1749265280,0.65480000,395.30000000,0.6453
1749265280,0.65490000,18.80000000,0.6453
1749265280,0.65500000,6835.10000000,0.6453
1749265280,0.65510000,116.50000000,0.6453
1749265280,0.65560000,109.20000000,0.6453
1749265280,0.65590000,825.00000000,0.6453
1749265280,0.65600000,1649.90000000,0.6453
1749265280,0.65610000,17.70000000,0.6453
1749265280,0.65660000,5034.00000000,0.6453
1749265280,0.65680000,88.30000000,0.6453
1749265280,0.65720000,14.70000000,0.6453
1749265280,0.65730000,71.20000000,0.6453
1749265280,0.65740000,10.00000000,0.6453
1749265280,0.65750000,132.60000000,0.6453
1749265587,0.64880000,24.00000000,0.6488
1749265587,0.64890000,420.70000000,0.6488
1749265587,0.64900000,5288.30000000,0.6488
1749265587,0.64910000,3022.50000000,0.6488
1749265587,0.64920000,4638.70000000,0.6488
1749265587,0.64930000,3397.50000000,0.6488
1749265587,0.64940000,3218.90000000,0.6488
1749265587,0.64950000,2566.50000000,0.6488
1749265587,0.64960000,4862.20000000,0.6488
1749265587,0.64970000,11856.10000000,0.6488
1749265587,0.64980000,7567.90000000,0.6488
1749265587,0.64990000,5306.80000000,0.6488
1749265587,0.65000000,6663.90000000,0.6488
1749265587,0.65010000,10201.30000000,0.6488
1749265587,0.65020000,17214.80000000,0.6488
1749265587,0.65030000,19603.60000000,0.6488
1749265587,0.65040000,30381.90000000,0.6488
1749265587,0.65050000,12468.40000000,0.6488
1749265587,0.65060000,4551.50000000,0.6488
1749265587,0.65070000,11076.50000000,0.6488
1749265587,0.65080000,375.60000000,0.6488
1749265587,0.65090000,10890.00000000,0.6488
1749265587,0.65100000,38241.80000000,0.6488
1749265587,0.65110000,22131.70000000,0.6488
1749265587,0.65120000,3329.30000000,0.6488
1749265587,0.65130000,9553.10000000,0.6488
1749265587,0.65140000,7983.20000000,0.6488
1749265587,0.65150000,14101.10000000,0.6488
1749265587,0.65160000,24.10000000,0.6488
1749265587,0.65170000,4232.10000000,0.6488
1749265587,0.65180000,12184.70000000,0.6488
1749265587,0.65190000,4339.40000000,0.6488
1749265587,0.65200000,27969.10000000,0.6488
1749265587,0.65210000,3312.50000000,0.6488
1749265587,0.65220000,1805.30000000,0.6488
1749265587,0.65230000,4997.80000000,0.6488
1749265587,0.65240000,3185.60000000,0.6488
1749265587,0.65250000,1409.00000000,0.6488
1749265587,0.65260000,15.60000000,0.6488
1749265587,0.65270000,4057.30000000,0.6488
1749265587,0.65280000,1455.30000000,0.6488
1749265587,0.65290000,56.90000000,0.6488
1749265587,0.65300000,2951.90000000,0.6488
1749265587,0.65310000,2709.00000000,0.6488
1749265587,0.65320000,1236.00000000,0.6488
1749265587,0.65330000,15450.10000000,0.6488
1749265587,0.65340000,3182.30000000,0.6488
1749265587,0.65350000,15.50000000,0.6488
1749265587,0.65360000,2951.80000000,0.6488
1749265587,0.65370000,1120.90000000,0.6488
1749265587,0.65380000,15.50000000,0.6488
1749265587,0.65390000,139.90000000,0.6488
1749265587,0.65400000,1445.20000000,0.6488
1749265587,0.65410000,266.90000000,0.6488
1749265587,0.65420000,1132.50000000,0.6488
1749265587,0.65430000,15.50000000,0.6488
1749265587,0.65440000,3957.00000000,0.6488
1749265587,0.65450000,4920.70000000,0.6488
1749265587,0.65460000,24.00000000,0.6488
1749265587,0.65470000,15.50000000,0.6488
1749265587,0.65480000,422.40000000,0.6488
1749265587,0.65490000,1455.50000000,0.6488
1749265587,0.65500000,19070.70000000,0.6488
1749265587,0.65510000,132.00000000,0.6488
1749265587,0.65520000,15.50000000,0.6488
1749265587,0.65530000,15.50000000,0.6488
1749265587,0.65540000,3173.80000000,0.6488
1749265587,0.65550000,15.50000000,0.6488
1749265587,0.65560000,4057.70000000,0.6488
1749265587,0.65570000,15.50000000,0.6488
1749265587,0.65580000,2502.50000000,0.6488
1749265587,0.65590000,840.50000000,0.6488
1749265587,0.65600000,1665.40000000,0.6488
1749265587,0.65610000,33.20000000,0.6488
1749265587,0.65620000,15.50000000,0.6488
1749265587,0.65630000,15.50000000,0.6488
1749265587,0.65660000,5034.00000000,0.6488
1749265587,0.65680000,88.30000000,0.6488
1749265587,0.65720000,14.70000000,0.6488
1749265587,0.65730000,71.20000000,0.6488
1749265587,0.65740000,10.00000000,0.6488
1749265587,0.65750000,132.60000000,0.6488
1749265587,0.65800000,2371.10000000,0.6488
1749265587,0.65850000,3881.50000000,0.6488
1749265587,0.65860000,64.70000000,0.6488
1749265587,0.65880000,115.80000000,0.6488
1749265587,0.65890000,41.30000000,0.6488
1749265587,0.65920000,7.60000000,0.6488
1749265587,0.65970000,704.10000000,0.6488
1749265587,0.65980000,30804.80000000,0.6488
1749265587,0.65990000,15430.40000000,0.6488
1749265587,0.66000000,15855.20000000,0.6488
1749265587,0.66030000,181.70000000,0.6488
1749265587,0.66060000,175.50000000,0.6488
1749265587,0.66070000,30.10000000,0.6488
1749265587,0.66150000,10.00000000,0.6488
1749265587,0.66160000,281.50000000,0.6488
1749265587,0.66180000,41.30000000,0.6488
1749265587,0.66200000,3881.60000000,0.6488
1749265587,0.66210000,241.30000000,0.6488
1749265888,0.64840000,1535.00000000,0.6483
1749265888,0.64850000,3035.20000000,0.6483
1749265888,0.64860000,3548.10000000,0.6483
1749265888,0.64870000,4403.20000000,0.6483
1749265888,0.64880000,3608.50000000,0.6483
1749265888,0.64890000,6566.90000000,0.6483
1749265888,0.64900000,12284.60000000,0.6483
1749265888,0.64910000,19396.80000000,0.6483
1749265888,0.64920000,37440.20000000,0.6483
1749265888,0.64930000,9460.80000000,0.6483
1749265888,0.64940000,7822.20000000,0.6483
1749265888,0.64950000,6017.20000000,0.6483
1749265888,0.64960000,5675.30000000,0.6483
1749265888,0.64970000,20257.60000000,0.6483
1749265888,0.64980000,12068.00000000,0.6483
1749265888,0.64990000,2972.00000000,0.6483
1749265888,0.65000000,17388.50000000,0.6483
1749265888,0.65010000,2902.20000000,0.6483
1749265888,0.65020000,8163.50000000,0.6483
1749265888,0.65030000,7453.30000000,0.6483
1749265888,0.65040000,1142.50000000,0.6483
1749265888,0.65050000,5228.40000000,0.6483
1749265888,0.65060000,4436.20000000,0.6483
1749265888,0.65070000,11076.50000000,0.6483
1749265888,0.65080000,375.60000000,0.6483
1749265888,0.65090000,7465.00000000,0.6483
1749265888,0.65100000,7838.60000000,0.6483
1749265888,0.65110000,42494.80000000,0.6483
1749265888,0.65120000,7934.20000000,0.6483
1749265888,0.65130000,15473.10000000,0.6483
1749265888,0.65140000,7983.20000000,0.6483
1749265888,0.65150000,15373.40000000,0.6483
1749265888,0.65160000,24.10000000,0.6483
1749265888,0.65170000,2942.60000000,0.6483
1749265888,0.65180000,4903.30000000,0.6483
1749265888,0.65190000,4780.50000000,0.6483
1749265888,0.65200000,27609.10000000,0.6483
1749265888,0.65210000,3951.00000000,0.6483
1749265888,0.65220000,1445.30000000,0.6483
1749265888,0.65230000,4997.80000000,0.6483
1749265888,0.65240000,3185.60000000,0.6483
1749265888,0.65250000,1409.00000000,0.6483
1749265888,0.65260000,15.60000000,0.6483
1749265888,0.65270000,4057.80000000,0.6483
1749265888,0.65280000,1455.30000000,0.6483
1749265888,0.65290000,56.90000000,0.6483
1749265888,0.65300000,27.20000000,0.6483
1749265888,0.65310000,1436.70000000,0.6483
1749265888,0.65320000,1236.00000000,0.6483
1749265888,0.65330000,51.30000000,0.6483
1749265888,0.65340000,3182.30000000,0.6483
1749265888,0.65350000,15.50000000,0.6483
1749265888,0.65360000,27.10000000,0.6483
1749265888,0.65370000,1506.30000000,0.6483
1749265888,0.65380000,15.50000000,0.6483
1749265888,0.65390000,139.90000000,0.6483
1749265888,0.65400000,1445.20000000,0.6483
1749265888,0.65410000,266.90000000,0.6483
1749265888,0.65420000,1132.50000000,0.6483
1749265888,0.65430000,18339.50000000,0.6483
1749265888,0.65440000,8223.30000000,0.6483
1749265888,0.65450000,649.80000000,0.6483
1749265888,0.65460000,24.00000000,0.6483
1749265888,0.65470000,15.50000000,0.6483
1749265888,0.65480000,422.40000000,0.6483
1749265888,0.65490000,1455.50000000,0.6483
1749265888,0.65500000,19072.00000000,0.6483
1749265888,0.65510000,143.60000000,0.6483
1749265888,0.65520000,15.50000000,0.6483
1749265888,0.65530000,15.50000000,0.6483
1749265888,0.65540000,3173.80000000,0.6483
1749265888,0.65550000,15.50000000,0.6483
1749265888,0.65560000,4057.70000000,0.6483
1749265888,0.65570000,15.50000000,0.6483
1749265888,0.65580000,1436.70000000,0.6483
1749265888,0.65590000,1902.50000000,0.6483
1749265888,0.65600000,1649.90000000,0.6483
1749265888,0.65610000,17.70000000,0.6483
1749265888,0.65660000,5034.00000000,0.6483
1749265888,0.65680000,88.30000000,0.6483
1749265888,0.65720000,14.70000000,0.6483
1749265888,0.65730000,71.20000000,0.6483
1749265888,0.65740000,10.00000000,0.6483
1749265888,0.65750000,132.60000000,0.6483
1749265888,0.65800000,2371.10000000,0.6483
1749265888,0.65850000,3881.50000000,0.6483
1749265888,0.65860000,64.70000000,0.6483
1749265888,0.65880000,115.80000000,0.6483
1749265888,0.65890000,41.30000000,0.6483
1749265888,0.65920000,7.60000000,0.6483
1749265888,0.65970000,704.10000000,0.6483
1749265888,0.65980000,30797.70000000,0.6483
1749265888,0.65990000,15430.40000000,0.6483
1749265888,0.66000000,17680.10000000,0.6483
1749265888,0.66030000,181.70000000,0.6483
1749265888,0.66060000,175.50000000,0.6483
1749265888,0.66070000,30.10000000,0.6483
1749265888,0.66150000,10.00000000,0.6483
1749265888,0.66160000,281.50000000,0.6483
1749265888,0.66180000,41.30000000,0.6483
1749266190,0.64970000,570.20000000,0.6496
1749266190,0.64980000,2097.40000000,0.6496
1749266190,0.64990000,4105.70000000,0.6496
1749266190,0.65000000,4813.40000000,0.6496
1749266190,0.65010000,2718.00000000,0.6496
1749266190,0.65020000,2754.10000000,0.6496
1749266190,0.65030000,3703.20000000,0.6496
1749266190,0.65040000,4540.60000000,0.6496
1749266190,0.65050000,6232.20000000,0.6496
1749266190,0.65060000,7291.10000000,0.6496
1749266190,0.65070000,9225.50000000,0.6496
1749266190,0.65080000,13855.40000000,0.6496
1749266190,0.65090000,15371.00000000,0.6496
1749266190,0.65100000,12641.70000000,0.6496
1749266190,0.65110000,21042.60000000,0.6496
1749266190,0.65120000,28631.60000000,0.6496
1749266190,0.65130000,16506.40000000,0.6496
1749266190,0.65140000,24731.50000000,0.6496
1749266190,0.65150000,18354.80000000,0.6496
1749266190,0.65160000,24.10000000,0.6496
1749266190,0.65170000,3430.90000000,0.6496
1749266190,0.65180000,4424.20000000,0.6496
1749266190,0.65190000,45726.10000000,0.6496
1749266190,0.65200000,37106.00000000,0.6496
1749266190,0.65210000,3312.50000000,0.6496
1749266190,0.65220000,17126.70000000,0.6496
1749266190,0.65230000,11269.10000000,0.6496
1749266190,0.65240000,11440.10000000,0.6496
1749266190,0.65250000,1769.00000000,0.6496
1749266190,0.65260000,15.60000000,0.6496
1749266190,0.65270000,4417.80000000,0.6496
1749266190,0.65280000,5168.40000000,0.6496
1749266190,0.65290000,4380.70000000,0.6496
1749266190,0.65300000,10998.20000000,0.6496
1749266190,0.65310000,2664.10000000,0.6496
1749266190,0.65320000,2397.10000000,0.6496
1749266190,0.65330000,4603.80000000,0.6496
1749266190,0.65340000,6461.60000000,0.6496
1749266190,0.65350000,15.50000000,0.6496
1749266190,0.65360000,3307.30000000,0.6496
1749266190,0.65370000,10213.30000000,0.6496
1749266190,0.65380000,15.50000000,0.6496
1749266190,0.65390000,3060.10000000,0.6496
1749266190,0.65400000,1805.20000000,0.6496
1749266190,0.65410000,626.90000000,0.6496
1749266190,0.65420000,4054.10000000,0.6496
1749266190,0.65430000,15.50000000,0.6496
1749266190,0.65440000,3957.00000000,0.6496
1749266190,0.65450000,649.80000000,0.6496
1749266190,0.65460000,2944.20000000,0.6496
1749266190,0.65470000,5370.30000000,0.6496
1749266190,0.65480000,422.40000000,0.6496
1749266190,0.65490000,16854.30000000,0.6496
1749266190,0.65500000,11672.40000000,0.6496
1749266190,0.65510000,143.60000000,0.6496
1749266190,0.65520000,1129.30000000,0.6496
1749266190,0.65530000,15.50000000,0.6496
1749266190,0.65540000,3185.40000000,0.6496
1749266190,0.65550000,15.50000000,0.6496
1749266190,0.65560000,133.90000000,0.6496
1749266190,0.65570000,27.10000000,0.6496
1749266190,0.65580000,1445.10000000,0.6496
1749266190,0.65590000,1902.50000000,0.6496
1749266190,0.65600000,1677.00000000,0.6496
1749266190,0.65610000,33.20000000,0.6496
1749266190,0.65620000,15.50000000,0.6496
1749266190,0.65630000,7402.00000000,0.6496
1749266190,0.65640000,3173.80000000,0.6496
1749266190,0.65650000,15.50000000,0.6496
1749266190,0.65660000,5049.50000000,0.6496
1749266190,0.65670000,5369.70000000,0.6496
1749266190,0.65680000,103.80000000,0.6496
1749266190,0.65690000,15.50000000,0.6496
1749266190,0.65700000,15.50000000,0.6496
1749266190,0.65710000,15.50000000,0.6496
1749266190,0.65720000,30.20000000,0.6496
1749266190,0.65730000,71.20000000,0.6496
1749266190,0.65740000,10.00000000,0.6496
1749266190,0.65750000,132.60000000,0.6496
1749266190,0.65760000,1421.20000000,0.6496
1749266190,0.65800000,2371.10000000,0.6496
1749266190,0.65860000,64.70000000,0.6496
1749266190,0.65880000,115.80000000,0.6496
1749266190,0.65890000,41.30000000,0.6496
1749266190,0.65920000,7.60000000,0.6496
1749266190,0.65970000,704.10000000,0.6496
1749266190,0.65990000,30829.30000000,0.6496
1749266190,0.66000000,17680.10000000,0.6496
1749266190,0.66020000,3881.50000000,0.6496
1749266190,0.66030000,181.70000000,0.6496
1749266190,0.66060000,175.50000000,0.6496
1749266190,0.66070000,30.10000000,0.6496
1749266190,0.66150000,10.00000000,0.6496
1749266190,0.66160000,281.50000000,0.6496
1749266190,0.66180000,41.30000000,0.6496
1749266190,0.66220000,1923.90000000,0.6496
1749266190,0.66230000,151.90000000,0.6496
1749266190,0.66240000,19.00000000,0.6496
1749266190,0.66250000,210.80000000,0.6496
1749266190,0.66270000,12.40000000,0.6496
1749266492,0.65130000,239.80000000,0.6512
1749266492,0.65140000,2591.30000000,0.6512
1749266492,0.65150000,13632.40000000,0.6512
1749266492,0.65160000,2012.10000000,0.6512
1749266492,0.65170000,4283.80000000,0.6512
1749266492,0.65180000,12733.80000000,0.6512
1749266492,0.65190000,15340.40000000,0.6512
1749266492,0.65200000,23095.80000000,0.6512
1749266492,0.65210000,11400.60000000,0.6512
1749266492,0.65220000,5291.80000000,0.6512
1749266492,0.65230000,7356.30000000,0.6512
1749266492,0.65240000,10298.80000000,0.6512
1749266492,0.65250000,13846.00000000,0.6512
1749266492,0.65260000,7837.10000000,0.6512
1749266492,0.65270000,11525.40000000,0.6512
1749266492,0.65280000,2484.20000000,0.6512
1749266492,0.65290000,4380.70000000,0.6512
1749266492,0.65300000,2947.40000000,0.6512
1749266492,0.65310000,375.50000000,0.6512
1749266492,0.65320000,9368.40000000,0.6512
1749266492,0.65330000,5795.40000000,0.6512
1749266492,0.65340000,1479.10000000,0.6512
1749266492,0.65350000,5618.40000000,0.6512
1749266492,0.65360000,4218.30000000,0.6512
1749266492,0.65370000,6060.40000000,0.6512
1749266492,0.65380000,4689.40000000,0.6512
1749266492,0.65390000,50531.30000000,0.6512
1749266492,0.65400000,18394.80000000,0.6512
1749266492,0.65410000,7032.00000000,0.6512
1749266492,0.65420000,3863.50000000,0.6512
1749266492,0.65430000,375.50000000,0.6512
1749266492,0.65440000,4070.40000000,0.6512
1749266492,0.65450000,3553.40000000,0.6512
1749266492,0.65460000,3309.60000000,0.6512
1749266492,0.65470000,2320.00000000,0.6512
1749266492,0.65480000,4509.10000000,0.6512
1749266492,0.65490000,8937.60000000,0.6512
1749266492,0.65500000,14954.70000000,0.6512
1749266492,0.65510000,3165.60000000,0.6512
1749266492,0.65520000,1489.30000000,0.6512
1749266492,0.65530000,2929.90000000,0.6512
1749266492,0.65540000,4817.70000000,0.6512
1749266492,0.65550000,15.50000000,0.6512
1749266492,0.65560000,133.90000000,0.6512
1749266492,0.65570000,1132.50000000,0.6512
1749266492,0.65580000,1445.10000000,0.6512
1749266492,0.65590000,3751.80000000,0.6512
1749266492,0.65600000,2107.40000000,0.6512
1749266492,0.65610000,33.20000000,0.6512
1749266492,0.65620000,1120.90000000,0.6512
1749266492,0.65630000,27.10000000,0.6512
1749266492,0.65640000,23.90000000,0.6512
1749266492,0.65650000,2542.10000000,0.6512
1749266492,0.65660000,5061.10000000,0.6512
1749266492,0.65670000,1436.70000000,0.6512
1749266492,0.65680000,355.20000000,0.6512
1749266492,0.65690000,27.10000000,0.6512
1749266492,0.65700000,1129.30000000,0.6512
1749266492,0.65710000,15369.40000000,0.6512
1749266492,0.65720000,4202.70000000,0.6512
1749266492,0.65730000,7460.30000000,0.6512
1749266492,0.65740000,640.20000000,0.6512
1749266492,0.65750000,1265.10000000,0.6512
1749266492,0.65760000,1436.70000000,0.6512
1749266492,0.65770000,15.50000000,0.6512
1749266492,0.65780000,15.50000000,0.6512
1749266492,0.65790000,4774.90000000,0.6512
1749266492,0.65800000,2386.50000000,0.6512
1749266492,0.65810000,15.40000000,0.6512
1749266492,0.65820000,15.40000000,0.6512
1749266492,0.65830000,15.40000000,0.6512
1749266492,0.65840000,15.40000000,0.6512
1749266492,0.65850000,1436.60000000,0.6512
1749266492,0.65860000,80.10000000,0.6512
1749266492,0.65870000,15.40000000,0.6512
1749266492,0.65880000,5138.20000000,0.6512
1749266492,0.65890000,41.30000000,0.6512
1749266492,0.65920000,7.60000000,0.6512
1749266492,0.65940000,1421.20000000,0.6512
1749266492,0.65970000,2125.30000000,0.6512
1749266492,0.65990000,16839.80000000,0.6512
1749266492,0.66000000,17680.10000000,0.6512
1749266492,0.66020000,3881.50000000,0.6512
1749266492,0.66060000,175.50000000,0.6512
1749266492,0.66070000,30.10000000,0.6512
1749266492,0.66150000,10.00000000,0.6512
1749266492,0.66160000,281.50000000,0.6512
1749266492,0.66180000,41.30000000,0.6512
1749266492,0.66230000,151.90000000,0.6512
1749266492,0.66240000,19.00000000,0.6512
1749266492,0.66250000,210.80000000,0.6512
1749266492,0.66270000,12.40000000,0.6512
1749266492,0.66330000,52.10000000,0.6512
1749266492,0.66350000,180.80000000,0.6512
1749266492,0.66360000,10.00000000,0.6512
1749266492,0.66370000,3881.60000000,0.6512
1749266492,0.66380000,1633.30000000,0.6512
1749266492,0.66400000,107.60000000,0.6512
1749266492,0.66420000,16.10000000,0.6512
1749266492,0.66480000,2019.10000000,0.6512
1749266793,0.65600000,1754.60000000,0.6559
1749266793,0.65610000,1029.80000000,0.6559
1749266793,0.65620000,1830.40000000,0.6559
1749266793,0.65630000,2465.30000000,0.6559
1749266793,0.65640000,2661.20000000,0.6559
1749266793,0.65650000,3903.80000000,0.6559
1749266793,0.65660000,3449.40000000,0.6559
1749266793,0.65670000,5595.50000000,0.6559
1749266793,0.65680000,8763.00000000,0.6559
1749266793,0.65690000,8078.20000000,0.6559
1749266793,0.65700000,6749.80000000,0.6559
1749266793,0.65710000,8843.70000000,0.6559
1749266793,0.65720000,16593.60000000,0.6559
1749266793,0.65730000,18452.20000000,0.6559
1749266793,0.65740000,14950.50000000,0.6559
1749266793,0.65750000,3559.30000000,0.6559
1749266793,0.65760000,4019.20000000,0.6559
1749266793,0.65770000,3173.80000000,0.6559
1749266793,0.65780000,11584.00000000,0.6559
1749266793,0.65790000,27389.80000000,0.6559
1749266793,0.65800000,15042.20000000,0.6559
1749266793,0.65810000,27.00000000,0.6559
1749266793,0.65820000,23.80000000,0.6559
1749266793,0.65830000,2907.60000000,0.6559
1749266793,0.65840000,5350.10000000,0.6559
1749266793,0.65850000,2542.00000000,0.6559
1749266793,0.65860000,603.20000000,0.6559
1749266793,0.65870000,3758.20000000,0.6559
1749266793,0.65880000,4103.40000000,0.6559
1749266793,0.65890000,12254.50000000,0.6559
1749266793,0.65900000,8352.20000000,0.6559
1749266793,0.65910000,11923.30000000,0.6559
1749266793,0.65920000,26124.30000000,0.6559
1749266793,0.65930000,218.40000000,0.6559
1749266793,0.65940000,8399.80000000,0.6559
1749266793,0.65950000,1120.80000000,0.6559
1749266793,0.65960000,3491.70000000,0.6559
1749266793,0.65970000,3413.00000000,0.6559
1749266793,0.65980000,24338.40000000,0.6559
1749266793,0.65990000,1479.70000000,0.6559
1749266793,0.66000000,22175.20000000,0.6559
1749266793,0.66010000,1061.60000000,0.6559
1749266793,0.66020000,1132.30000000,0.6559
1749266793,0.66030000,15.40000000,0.6559
1749266793,0.66040000,3173.70000000,0.6559
1749266793,0.66050000,4033.10000000,0.6559
1749266793,0.66060000,199.30000000,0.6559
1749266793,0.66070000,1150.90000000,0.6559
1749266793,0.66080000,1448.10000000,0.6559
1749266793,0.66090000,15.40000000,0.6559
1749266793,0.66100000,15.40000000,0.6559
1749266793,0.66110000,26.90000000,0.6559
1749266793,0.66120000,8450.40000000,0.6559
1749266793,0.66130000,15.40000000,0.6559
1749266793,0.66140000,26.90000000,0.6559
1749266793,0.66150000,1446.50000000,0.6559
1749266793,0.66160000,296.80000000,0.6559
1749266793,0.66170000,2553.40000000,0.6559
1749266793,0.66180000,65.00000000,0.6559
1749266793,0.66190000,15.30000000,0.6559
1749266793,0.66200000,603.10000000,0.6559
1749266793,0.66210000,266.70000000,0.6559
1749266793,0.66220000,1178.40000000,0.6559
1749266793,0.66230000,1599.90000000,0.6559
1749266793,0.66240000,34.30000000,0.6559
1749266793,0.66250000,226.10000000,0.6559
1749266793,0.66260000,1448.00000000,0.6559
1749266793,0.66270000,27.70000000,0.6559
1749266793,0.66280000,15.30000000,0.6559
1749266793,0.66290000,26.80000000,0.6559
1749266793,0.66300000,15.30000000,0.6559
1749266793,0.66310000,15256.90000000,0.6559
1749266793,0.66320000,5841.50000000,0.6559
1749266793,0.66330000,67.40000000,0.6559
1749266793,0.66340000,3948.30000000,0.6559
1749266793,0.66350000,1436.50000000,0.6559
1749266793,0.66360000,10.00000000,0.6559
1749266793,0.66380000,1392.00000000,0.6559
1749266793,0.66400000,107.60000000,0.6559
1749266793,0.66420000,16.10000000,0.6559
1749266793,0.66440000,1421.20000000,0.6559
1749266793,0.66480000,41.30000000,0.6559
1749266793,0.66490000,281.50000000,0.6559
1749266793,0.66500000,981.60000000,0.6559
1749266793,0.66510000,18.80000000,0.6559
1749266793,0.66540000,35.00000000,0.6559
1749266793,0.66550000,3892.00000000,0.6559
1749266793,0.66580000,33.00000000,0.6559
1749266793,0.66600000,4885.90000000,0.6559
1749266793,0.66620000,114.50000000,0.6559
1749266793,0.66660000,26.20000000,0.6559
1749266793,0.66670000,12.20000000,0.6559
1749266793,0.66680000,7.50000000,0.6559
1749266793,0.66770000,153.80000000,0.6559
1749266793,0.66790000,282.60000000,0.6559
1749266793,0.66800000,27.20000000,0.6559
1749266793,0.66820000,281.50000000,0.6559
1749266793,0.66860000,12.00000000,0.6559
1749266793,0.66900000,179.30000000,0.6559
1749266793,0.66910000,15.80000000,0.6559
1749267095,0.65390000,208.20000000,0.6538
1749267095,0.65400000,955.80000000,0.6538
1749267095,0.65410000,1668.60000000,0.6538
1749267095,0.65420000,1849.10000000,0.6538
1749267095,0.65430000,951.70000000,0.6538
1749267095,0.65440000,3871.70000000,0.6538
1749267095,0.65450000,8394.10000000,0.6538
1749267095,0.65460000,5082.80000000,0.6538
1749267095,0.65470000,4768.90000000,0.6538
1749267095,0.65480000,6308.70000000,0.6538
1749267095,0.65490000,1294.20000000,0.6538
1749267095,0.65500000,1544.80000000,0.6538
1749267095,0.65510000,2924.90000000,0.6538
1749267095,0.65520000,13731.10000000,0.6538
1749267095,0.65530000,33940.10000000,0.6538
1749267095,0.65540000,1500.60000000,0.6538
1749267095,0.65550000,1537.60000000,0.6538
1749267095,0.65560000,3285.10000000,0.6538
1749267095,0.65570000,1887.80000000,0.6538
1749267095,0.65580000,5899.70000000,0.6538
1749267095,0.65590000,15111.80000000,0.6538
1749267095,0.65600000,62285.50000000,0.6538
1749267095,0.65610000,7631.30000000,0.6538
1749267095,0.65620000,2913.60000000,0.6538
1749267095,0.65630000,7001.50000000,0.6538
1749267095,0.65640000,9666.90000000,0.6538
1749267095,0.65650000,538.40000000,0.6538
1749267095,0.65660000,3030.70000000,0.6538
1749267095,0.65670000,1120.70000000,0.6538
1749267095,0.65680000,7225.70000000,0.6538
1749267095,0.65690000,4498.10000000,0.6538
1749267095,0.65700000,11640.50000000,0.6538
1749267095,0.65710000,7726.80000000,0.6538
1749267095,0.65720000,3494.90000000,0.6538
1749267095,0.65730000,4958.80000000,0.6538
1749267095,0.65740000,4909.20000000,0.6538
1749267095,0.65750000,159.70000000,0.6538
1749267095,0.65760000,4858.30000000,0.6538
1749267095,0.65770000,3937.80000000,0.6538
1749267095,0.65780000,7306.20000000,0.6538
1749267095,0.65790000,3187.60000000,0.6538
1749267095,0.65800000,3491.90000000,0.6538
1749267095,0.65810000,27.00000000,0.6538
1749267095,0.65820000,23.80000000,0.6538
1749267095,0.65830000,1287.70000000,0.6538
1749267095,0.65840000,3185.20000000,0.6538
1749267095,0.65850000,2542.00000000,0.6538
1749267095,0.65860000,80.10000000,0.6538
1749267095,0.65870000,26.90000000,0.6538
1749267095,0.65880000,391.00000000,0.6538
1749267095,0.65890000,56.70000000,0.6538
1749267095,0.65900000,1132.30000000,0.6538
1749267095,0.65910000,15257.00000000,0.6538
1749267095,0.65920000,12836.40000000,0.6538
1749267095,0.65930000,26.90000000,0.6538
1749267095,0.65940000,1445.00000000,0.6538
1749267095,0.65950000,1120.80000000,0.6538
1749267095,0.65960000,26.90000000,0.6538
1749267095,0.65970000,2140.70000000,0.6538
1749267095,0.65980000,1120.80000000,0.6538
1749267095,0.65990000,1479.70000000,0.6538
1749267095,0.66000000,14557.90000000,0.6538
1749267095,0.66010000,630.10000000,0.6538
1749267095,0.66020000,26.90000000,0.6538
1749267095,0.66030000,15.40000000,0.6538
1749267095,0.66040000,15.40000000,0.6538
1749267095,0.66050000,26.90000000,0.6538
1749267095,0.66060000,190.90000000,0.6538
1749267095,0.66070000,45.50000000,0.6538
1749267095,0.66080000,1448.10000000,0.6538
1749267095,0.66090000,15.40000000,0.6538
1749267095,0.66100000,15.40000000,0.6538
1749267095,0.66110000,26.90000000,0.6538
1749267095,0.66120000,15.40000000,0.6538
1749267095,0.66130000,4712.30000000,0.6538
1749267095,0.66140000,26.90000000,0.6538
1749267095,0.66150000,1431.20000000,0.6538
1749267095,0.66160000,281.50000000,0.6538
1749267095,0.66170000,1432.70000000,0.6538
1749267095,0.66180000,41.30000000,0.6538
1749267095,0.66190000,1056.70000000,0.6538
1749267095,0.66200000,11.50000000,0.6538
1749267095,0.66220000,57.70000000,0.6538
1749267095,0.66230000,1584.60000000,0.6538
1749267095,0.66240000,19.00000000,0.6538
1749267095,0.66250000,210.80000000,0.6538
1749267095,0.66260000,1432.70000000,0.6538
1749267095,0.66270000,12.40000000,0.6538
1749267095,0.66290000,11.50000000,0.6538
1749267095,0.66320000,4759.40000000,0.6538
1749267095,0.66330000,52.10000000,0.6538
1749267095,0.66350000,1421.20000000,0.6538
1749267095,0.66360000,10.00000000,0.6538
1749267095,0.66370000,3881.50000000,0.6538
1749267095,0.66380000,1392.00000000,0.6538
1749267095,0.66400000,107.60000000,0.6538
1749267095,0.66420000,16.10000000,0.6538
1749267095,0.66440000,1421.20000000,0.6538
1749267095,0.66480000,41.30000000,0.6538
1749267095,0.66490000,281.50000000,0.6538
1749267396,0.65570000,661.80000000,0.6557
1749267396,0.65580000,2915.70000000,0.6557
1749267396,0.65590000,3035.40000000,0.6557
1749267396,0.65600000,3180.20000000,0.6557
1749267396,0.65610000,1643.20000000,0.6557
1749267396,0.65620000,1633.30000000,0.6557
1749267396,0.65630000,2029.40000000,0.6557
1749267396,0.65640000,4146.50000000,0.6557
1749267396,0.65650000,5994.60000000,0.6557
1749267396,0.65660000,9650.70000000,0.6557
1749267396,0.65670000,7215.50000000,0.6557
1749267396,0.65680000,7399.60000000,0.6557
1749267396,0.65690000,3134.50000000,0.6557
1749267396,0.65700000,6913.90000000,0.6557
1749267396,0.65710000,11140.60000000,0.6557
1749267396,0.65720000,21083.40000000,0.6557
1749267396,0.65730000,30407.20000000,0.6557
1749267396,0.65740000,11942.00000000,0.6557
1749267396,0.65750000,519.70000000,0.6557
1749267396,0.65760000,4379.20000000,0.6557
1749267396,0.65770000,4297.80000000,0.6557
1749267396,0.65780000,3277.00000000,0.6557
1749267396,0.65790000,5956.70000000,0.6557
1749267396,0.65800000,48466.60000000,0.6557
1749267396,0.65810000,17019.60000000,0.6557
1749267396,0.65820000,570.60000000,0.6557
1749267396,0.65830000,10499.00000000,0.6557
1749267396,0.65840000,6654.80000000,0.6557
1749267396,0.65850000,2542.00000000,0.6557
1749267396,0.65860000,80.10000000,0.6557
1749267396,0.65870000,3442.20000000,0.6557
1749267396,0.65880000,10212.90000000,0.6557
1749267396,0.65890000,2948.90000000,0.6557
1749267396,0.65900000,8749.60000000,0.6557
1749267396,0.65910000,3207.20000000,0.6557
1749267396,0.65920000,16594.70000000,0.6557
1749267396,0.65930000,3027.20000000,0.6557
1749267396,0.65940000,4603.30000000,0.6557
1749267396,0.65950000,1120.80000000,0.6557
1749267396,0.65960000,866.00000000,0.6557
1749267396,0.65970000,2140.70000000,0.6557
1749267396,0.65980000,5084.60000000,0.6557
1749267396,0.65990000,3230.60000000,0.6557
1749267396,0.66000000,15830.20000000,0.6557
1749267396,0.66010000,1055.60000000,0.6557
1749267396,0.66020000,26.90000000,0.6557
1749267396,0.66030000,1120.80000000,0.6557
1749267396,0.66040000,15.40000000,0.6557
1749267396,0.66050000,26.90000000,0.6557
1749267396,0.66060000,199.30000000,0.6557
1749267396,0.66070000,4043.40000000,0.6557
1749267396,0.66080000,2553.50000000,0.6557
1749267396,0.66090000,15.40000000,0.6557
1749267396,0.66100000,15.40000000,0.6557
1749267396,0.66110000,26.90000000,0.6557
1749267396,0.66120000,15265.40000000,0.6557
1749267396,0.66130000,8106.40000000,0.6557
1749267396,0.66140000,26.80000000,0.6557
1749267396,0.66150000,1446.50000000,0.6557
1749267396,0.66160000,296.80000000,0.6557
1749267396,0.66170000,1448.00000000,0.6557
1749267396,0.66180000,65.00000000,0.6557
1749267396,0.66190000,15.30000000,0.6557
1749267396,0.66200000,26.80000000,0.6557
1749267396,0.66210000,15.30000000,0.6557
1749267396,0.66220000,73.00000000,0.6557
1749267396,0.66230000,1599.90000000,0.6557
1749267396,0.66240000,34.30000000,0.6557
1749267396,0.66250000,226.10000000,0.6557
1749267396,0.66260000,1448.00000000,0.6557
1749267396,0.66270000,27.70000000,0.6557
1749267396,0.66280000,15.30000000,0.6557
1749267396,0.66290000,26.80000000,0.6557
1749267396,0.66300000,15.30000000,0.6557
1749267396,0.66310000,15.30000000,0.6557
1749267396,0.66320000,5852.50000000,0.6557
1749267396,0.66330000,52.10000000,0.6557
1749267396,0.66340000,3933.00000000,0.6557
1749267396,0.66350000,1421.20000000,0.6557
1749267396,0.66360000,10.00000000,0.6557
1749267396,0.66370000,3881.50000000,0.6557
1749267396,0.66380000,1392.00000000,0.6557
1749267396,0.66400000,107.60000000,0.6557
1749267396,0.66420000,16.10000000,0.6557
1749267396,0.66440000,1421.20000000,0.6557
1749267396,0.66480000,41.30000000,0.6557
1749267396,0.66490000,281.50000000,0.6557
1749267396,0.66500000,981.60000000,0.6557
1749267396,0.66510000,18.80000000,0.6557
1749267396,0.66540000,35.00000000,0.6557
1749267396,0.66550000,10.50000000,0.6557
1749267396,0.66580000,33.00000000,0.6557
1749267396,0.66620000,294.60000000,0.6557
1749267396,0.66660000,26.20000000,0.6557
1749267396,0.66670000,12.20000000,0.6557
1749267396,0.66680000,7.50000000,0.6557
1749267396,0.66740000,3881.60000000,0.6557
1749267396,0.66770000,2084.80000000,0.6557
1749267396,0.66790000,282.60000000,0.6557
