timestamp,price,volume,current_price
1749258299,0.63390000,1005.60000000,0.6338
1749258299,0.63400000,964.70000000,0.6338
1749258299,0.63410000,4913.20000000,0.6338
1749258299,0.63420000,3785.60000000,0.6338
1749258299,0.63430000,3869.70000000,0.6338
1749258299,0.63440000,3139.30000000,0.6338
1749258299,0.63450000,3486.50000000,0.6338
1749258299,0.63460000,4275.10000000,0.6338
1749258299,0.63470000,8184.70000000,0.6338
1749258299,0.63480000,15295.50000000,0.6338
1749258299,0.63490000,3417.10000000,0.6338
1749258299,0.63500000,15031.60000000,0.6338
1749258299,0.63510000,8680.90000000,0.6338
1749258299,0.63520000,10822.70000000,0.6338
1749258299,0.63530000,20352.10000000,0.6338
1749258299,0.63540000,5266.70000000,0.6338
1749258299,0.63550000,14793.80000000,0.6338
1749258299,0.63560000,12719.00000000,0.6338
1749258299,0.63570000,8020.00000000,0.6338
1749258299,0.63580000,17291.80000000,0.6338
1749258299,0.63590000,16779.60000000,0.6338
1749258299,0.63600000,24263.00000000,0.6338
1749258299,0.63610000,21189.10000000,0.6338
1749258299,0.63620000,4119.50000000,0.6338
1749258299,0.63630000,436.70000000,0.6338
1749258299,0.63640000,4498.00000000,0.6338
1749258299,0.63650000,6685.20000000,0.6338
1749258299,0.63660000,3542.30000000,0.6338
1749258299,0.63670000,3196.60000000,0.6338
1749258299,0.63680000,8803.30000000,0.6338
1749258299,0.63690000,12125.40000000,0.6338
1749258299,0.63700000,3014.20000000,0.6338
1749258299,0.63710000,4607.30000000,0.6338
1749258299,0.63720000,4433.80000000,0.6338
1749258299,0.63730000,15.90000000,0.6338
1749258299,0.63740000,4006.30000000,0.6338
1749258299,0.63750000,3439.70000000,0.6338
1749258299,0.63760000,6778.90000000,0.6338
1749258299,0.63770000,10389.20000000,0.6338
1749258299,0.63780000,435.00000000,0.6338
1749258299,0.63790000,4429.70000000,0.6338
1749258299,0.63800000,7988.70000000,0.6338
1749258299,0.63810000,802.80000000,0.6338
1749258299,0.63820000,1121.30000000,0.6338
1749258299,0.63830000,3016.20000000,0.6338
1749258299,0.63840000,1576.90000000,0.6338
1749258299,0.63850000,10026.00000000,0.6338
1749258299,0.63860000,3802.70000000,0.6338
1749258299,0.63870000,3445.50000000,0.6338
1749258299,0.63880000,85.00000000,0.6338
1749258299,0.63890000,4458.40000000,0.6338
1749258299,0.63900000,24.60000000,0.6338
1749258299,0.63910000,15.90000000,0.6338
1749258299,0.63920000,1133.20000000,0.6338
1749258299,0.63930000,6319.50000000,0.6338
1749258299,0.63940000,15.90000000,0.6338
1749258299,0.63950000,287.30000000,0.6338
1749258299,0.63960000,24.50000000,0.6338
1749258299,0.63970000,2542.50000000,0.6338
1749258299,0.63980000,18584.90000000,0.6338
1749258299,0.63990000,527.10000000,0.6338
1749258299,0.64000000,678.60000000,0.6338
1749258299,0.64010000,9012.40000000,0.6338
1749258299,0.64020000,1129.90000000,0.6338
1749258299,0.64030000,146.30000000,0.6338
1749258299,0.64040000,27.80000000,0.6338
1749258299,0.64050000,15.90000000,0.6338
1749258299,0.64060000,15.90000000,0.6338
1749258299,0.64070000,4309.20000000,0.6338
1749258299,0.64080000,24.50000000,0.6338
1749258299,0.64090000,1453.10000000,0.6338
1749258299,0.64100000,27.70000000,0.6338
1749258299,0.64110000,15.80000000,0.6338
1749258299,0.64120000,1162.50000000,0.6338
1749258299,0.64130000,5381.90000000,0.6338
1749258299,0.64140000,15.80000000,0.6338
1749258299,0.64150000,1992.00000000,0.6338
1749258299,0.64160000,3170.20000000,0.6338
1749258299,0.64170000,2156.30000000,0.6338
1749258299,0.64180000,4788.00000000,0.6338
1749258299,0.64190000,52.80000000,0.6338
1749258299,0.64200000,77.80000000,0.6338
1749258299,0.64220000,11.80000000,0.6338
1749258299,0.64250000,3158.30000000,0.6338
1749258299,0.64260000,7637.60000000,0.6338
1749258299,0.64360000,8.10000000,0.6338
1749258299,0.64400000,133.20000000,0.6338
1749258299,0.64420000,41.30000000,0.6338
1749258299,0.64430000,10.00000000,0.6338
1749258299,0.64450000,132.60000000,0.6338
1749258299,0.64480000,18.80000000,0.6338
1749258299,0.64490000,29.10000000,0.6338
1749258299,0.64500000,30.40000000,0.6338
1749258299,0.64590000,35.00000000,0.6338
1749258299,0.64600000,78.40000000,0.6338
1749258299,0.64630000,8.00000000,0.6338
1749258299,0.64660000,36.70000000,0.6338
1749258299,0.64700000,1590.10000000,0.6338
1749258299,0.64710000,61.00000000,0.6338
1749258299,0.64740000,33.00000000,0.6338
1749258614,0.63480000,1423.00000000,0.6347
1749258614,0.63490000,3474.20000000,0.6347
1749258614,0.63500000,7526.00000000,0.6347
1749258614,0.63510000,3798.50000000,0.6347
1749258614,0.63520000,4274.40000000,0.6347
1749258614,0.63530000,4075.50000000,0.6347
1749258614,0.63540000,2515.30000000,0.6347
1749258614,0.63550000,4911.30000000,0.6347
1749258614,0.63560000,4581.80000000,0.6347
1749258614,0.63570000,14617.30000000,0.6347
1749258614,0.63580000,13580.50000000,0.6347
1749258614,0.63590000,6563.10000000,0.6347
1749258614,0.63600000,2741.50000000,0.6347
1749258614,0.63610000,10894.40000000,0.6347
1749258614,0.63620000,11747.00000000,0.6347
1749258614,0.63630000,32443.80000000,0.6347
1749258614,0.63640000,6401.80000000,0.6347
1749258614,0.63650000,4119.40000000,0.6347
1749258614,0.63660000,6298.80000000,0.6347
1749258614,0.63670000,789.20000000,0.6347
1749258614,0.63680000,4918.30000000,0.6347
1749258614,0.63690000,35055.30000000,0.6347
1749258614,0.63700000,47417.20000000,0.6347
1749258614,0.63710000,9516.30000000,0.6347
1749258614,0.63720000,4394.30000000,0.6347
1749258614,0.63730000,6063.50000000,0.6347
1749258614,0.63740000,4006.30000000,0.6347
1749258614,0.63750000,3010.90000000,0.6347
1749258614,0.63760000,6166.80000000,0.6347
1749258614,0.63770000,3966.10000000,0.6347
1749258614,0.63780000,8268.20000000,0.6347
1749258614,0.63790000,12117.30000000,0.6347
1749258614,0.63800000,7988.60000000,0.6347
1749258614,0.63810000,1158.70000000,0.6347
1749258614,0.63820000,1547.50000000,0.6347
1749258614,0.63830000,3031.80000000,0.6347
1749258614,0.63840000,5501.30000000,0.6347
1749258614,0.63850000,24726.30000000,0.6347
1749258614,0.63860000,3802.70000000,0.6347
1749258614,0.63870000,2606.40000000,0.6347
1749258614,0.63880000,3030.70000000,0.6347
1749258614,0.63890000,4458.40000000,0.6347
1749258614,0.63900000,3049.90000000,0.6347
1749258614,0.63910000,15.90000000,0.6347
1749258614,0.63920000,6010.70000000,0.6347
1749258614,0.63930000,9114.20000000,0.6347
1749258614,0.63940000,15.90000000,0.6347
1749258614,0.63950000,287.30000000,0.6347
1749258614,0.63960000,24.50000000,0.6347
1749258614,0.63970000,2542.50000000,0.6347
1749258614,0.63980000,18584.90000000,0.6347
1749258614,0.63990000,527.10000000,0.6347
1749258614,0.64000000,717.90000000,0.6347
1749258614,0.64010000,1449.00000000,0.6347
1749258614,0.64020000,1129.90000000,0.6347
1749258614,0.64030000,146.30000000,0.6347
1749258614,0.64040000,27.80000000,0.6347
1749258614,0.64050000,15.90000000,0.6347
1749258614,0.64060000,7572.90000000,0.6347
1749258614,0.64070000,5730.40000000,0.6347
1749258614,0.64080000,24.50000000,0.6347
1749258614,0.64090000,1453.10000000,0.6347
1749258614,0.64100000,67.00000000,0.6347
1749258614,0.64110000,15.80000000,0.6347
1749258614,0.64120000,1162.50000000,0.6347
1749258614,0.64130000,1448.90000000,0.6347
1749258614,0.64140000,24.40000000,0.6347
1749258614,0.64150000,2007.80000000,0.6347
1749258614,0.64160000,3186.00000000,0.6347
1749258614,0.64170000,2178.30000000,0.6347
1749258614,0.64180000,4803.80000000,0.6347
1749258614,0.64190000,68.60000000,0.6347
1749258614,0.64200000,132.90000000,0.6347
1749258614,0.64210000,15.80000000,0.6347
1749258614,0.64220000,27.60000000,0.6347
1749258614,0.64230000,15.80000000,0.6347
1749258614,0.64240000,3933.00000000,0.6347
1749258614,0.64250000,3158.30000000,0.6347
1749258614,0.64300000,39.30000000,0.6347
1749258614,0.64360000,8.10000000,0.6347
1749258614,0.64400000,172.50000000,0.6347
1749258614,0.64420000,41.30000000,0.6347
1749258614,0.64430000,10.00000000,0.6347
1749258614,0.64450000,132.60000000,0.6347
1749258614,0.64480000,18.80000000,0.6347
1749258614,0.64490000,29.10000000,0.6347
1749258614,0.64500000,69.70000000,0.6347
1749258614,0.64590000,35.00000000,0.6347
1749258614,0.64600000,78.40000000,0.6347
1749258614,0.64630000,8.00000000,0.6347
1749258614,0.64660000,36.70000000,0.6347
1749258614,0.64700000,1590.10000000,0.6347
1749258614,0.64710000,61.00000000,0.6347
1749258614,0.64740000,33.00000000,0.6347
1749258614,0.64750000,12.60000000,0.6347
1749258614,0.64770000,117.80000000,0.6347
1749258614,0.64830000,1926.60000000,0.6347
1749258614,0.64900000,4894.90000000,0.6347
1749258614,0.64910000,137.50000000,0.6347
1749258614,0.64920000,3889.40000000,0.6347
1749258944,0.63740000,1080.90000000,0.6373
1749258944,0.63750000,4642.20000000,0.6373
1749258944,0.63760000,5238.40000000,0.6373
1749258944,0.63770000,2449.40000000,0.6373
1749258944,0.63780000,9884.00000000,0.6373
1749258944,0.63790000,14493.60000000,0.6373
1749258944,0.63800000,13273.70000000,0.6373
1749258944,0.63810000,21635.00000000,0.6373
1749258944,0.63820000,22286.40000000,0.6373
1749258944,0.63830000,6895.80000000,0.6373
1749258944,0.63840000,8789.60000000,0.6373
1749258944,0.63850000,10696.70000000,0.6373
1749258944,0.63860000,5196.30000000,0.6373
1749258944,0.63870000,33784.50000000,0.6373
1749258944,0.63880000,5135.00000000,0.6373
1749258944,0.63890000,3186.10000000,0.6373
1749258944,0.63900000,3819.10000000,0.6373
1749258944,0.63910000,7942.80000000,0.6373
1749258944,0.63920000,4927.10000000,0.6373
1749258944,0.63930000,5400.90000000,0.6373
1749258944,0.63940000,3174.20000000,0.6373
1749258944,0.63950000,3303.60000000,0.6373
1749258944,0.63960000,3008.60000000,0.6373
1749258944,0.63970000,3381.60000000,0.6373
1749258944,0.63980000,17205.70000000,0.6373
1749258944,0.63990000,7992.00000000,0.6373
1749258944,0.64000000,30165.00000000,0.6373
1749258944,0.64010000,9886.20000000,0.6373
1749258944,0.64020000,4108.40000000,0.6373
1749258944,0.64030000,4110.10000000,0.6373
1749258944,0.64040000,3430.50000000,0.6373
1749258944,0.64050000,1288.20000000,0.6373
1749258944,0.64060000,2991.60000000,0.6373
1749258944,0.64070000,5730.40000000,0.6373
1749258944,0.64080000,597.10000000,0.6373
1749258944,0.64090000,12117.80000000,0.6373
1749258944,0.64100000,67.00000000,0.6373
1749258944,0.64110000,2996.60000000,0.6373
1749258944,0.64120000,22886.00000000,0.6373
1749258944,0.64130000,1448.90000000,0.6373
1749258944,0.64140000,24.40000000,0.6373
1749258944,0.64150000,4371.10000000,0.6373
1749258944,0.64160000,3186.00000000,0.6373
1749258944,0.64170000,1121.20000000,0.6373
1749258944,0.64180000,994.20000000,0.6373
1749258944,0.64190000,4835.90000000,0.6373
1749258944,0.64200000,141.50000000,0.6373
1749258944,0.64210000,1688.40000000,0.6373
1749258944,0.64220000,1133.00000000,0.6373
1749258944,0.64230000,15.80000000,0.6373
1749258944,0.64240000,15.80000000,0.6373
1749258944,0.64250000,3185.90000000,0.6373
1749258944,0.64260000,87.60000000,0.6373
1749258944,0.64270000,1121.20000000,0.6373
1749258944,0.64280000,1448.80000000,0.6373
1749258944,0.64290000,15.80000000,0.6373
1749258944,0.64300000,1476.30000000,0.6373
1749258944,0.64310000,16531.80000000,0.6373
1749258944,0.64320000,15184.60000000,0.6373
1749258944,0.64330000,15.80000000,0.6373
1749258944,0.64340000,3185.90000000,0.6373
1749258944,0.64350000,15.80000000,0.6373
1749258944,0.64360000,1445.10000000,0.6373
1749258944,0.64370000,27.60000000,0.6373
1749258944,0.64380000,630.50000000,0.6373
1749258944,0.64390000,4775.20000000,0.6373
1749258944,0.64400000,188.30000000,0.6373
1749258944,0.64410000,15.80000000,0.6373
1749258944,0.64420000,57.10000000,0.6373
1749258944,0.64430000,3184.10000000,0.6373
1749258944,0.64440000,5370.00000000,0.6373
1749258944,0.64450000,1211.10000000,0.6373
1749258944,0.64460000,15.80000000,0.6373
1749258944,0.64470000,15.80000000,0.6373
1749258944,0.64480000,34.50000000,0.6373
1749258944,0.64490000,44.80000000,0.6373
1749258944,0.64500000,69.70000000,0.6373
1749258944,0.64590000,35.00000000,0.6373
1749258944,0.64600000,117.70000000,0.6373
1749258944,0.64630000,8.00000000,0.6373
1749258944,0.64660000,36.70000000,0.6373
1749258944,0.64700000,39.30000000,0.6373
1749258944,0.64710000,61.00000000,0.6373
1749258944,0.64740000,33.00000000,0.6373
1749258944,0.64750000,12.60000000,0.6373
1749258944,0.64770000,117.80000000,0.6373
1749258944,0.64800000,39.20000000,0.6373
1749258944,0.64900000,4894.90000000,0.6373
1749258944,0.64910000,137.50000000,0.6373
1749258944,0.64920000,3889.40000000,0.6373
1749258944,0.64970000,184.60000000,0.6373
1749258944,0.64990000,31.10000000,0.6373
1749258944,0.65000000,3196.40000000,0.6373
1749258944,0.65050000,8.00000000,0.6373
1749258944,0.65060000,14.70000000,0.6373
1749258944,0.65100000,1980.00000000,0.6373
1749258944,0.65120000,89.60000000,0.6373
1749258944,0.65140000,31000.80000000,0.6373
1749258944,0.65150000,13713.80000000,0.6373
1749258944,0.65160000,9.20000000,0.6373
1749259245,0.63690000,126.70000000,0.6369
1749259245,0.63700000,1766.40000000,0.6369
1749259245,0.63710000,2951.80000000,0.6369
1749259245,0.63720000,5044.10000000,0.6369
1749259245,0.63730000,3220.90000000,0.6369
1749259245,0.63740000,3093.60000000,0.6369
1749259245,0.63750000,4210.60000000,0.6369
1749259245,0.63760000,1977.70000000,0.6369
1749259245,0.63770000,2920.80000000,0.6369
1749259245,0.63780000,17495.60000000,0.6369
1749259245,0.63790000,14184.10000000,0.6369
1749259245,0.63800000,5442.60000000,0.6369
1749259245,0.63810000,12828.40000000,0.6369
1749259245,0.63820000,14325.10000000,0.6369
1749259245,0.63830000,21924.10000000,0.6369
1749259245,0.63840000,20697.50000000,0.6369
1749259245,0.63850000,8121.60000000,0.6369
1749259245,0.63860000,14088.80000000,0.6369
1749259245,0.63870000,21393.90000000,0.6369
1749259245,0.63880000,14000.90000000,0.6369
1749259245,0.63890000,37102.10000000,0.6369
1749259245,0.63900000,9099.30000000,0.6369
1749259245,0.63910000,6545.50000000,0.6369
1749259245,0.63920000,4233.60000000,0.6369
1749259245,0.63930000,5400.90000000,0.6369
1749259245,0.63940000,3174.20000000,0.6369
1749259245,0.63950000,3008.80000000,0.6369
1749259245,0.63960000,9032.80000000,0.6369
1749259245,0.63970000,3341.20000000,0.6369
1749259245,0.63980000,3186.10000000,0.6369
1749259245,0.63990000,3507.90000000,0.6369
1749259245,0.64000000,11505.10000000,0.6369
1749259245,0.64010000,18708.60000000,0.6369
1749259245,0.64020000,26004.30000000,0.6369
1749259245,0.64030000,4110.10000000,0.6369
1749259245,0.64040000,3438.70000000,0.6369
1749259245,0.64050000,15.90000000,0.6369
1749259245,0.64060000,18590.80000000,0.6369
1749259245,0.64070000,15502.10000000,0.6369
1749259245,0.64080000,2996.50000000,0.6369
1749259245,0.64090000,9140.70000000,0.6369
1749259245,0.64100000,3615.80000000,0.6369
1749259245,0.64110000,15.80000000,0.6369
1749259245,0.64120000,7589.90000000,0.6369
1749259245,0.64130000,1448.90000000,0.6369
1749259245,0.64140000,3000.60000000,0.6369
1749259245,0.64150000,1393.10000000,0.6369
1749259245,0.64160000,6160.30000000,0.6369
1749259245,0.64170000,1121.20000000,0.6369
1749259245,0.64180000,994.20000000,0.6369
1749259245,0.64190000,68.60000000,0.6369
1749259245,0.64200000,141.50000000,0.6369
1749259245,0.64210000,9600.90000000,0.6369
1749259245,0.64220000,1133.00000000,0.6369
1749259245,0.64230000,15.80000000,0.6369
1749259245,0.64240000,15.80000000,0.6369
1749259245,0.64250000,3185.90000000,0.6369
1749259245,0.64260000,87.60000000,0.6369
1749259245,0.64270000,1121.20000000,0.6369
1749259245,0.64280000,1448.80000000,0.6369
1749259245,0.64290000,15.80000000,0.6369
1749259245,0.64300000,9006.30000000,0.6369
1749259245,0.64310000,1133.00000000,0.6369
1749259245,0.64320000,24.40000000,0.6369
1749259245,0.64330000,15414.60000000,0.6369
1749259245,0.64340000,3185.90000000,0.6369
1749259245,0.64350000,1121.20000000,0.6369
1749259245,0.64360000,1445.10000000,0.6369
1749259245,0.64370000,27.60000000,0.6369
1749259245,0.64380000,639.10000000,0.6369
1749259245,0.64390000,4775.20000000,0.6369
1749259245,0.64400000,200.10000000,0.6369
1749259245,0.64410000,15.80000000,0.6369
1749259245,0.64420000,57.10000000,0.6369
1749259245,0.64430000,3184.10000000,0.6369
1749259245,0.64440000,5370.00000000,0.6369
1749259245,0.64450000,1202.10000000,0.6369
1749259245,0.64480000,18.80000000,0.6369
1749259245,0.64490000,29.10000000,0.6369
1749259245,0.64500000,69.70000000,0.6369
1749259245,0.64590000,35.00000000,0.6369
1749259245,0.64600000,117.70000000,0.6369
1749259245,0.64630000,8.00000000,0.6369
1749259245,0.64660000,36.70000000,0.6369
1749259245,0.64700000,39.30000000,0.6369
1749259245,0.64710000,61.00000000,0.6369
1749259245,0.64740000,33.00000000,0.6369
1749259245,0.64750000,12.60000000,0.6369
1749259245,0.64770000,117.80000000,0.6369
1749259245,0.64800000,39.20000000,0.6369
1749259245,0.64900000,4894.90000000,0.6369
1749259245,0.64910000,137.50000000,0.6369
1749259245,0.64920000,3889.40000000,0.6369
1749259245,0.64970000,184.60000000,0.6369
1749259245,0.64990000,31.10000000,0.6369
1749259245,0.65000000,3196.40000000,0.6369
1749259245,0.65050000,8.00000000,0.6369
1749259245,0.65060000,14.70000000,0.6369
1749259245,0.65100000,1980.00000000,0.6369
1749259245,0.65120000,89.60000000,0.6369
