timestamp,price,volume,current_price
1749260828,2.62000000,48.17800000,2.618
1749260828,2.62100000,279.05000000,2.618
1749260828,2.62200000,73.49800000,2.618
1749260828,2.62300000,106.39300000,2.618
1749260828,2.62400000,346.37100000,2.618
1749260828,2.62500000,327.86000000,2.618
1749260828,2.62600000,168.15400000,2.618
1749260828,2.62700000,351.77900000,2.618
1749260828,2.62800000,236.99700000,2.618
1749260828,2.62900000,142.72600000,2.618
1749260828,2.63000000,241.61600000,2.618
1749260828,2.63100000,142.69000000,2.618
1749260828,2.63200000,1120.78400000,2.618
1749260828,2.63300000,287.12300000,2.618
1749260828,2.63400000,542.82500000,2.618
1749260828,2.63500000,142.97900000,2.618
1749260828,2.63600000,274.51200000,2.618
1749260828,2.63700000,159.75900000,2.618
1749260828,2.63800000,20.74800000,2.618
1749260828,2.63900000,419.80300000,2.618
1749260828,2.64100000,48.17800000,2.618
1749260828,2.64200000,1200.17200000,2.618
1749260828,2.64300000,93.14700000,2.618
1749260828,2.64400000,48.17800000,2.618
1749260828,2.64500000,195.31800000,2.618
1749260828,2.64700000,48.17800000,2.618
1749260828,2.64800000,195.31800000,2.618
1749260828,2.64900000,48.17800000,2.618
1749260828,2.65000000,53.06100000,2.618
1749260828,2.65100000,195.31800000,2.618
1749260828,2.65300000,432.48300000,2.618
1749260828,2.65400000,195.31800000,2.618
1749260828,2.65500000,48.17800000,2.618
1749260828,2.65700000,195.31800000,2.618
1749260828,2.65900000,48.17800000,2.618
1749260828,2.66000000,195.31800000,2.618
1749260828,2.66200000,134.60500000,2.618
1749260828,2.66600000,697.60100000,2.618
1749260828,2.66700000,66.89600000,2.618
1749260828,2.66900000,66.31300000,2.618
1749260828,2.67200000,2.09600000,2.618
1749260828,2.67500000,243.19800000,2.618
1749260828,2.67600000,193.98500000,2.618
1749260828,2.68700000,238.69100000,2.618
1749260828,2.69100000,93.99000000,2.618
1749260828,2.69400000,376.85400000,2.618
1749260828,2.69600000,49.63200000,2.618
1749260828,2.69700000,1022.21200000,2.618
1749260828,2.70000000,4.88300000,2.618
1749260828,2.70700000,8.62500000,2.618
1749260828,2.71700000,376.67500000,2.618
1749260828,2.72400000,2.70800000,2.618
1749260828,2.72500000,16878.55900000,2.618
1749260828,2.72600000,2.31000000,2.618
1749260828,2.72800000,4.19600000,2.618
1749260828,2.73000000,2.05100000,2.618
1749260828,2.73400000,2.22800000,2.618
1749260828,2.73700000,2.55800000,2.618
1749260828,2.73800000,3.80000000,2.618
1749260828,2.74000000,2.69100000,2.618
1749260828,2.74400000,395.32000000,2.618
1749260828,2.75000000,4.88300000,2.618
1749260828,2.75400000,3.63100000,2.618
1749260828,2.75600000,2.67600000,2.618
1749260828,2.76100000,2.89800000,2.618
1749260828,2.77000000,180.50500000,2.618
1749260828,2.77100000,2.88700000,2.618
1749260828,2.77300000,2.66000000,2.618
1749260828,2.79000000,5.51100000,2.618
1749260828,2.79200000,39.97000000,2.618
1749260828,2.79900000,3.57300000,2.618
1749260828,2.80000000,8.41400000,2.618
1749260828,2.80600000,2.62800000,2.618
1749260828,2.81300000,5.90000000,2.618
1749260828,2.82000000,177.30400000,2.618
1749260828,2.82200000,6.08300000,2.618
1749260828,2.82300000,2.59700000,2.618
1749260828,2.83000000,10.64000000,2.618
1749260828,2.84000000,2.58200000,2.618
1749260828,2.85000000,36984.36400000,2.618
1749260828,2.87000000,174.21600000,2.618
1749260828,2.87300000,3.13300000,2.618
1749260828,2.87500000,12.54900000,2.618
1749260828,2.90000000,14.08400000,2.618
1749260828,2.91200000,7.72300000,2.618
1749260828,2.91800000,5.90000000,2.618
1749260828,2.93100000,3.07100000,2.618
1749260828,2.95000000,4.88300000,2.618
1749260828,2.97700000,11.27200000,2.618
1749260828,2.99000000,3.01100000,2.618
1749260828,3.00000000,3123.61300000,2.618
1749260828,3.02300000,5.90000000,2.618
1749260828,3.04500000,18.78400000,2.618
1749260828,3.04900000,2.95200000,2.618
1749260828,3.05000000,4.88300000,2.618
1749260828,3.05100000,25.81900000,2.618
1749260828,3.05900000,2283.94900000,2.618
1749260828,3.07300000,1.88300000,2.618
1749260828,3.10000000,6.98300000,2.618
1749260828,3.11000000,2.89400000,2.618
1749261154,2.62300000,39.51300000,2.623
1749261154,2.62400000,255.31700000,2.623
1749261154,2.62500000,48.17800000,2.623
1749261154,2.62600000,73.49800000,2.623
1749261154,2.62700000,369.02000000,2.623
1749261154,2.62800000,214.97400000,2.623
1749261154,2.62900000,142.72600000,2.623
1749261154,2.63000000,389.24400000,2.623
1749261154,2.63100000,142.69000000,2.623
1749261154,2.63200000,1065.81700000,2.623
1749261154,2.63300000,409.17600000,2.623
1749261154,2.63400000,94.81900000,2.623
1749261154,2.63500000,591.15100000,2.623
1749261154,2.63600000,330.34700000,2.623
1749261154,2.63700000,142.78000000,2.623
1749261154,2.63800000,115.42200000,2.623
1749261154,2.63900000,195.31800000,2.623
1749261154,2.64100000,48.17800000,2.623
1749261154,2.64200000,147.14000000,2.623
1749261154,2.64300000,341.55000000,2.623
1749261154,2.64400000,159.46300000,2.623
1749261154,2.64500000,714.51600000,2.623
1749261154,2.64700000,48.17800000,2.623
1749261154,2.64800000,195.31800000,2.623
1749261154,2.64900000,608.88900000,2.623
1749261154,2.65000000,53.06100000,2.623
1749261154,2.65100000,195.31800000,2.623
1749261154,2.65300000,48.17800000,2.623
1749261154,2.65400000,195.31800000,2.623
1749261154,2.65500000,48.17800000,2.623
1749261154,2.65700000,195.31800000,2.623
1749261154,2.65900000,48.17800000,2.623
1749261154,2.66000000,579.62300000,2.623
1749261154,2.66200000,48.17800000,2.623
1749261154,2.66600000,697.60100000,2.623
1749261154,2.66700000,66.89600000,2.623
1749261154,2.66900000,66.31300000,2.623
1749261154,2.67200000,136.70100000,2.623
1749261154,2.67500000,243.19800000,2.623
1749261154,2.67600000,193.98500000,2.623
1749261154,2.68700000,238.69100000,2.623
1749261154,2.69100000,93.99000000,2.623
1749261154,2.69400000,376.85400000,2.623
1749261154,2.69700000,1022.21200000,2.623
1749261154,2.70000000,4.88300000,2.623
1749261154,2.70700000,8.62500000,2.623
1749261154,2.71700000,376.67500000,2.623
1749261154,2.72400000,52.34000000,2.623
1749261154,2.72500000,16878.55900000,2.623
1749261154,2.72600000,2.31000000,2.623
1749261154,2.72800000,4.19600000,2.623
1749261154,2.73000000,2.05100000,2.623
1749261154,2.73400000,2.22800000,2.623
1749261154,2.73700000,2.55800000,2.623
1749261154,2.73800000,3.80000000,2.623
1749261154,2.74000000,2.69100000,2.623
1749261154,2.74400000,395.32000000,2.623
1749261154,2.75000000,4.88300000,2.623
1749261154,2.75400000,3.63100000,2.623
1749261154,2.75600000,2.67600000,2.623
1749261154,2.76100000,2.89800000,2.623
1749261154,2.77000000,180.50500000,2.623
1749261154,2.77100000,2.88700000,2.623
1749261154,2.77300000,2.66000000,2.623
1749261154,2.79000000,5.51100000,2.623
1749261154,2.79200000,39.97000000,2.623
1749261154,2.79900000,3.57300000,2.623
1749261154,2.80000000,8.41400000,2.623
1749261154,2.80600000,2.62800000,2.623
1749261154,2.81300000,5.90000000,2.623
1749261154,2.82000000,177.30400000,2.623
1749261154,2.82200000,6.08300000,2.623
1749261154,2.82300000,2.59700000,2.623
1749261154,2.83000000,10.64000000,2.623
1749261154,2.84000000,2.58200000,2.623
1749261154,2.85000000,36984.36400000,2.623
1749261154,2.87000000,174.21600000,2.623
1749261154,2.87300000,3.13300000,2.623
1749261154,2.87500000,12.54900000,2.623
1749261154,2.90000000,14.08400000,2.623
1749261154,2.91200000,7.72300000,2.623
1749261154,2.91800000,5.90000000,2.623
1749261154,2.93100000,3.07100000,2.623
1749261154,2.95000000,4.88300000,2.623
1749261154,2.97700000,11.27200000,2.623
1749261154,2.99000000,3.01100000,2.623
1749261154,3.00000000,3123.61300000,2.623
1749261154,3.02300000,5.90000000,2.623
1749261154,3.04500000,18.78400000,2.623
1749261154,3.04900000,2.95200000,2.623
1749261154,3.05000000,4.88300000,2.623
1749261154,3.05100000,25.81900000,2.623
1749261154,3.05900000,2283.94900000,2.623
1749261154,3.07300000,1.88300000,2.623
1749261154,3.10000000,6.98300000,2.623
1749261154,3.11000000,2.89400000,2.623
1749261154,3.12800000,5.90000000,2.623
1749261154,3.15000000,21.71300000,2.623
1749261154,3.17200000,2.83800000,2.623
1749261154,3.19000000,29.61200000,2.623
1749261459,2.62500000,48.17800000,2.624
1749261459,2.62600000,156.28200000,2.624
1749261459,2.62700000,195.31800000,2.624
1749261459,2.62800000,2.80700000,2.624
1749261459,2.62900000,129.82600000,2.624
1749261459,2.63000000,358.83200000,2.624
1749261459,2.63100000,142.67200000,2.624
1749261459,2.63200000,370.09600000,2.624
1749261459,2.63300000,314.41200000,2.624
1749261459,2.63400000,94.49400000,2.624
1749261459,2.63500000,142.67200000,2.624
1749261459,2.63600000,1102.44700000,2.624
1749261459,2.63700000,142.67200000,2.624
1749261459,2.63800000,20.74800000,2.624
1749261459,2.63900000,643.56600000,2.624
1749261459,2.64000000,103.27500000,2.624
1749261459,2.64100000,142.67200000,2.624
1749261459,2.64200000,241.63400000,2.624
1749261459,2.64300000,187.62300000,2.624
1749261459,2.64400000,253.95700000,2.624
1749261459,2.64500000,195.31800000,2.624
1749261459,2.64700000,271.14700000,2.624
1749261459,2.64800000,195.31800000,2.624
1749261459,2.64900000,608.88900000,2.624
1749261459,2.65000000,53.06100000,2.624
1749261459,2.65100000,679.36100000,2.624
1749261459,2.65300000,48.17800000,2.624
1749261459,2.65400000,195.31800000,2.624
1749261459,2.65500000,48.17800000,2.624
1749261459,2.65700000,195.31800000,2.624
1749261459,2.65900000,48.17800000,2.624
1749261459,2.66000000,579.62300000,2.624
1749261459,2.66200000,48.17800000,2.624
1749261459,2.66600000,697.60100000,2.624
1749261459,2.66700000,66.89600000,2.624
1749261459,2.66900000,66.31300000,2.624
1749261459,2.67200000,136.70100000,2.624
1749261459,2.67500000,291.37600000,2.624
1749261459,2.67600000,193.98500000,2.624
1749261459,2.68700000,238.69100000,2.624
1749261459,2.69100000,93.99000000,2.624
1749261459,2.69400000,376.85400000,2.624
1749261459,2.69700000,1022.21200000,2.624
1749261459,2.70000000,4.88300000,2.624
1749261459,2.70700000,8.62500000,2.624
1749261459,2.71700000,376.67500000,2.624
1749261459,2.72400000,52.34000000,2.624
1749261459,2.72500000,16878.55900000,2.624
1749261459,2.72600000,2.31000000,2.624
1749261459,2.72800000,4.19600000,2.624
1749261459,2.73000000,2.05100000,2.624
1749261459,2.73400000,2.22800000,2.624
1749261459,2.73700000,2.55800000,2.624
1749261459,2.73800000,3.80000000,2.624
1749261459,2.74000000,2.69100000,2.624
1749261459,2.74400000,395.32000000,2.624
1749261459,2.75000000,4.88300000,2.624
1749261459,2.75400000,3.63100000,2.624
1749261459,2.75600000,2.67600000,2.624
1749261459,2.76100000,2.89800000,2.624
1749261459,2.77000000,180.50500000,2.624
1749261459,2.77100000,2.88700000,2.624
1749261459,2.77300000,2.66000000,2.624
1749261459,2.79000000,5.51100000,2.624
1749261459,2.79200000,39.97000000,2.624
1749261459,2.79900000,3.57300000,2.624
1749261459,2.80000000,8.41400000,2.624
1749261459,2.80600000,2.62800000,2.624
1749261459,2.81300000,5.90000000,2.624
1749261459,2.82000000,177.30400000,2.624
1749261459,2.82200000,6.08300000,2.624
1749261459,2.82300000,2.59700000,2.624
1749261459,2.83000000,10.64000000,2.624
1749261459,2.84000000,2.58200000,2.624
1749261459,2.85000000,36984.36400000,2.624
1749261459,2.87000000,174.21600000,2.624
1749261459,2.87300000,3.13300000,2.624
1749261459,2.87500000,12.54900000,2.624
1749261459,2.90000000,14.08400000,2.624
1749261459,2.91200000,7.72300000,2.624
1749261459,2.91800000,5.90000000,2.624
1749261459,2.93100000,3.07100000,2.624
1749261459,2.95000000,4.88300000,2.624
1749261459,2.97700000,11.27200000,2.624
1749261459,2.99000000,3.01100000,2.624
1749261459,3.00000000,3123.61300000,2.624
1749261459,3.02300000,5.90000000,2.624
1749261459,3.04500000,18.78400000,2.624
1749261459,3.04900000,2.95200000,2.624
1749261459,3.05000000,4.88300000,2.624
1749261459,3.05100000,25.81900000,2.624
1749261459,3.05900000,2283.94900000,2.624
1749261459,3.07300000,1.88300000,2.624
1749261459,3.10000000,6.98300000,2.624
1749261459,3.11000000,2.89400000,2.624
1749261459,3.12800000,5.90000000,2.624
1749261459,3.15000000,21.71300000,2.624
1749261459,3.17200000,2.83800000,2.624
1749261459,3.19000000,29.61200000,2.624
1749261459,3.19600000,10.33500000,2.624
1749261775,2.62500000,57.16900000,2.625
1749261775,2.62600000,303.42200000,2.625
1749261775,2.62700000,48.17800000,2.625
1749261775,2.62800000,50.95500000,2.625
1749261775,2.62900000,368.92100000,2.625
1749261775,2.63000000,132.82700000,2.625
1749261775,2.63100000,222.03000000,2.625
1749261775,2.63200000,1213.81800000,2.625
1749261775,2.63300000,261.85600000,2.625
1749261775,2.63400000,241.63400000,2.625
1749261775,2.63500000,142.67200000,2.625
1749261775,2.63600000,183.39000000,2.625
1749261775,2.63700000,289.81200000,2.625
1749261775,2.63800000,674.98300000,2.625
1749261775,2.63900000,142.76200000,2.625
1749261775,2.64000000,237.49700000,2.625
1749261775,2.64100000,142.76200000,2.625
1749261775,2.64200000,560.71100000,2.625
1749261775,2.64300000,271.88900000,2.625
1749261775,2.64400000,48.17800000,2.625
1749261775,2.64500000,195.31800000,2.625
1749261775,2.64900000,48.17800000,2.625
1749261775,2.65000000,503.25500000,2.625
1749261775,2.65100000,195.31800000,2.625
1749261775,2.65300000,432.48300000,2.625
1749261775,2.65500000,48.17800000,2.625
1749261775,2.65700000,195.31800000,2.625
1749261775,2.66200000,48.17800000,2.625
1749261775,2.66300000,195.31800000,2.625
1749261775,2.66600000,550.46100000,2.625
1749261775,2.67000000,48.17800000,2.625
1749261775,2.67200000,136.70100000,2.625
1749261775,2.67400000,18.71800000,2.625
1749261775,2.67500000,243.19800000,2.625
1749261775,2.67600000,212.12000000,2.625
1749261775,2.69100000,93.99000000,2.625
1749261775,2.69400000,615.54500000,2.625
1749261775,2.69600000,49.63200000,2.625
1749261775,2.69700000,1022.21200000,2.625
1749261775,2.70000000,4.88300000,2.625
1749261775,2.70700000,8.62500000,2.625
1749261775,2.71700000,376.67500000,2.625
1749261775,2.72400000,2.70800000,2.625
1749261775,2.72500000,16878.55900000,2.625
1749261775,2.72600000,2.31000000,2.625
1749261775,2.72800000,4.19600000,2.625
1749261775,2.73000000,2.05100000,2.625
1749261775,2.73400000,2.22800000,2.625
1749261775,2.73700000,2.55800000,2.625
1749261775,2.73800000,3.80000000,2.625
1749261775,2.74000000,2.69100000,2.625
1749261775,2.74400000,395.32000000,2.625
1749261775,2.75000000,4.88300000,2.625
1749261775,2.75400000,3.63100000,2.625
1749261775,2.75600000,2.67600000,2.625
1749261775,2.76100000,2.89800000,2.625
1749261775,2.77000000,180.50500000,2.625
1749261775,2.77100000,2.88700000,2.625
1749261775,2.77300000,2.66000000,2.625
1749261775,2.79000000,5.51100000,2.625
1749261775,2.79200000,39.97000000,2.625
1749261775,2.79900000,3.57300000,2.625
1749261775,2.80000000,8.41400000,2.625
1749261775,2.80600000,2.62800000,2.625
1749261775,2.81300000,5.90000000,2.625
1749261775,2.82000000,177.30400000,2.625
1749261775,2.82200000,6.08300000,2.625
1749261775,2.82300000,2.59700000,2.625
1749261775,2.83000000,10.64000000,2.625
1749261775,2.84000000,2.58200000,2.625
1749261775,2.85000000,36984.36400000,2.625
1749261775,2.87000000,174.21600000,2.625
1749261775,2.87300000,3.13300000,2.625
1749261775,2.87500000,12.54900000,2.625
1749261775,2.90000000,14.08400000,2.625
1749261775,2.91200000,7.72300000,2.625
1749261775,2.91800000,5.90000000,2.625
1749261775,2.93100000,3.07100000,2.625
1749261775,2.95000000,4.88300000,2.625
1749261775,2.97700000,11.27200000,2.625
1749261775,2.99000000,3.01100000,2.625
1749261775,3.00000000,3123.61300000,2.625
1749261775,3.02300000,5.90000000,2.625
1749261775,3.04500000,18.78400000,2.625
1749261775,3.04900000,2.95200000,2.625
1749261775,3.05000000,4.88300000,2.625
1749261775,3.05100000,25.81900000,2.625
1749261775,3.05900000,2283.94900000,2.625
1749261775,3.07300000,1.88300000,2.625
1749261775,3.10000000,6.98300000,2.625
1749261775,3.11000000,2.89400000,2.625
1749261775,3.12800000,5.90000000,2.625
1749261775,3.15000000,21.71300000,2.625
1749261775,3.17200000,2.83800000,2.625
1749261775,3.19000000,29.61200000,2.625
1749261775,3.19600000,10.33500000,2.625
1749261775,3.20000000,4.88300000,2.625
1749261775,3.21000000,304.77700000,2.625
1749261775,3.23400000,8.62800000,2.625
1749261775,3.23600000,2.78200000,2.625
1749262079,2.61700000,48.17800000,2.614
1749262079,2.61800000,107.07500000,2.614
1749262079,2.61900000,124.82700000,2.614
1749262079,2.62000000,218.61000000,2.614
1749262079,2.62100000,71.47000000,2.614
1749262079,2.62200000,71.47000000,2.614
1749262079,2.62300000,525.12900000,2.614
1749262079,2.62400000,319.41700000,2.614
1749262079,2.62500000,142.69000000,2.614
1749262079,2.62600000,274.67600000,2.614
1749262079,2.62700000,138.72800000,2.614
1749262079,2.62800000,219.37200000,2.614
1749262079,2.62900000,289.83000000,2.614
1749262079,2.63000000,1017.06100000,2.614
1749262079,2.63100000,142.63600000,2.614
1749262079,2.63200000,142.61800000,2.614
1749262079,2.63300000,643.01400000,2.614
1749262079,2.63400000,414.35400000,2.614
1749262079,2.63500000,142.96100000,2.614
1749262079,2.63600000,122.92800000,2.614
1749262079,2.63700000,195.31800000,2.614
1749262079,2.63800000,132.28700000,2.614
1749262079,2.63900000,48.17800000,2.614
1749262079,2.64000000,420.83300000,2.614
1749262079,2.64100000,218.19300000,2.614
1749262079,2.64200000,560.71100000,2.614
1749262079,2.64300000,50.96800000,2.614
1749262079,2.64400000,48.17800000,2.614
1749262079,2.64500000,195.31800000,2.614
1749262079,2.64900000,48.17800000,2.614
1749262079,2.65000000,53.06100000,2.614
1749262079,2.65100000,195.31800000,2.614
1749262079,2.65300000,432.48300000,2.614
1749262079,2.65500000,48.17800000,2.614
1749262079,2.65700000,195.31800000,2.614
1749262079,2.66200000,48.17800000,2.614
1749262079,2.66300000,195.31800000,2.614
1749262079,2.66500000,134.60500000,2.614
1749262079,2.66600000,570.47500000,2.614
1749262079,2.66700000,18.13500000,2.614
1749262079,2.67000000,48.17800000,2.614
1749262079,2.67200000,50.27400000,2.614
1749262079,2.67400000,240.42400000,2.614
1749262079,2.67500000,50.95200000,2.614
1749262079,2.67600000,242.16300000,2.614
1749262079,2.68600000,238.69100000,2.614
1749262079,2.69000000,91.24900000,2.614
1749262079,2.69100000,2.74100000,2.614
1749262079,2.69400000,376.85400000,2.614
1749262079,2.70000000,4.88300000,2.614
1749262079,2.70500000,49.63200000,2.614
1749262079,2.70600000,1011.55400000,2.614
1749262079,2.70700000,8.62500000,2.614
1749262079,2.71700000,376.67500000,2.614
1749262079,2.72400000,2.70800000,2.614
1749262079,2.72500000,16878.55900000,2.614
1749262079,2.72600000,2.31000000,2.614
1749262079,2.72800000,4.19600000,2.614
1749262079,2.73000000,2.05100000,2.614
1749262079,2.73400000,2.22800000,2.614
1749262079,2.73700000,2.55800000,2.614
1749262079,2.73800000,3.80000000,2.614
1749262079,2.74000000,2.69100000,2.614
1749262079,2.74400000,395.32000000,2.614
1749262079,2.75000000,4.88300000,2.614
1749262079,2.75400000,3.63100000,2.614
1749262079,2.75600000,2.67600000,2.614
1749262079,2.76100000,2.89800000,2.614
1749262079,2.77000000,180.50500000,2.614
1749262079,2.77100000,2.88700000,2.614
1749262079,2.77300000,2.66000000,2.614
1749262079,2.79000000,5.51100000,2.614
1749262079,2.79200000,39.97000000,2.614
1749262079,2.79900000,3.57300000,2.614
1749262079,2.80000000,8.41400000,2.614
1749262079,2.80600000,2.62800000,2.614
1749262079,2.81300000,5.90000000,2.614
1749262079,2.82000000,177.30400000,2.614
1749262079,2.82200000,6.08300000,2.614
1749262079,2.82300000,2.59700000,2.614
1749262079,2.83000000,10.64000000,2.614
1749262079,2.84000000,2.58200000,2.614
1749262079,2.85000000,36984.36400000,2.614
1749262079,2.87000000,174.21600000,2.614
1749262079,2.87300000,3.13300000,2.614
1749262079,2.87500000,12.54900000,2.614
1749262079,2.90000000,14.08400000,2.614
1749262079,2.91200000,7.72300000,2.614
1749262079,2.91800000,5.90000000,2.614
1749262079,2.93100000,3.07100000,2.614
1749262079,2.95000000,4.88300000,2.614
1749262079,2.97700000,11.27200000,2.614
1749262079,2.99000000,3.01100000,2.614
1749262079,3.00000000,3123.61300000,2.614
1749262079,3.02300000,5.90000000,2.614
1749262079,3.04500000,18.78400000,2.614
1749262079,3.04900000,2.95200000,2.614
1749262079,3.05000000,4.88300000,2.614
1749262079,3.05100000,25.81900000,2.614
1749262079,3.05900000,2283.94900000,2.614
1749262384,2.62100000,40.57500000,2.62
1749262384,2.62200000,154.38000000,2.62
1749262384,2.62300000,218.61000000,2.62
1749262384,2.62400000,48.17800000,2.62
1749262384,2.62500000,245.64000000,2.62
1749262384,2.62600000,369.36800000,2.62
1749262384,2.62700000,176.97600000,2.62
1749262384,2.62800000,336.61400000,2.62
1749262384,2.62900000,289.83000000,2.62
1749262384,2.63000000,94.51200000,2.62
1749262384,2.63100000,142.63600000,2.62
1749262384,2.63200000,142.61800000,2.62
1749262384,2.63300000,1122.60500000,2.62
1749262384,2.63400000,414.35400000,2.62
1749262384,2.63500000,591.22100000,2.62
1749262384,2.63600000,217.69200000,2.62
1749262384,2.63700000,250.88700000,2.62
1749262384,2.63800000,226.97900000,2.62
1749262384,2.63900000,48.17800000,2.62
1749262384,2.64000000,195.31800000,2.62
1749262384,2.64100000,218.19300000,2.62
1749262384,2.64200000,560.71100000,2.62
1749262384,2.64300000,50.96800000,2.62
1749262384,2.64400000,274.38000000,2.62
1749262384,2.64500000,195.31800000,2.62
1749262384,2.64900000,48.17800000,2.62
1749262384,2.65000000,53.06100000,2.62
1749262384,2.65100000,195.31800000,2.62
1749262384,2.65300000,432.48300000,2.62
1749262384,2.65500000,48.17800000,2.62
1749262384,2.65700000,195.31800000,2.62
1749262384,2.66200000,48.17800000,2.62
1749262384,2.66300000,195.31800000,2.62
1749262384,2.66500000,134.60500000,2.62
1749262384,2.66600000,570.47500000,2.62
1749262384,2.66700000,18.13500000,2.62
1749262384,2.67000000,48.17800000,2.62
1749262384,2.67200000,50.27400000,2.62
1749262384,2.67400000,240.42400000,2.62
1749262384,2.67500000,50.95200000,2.62
1749262384,2.67600000,242.16300000,2.62
1749262384,2.68600000,238.69100000,2.62
1749262384,2.69000000,91.24900000,2.62
1749262384,2.69100000,2.74100000,2.62
1749262384,2.69400000,376.85400000,2.62
1749262384,2.70000000,4.88300000,2.62
1749262384,2.70500000,49.63200000,2.62
1749262384,2.70600000,1011.55400000,2.62
1749262384,2.70700000,8.62500000,2.62
1749262384,2.71700000,376.67500000,2.62
1749262384,2.72400000,2.70800000,2.62
1749262384,2.72500000,16878.55900000,2.62
1749262384,2.72600000,2.31000000,2.62
1749262384,2.72800000,4.19600000,2.62
1749262384,2.73000000,2.05100000,2.62
1749262384,2.73400000,2.22800000,2.62
1749262384,2.73700000,2.55800000,2.62
1749262384,2.73800000,3.80000000,2.62
1749262384,2.74000000,2.69100000,2.62
1749262384,2.74400000,395.32000000,2.62
1749262384,2.75000000,4.88300000,2.62
1749262384,2.75400000,3.63100000,2.62
1749262384,2.75600000,2.67600000,2.62
1749262384,2.76100000,2.89800000,2.62
1749262384,2.77000000,180.50500000,2.62
1749262384,2.77100000,2.88700000,2.62
1749262384,2.77300000,2.66000000,2.62
1749262384,2.79000000,5.51100000,2.62
1749262384,2.79200000,39.97000000,2.62
1749262384,2.79900000,3.57300000,2.62
1749262384,2.80000000,8.41400000,2.62
1749262384,2.80600000,2.62800000,2.62
1749262384,2.81300000,5.90000000,2.62
1749262384,2.82000000,177.30400000,2.62
1749262384,2.82200000,6.08300000,2.62
1749262384,2.82300000,2.59700000,2.62
1749262384,2.83000000,10.64000000,2.62
1749262384,2.84000000,2.58200000,2.62
1749262384,2.85000000,36984.36400000,2.62
1749262384,2.87000000,174.21600000,2.62
1749262384,2.87300000,3.13300000,2.62
1749262384,2.87500000,12.54900000,2.62
1749262384,2.90000000,14.08400000,2.62
1749262384,2.91200000,7.72300000,2.62
1749262384,2.91800000,5.90000000,2.62
1749262384,2.93100000,3.07100000,2.62
1749262384,2.95000000,4.88300000,2.62
1749262384,2.97700000,11.27200000,2.62
1749262384,2.99000000,3.01100000,2.62
1749262384,3.00000000,3123.61300000,2.62
1749262384,3.02300000,5.90000000,2.62
1749262384,3.04500000,18.78400000,2.62
1749262384,3.04900000,2.95200000,2.62
1749262384,3.05000000,4.88300000,2.62
1749262384,3.05100000,25.81900000,2.62
1749262384,3.05900000,2283.94900000,2.62
1749262384,3.07300000,1.88300000,2.62
1749262384,3.10000000,6.98300000,2.62
1749262384,3.11000000,2.89400000,2.62
1749262384,3.12800000,5.90000000,2.62
1749262686,2.62300000,23.29200000,2.621
1749262686,2.62400000,131.02500000,2.621
1749262686,2.62500000,118.63900000,2.621
1749262686,2.62600000,195.31800000,2.621
1749262686,2.62700000,217.98600000,2.621
1749262686,2.62800000,228.63000000,2.621
1749262686,2.62900000,289.83000000,2.621
1749262686,2.63000000,321.24500000,2.621
1749262686,2.63100000,142.63600000,2.621
1749262686,2.63200000,142.61800000,2.621
1749262686,2.63300000,200.05100000,2.621
1749262686,2.63400000,414.35400000,2.621
1749262686,2.63500000,1065.34300000,2.621
1749262686,2.63600000,217.69200000,2.621
1749262686,2.63700000,793.76900000,2.621
1749262686,2.63800000,226.90700000,2.621
1749262686,2.63900000,142.85200000,2.621
1749262686,2.64000000,195.31800000,2.621
1749262686,2.64100000,48.17800000,2.621
1749262686,2.64200000,560.71100000,2.621
1749262686,2.64300000,50.96800000,2.621
1749262686,2.64400000,274.38000000,2.621
1749262686,2.64500000,522.52600000,2.621
1749262686,2.64900000,48.17800000,2.621
1749262686,2.65000000,53.06100000,2.621
1749262686,2.65100000,195.31800000,2.621
1749262686,2.65300000,432.48300000,2.621
1749262686,2.65500000,48.17800000,2.621
1749262686,2.65700000,195.31800000,2.621
1749262686,2.66200000,48.17800000,2.621
1749262686,2.66300000,195.31800000,2.621
1749262686,2.66500000,134.60500000,2.621
1749262686,2.66600000,570.47500000,2.621
1749262686,2.66700000,18.13500000,2.621
1749262686,2.67000000,48.17800000,2.621
1749262686,2.67200000,50.27400000,2.621
1749262686,2.67400000,240.42400000,2.621
1749262686,2.67500000,50.95200000,2.621
1749262686,2.67600000,242.16300000,2.621
1749262686,2.68600000,238.69100000,2.621
1749262686,2.69000000,91.24900000,2.621
1749262686,2.69100000,2.74100000,2.621
1749262686,2.69400000,376.85400000,2.621
1749262686,2.70000000,4.88300000,2.621
1749262686,2.70500000,49.63200000,2.621
1749262686,2.70600000,1011.55400000,2.621
1749262686,2.70700000,8.62500000,2.621
1749262686,2.71700000,376.67500000,2.621
1749262686,2.72400000,2.70800000,2.621
1749262686,2.72500000,16878.55900000,2.621
1749262686,2.72600000,2.31000000,2.621
1749262686,2.72800000,4.19600000,2.621
1749262686,2.73000000,2.05100000,2.621
1749262686,2.73400000,2.22800000,2.621
1749262686,2.73700000,2.55800000,2.621
1749262686,2.73800000,3.80000000,2.621
1749262686,2.74000000,2.69100000,2.621
1749262686,2.74400000,395.32000000,2.621
1749262686,2.75000000,4.88300000,2.621
1749262686,2.75400000,3.63100000,2.621
1749262686,2.75600000,2.67600000,2.621
1749262686,2.76100000,2.89800000,2.621
1749262686,2.77000000,180.50500000,2.621
1749262686,2.77100000,2.88700000,2.621
1749262686,2.77300000,2.66000000,2.621
1749262686,2.79000000,5.51100000,2.621
1749262686,2.79200000,39.97000000,2.621
1749262686,2.79900000,3.57300000,2.621
1749262686,2.80000000,8.41400000,2.621
1749262686,2.80600000,2.62800000,2.621
1749262686,2.81300000,5.90000000,2.621
1749262686,2.82000000,177.30400000,2.621
1749262686,2.82200000,6.08300000,2.621
1749262686,2.82300000,2.59700000,2.621
1749262686,2.83000000,10.64000000,2.621
1749262686,2.84000000,2.58200000,2.621
1749262686,2.85000000,36984.36400000,2.621
1749262686,2.87000000,174.21600000,2.621
1749262686,2.87300000,3.13300000,2.621
1749262686,2.87500000,12.54900000,2.621
1749262686,2.90000000,14.08400000,2.621
1749262686,2.91200000,7.72300000,2.621
1749262686,2.91800000,5.90000000,2.621
1749262686,2.93100000,3.07100000,2.621
1749262686,2.95000000,4.88300000,2.621
1749262686,2.97700000,11.27200000,2.621
1749262686,2.99000000,3.01100000,2.621
1749262686,3.00000000,3123.61300000,2.621
1749262686,3.02300000,5.90000000,2.621
1749262686,3.04500000,18.78400000,2.621
1749262686,3.04900000,2.95200000,2.621
1749262686,3.05000000,4.88300000,2.621
1749262686,3.05100000,25.81900000,2.621
1749262686,3.05900000,2283.94900000,2.621
1749262686,3.07300000,1.88300000,2.621
1749262686,3.10000000,6.98300000,2.621
1749262686,3.11000000,2.89400000,2.621
1749262686,3.12800000,5.90000000,2.621
1749262686,3.15000000,21.71300000,2.621
1749262686,3.17200000,2.83800000,2.621
1749262990,2.62300000,48.17800000,2.621
1749262990,2.62400000,177.85100000,2.621
1749262990,2.62500000,95.48300000,2.621
1749262990,2.62600000,195.31800000,2.621
1749262990,2.62700000,217.71600000,2.621
1749262990,2.62800000,135.55800000,2.621
1749262990,2.62900000,468.56100000,2.621
1749262990,2.63000000,173.87000000,2.621
1749262990,2.63100000,142.63600000,2.621
1749262990,2.63200000,1065.87500000,2.621
1749262990,2.63300000,200.05100000,2.621
1749262990,2.63400000,924.76100000,2.621
1749262990,2.63500000,142.96100000,2.621
1749262990,2.63600000,217.69200000,2.621
1749262990,2.63700000,345.50700000,2.621
1749262990,2.63800000,226.96100000,2.621
1749262990,2.63900000,142.81600000,2.621
1749262990,2.64000000,195.31800000,2.621
1749262990,2.64100000,48.17800000,2.621
1749262990,2.64200000,560.71100000,2.621
1749262990,2.64300000,50.96800000,2.621
1749262990,2.64400000,274.38000000,2.621
1749262990,2.64500000,195.31800000,2.621
1749262990,2.64600000,286.80100000,2.621
1749262990,2.64900000,48.17800000,2.621
1749262990,2.65000000,53.06100000,2.621
1749262990,2.65100000,195.31800000,2.621
1749262990,2.65300000,432.48300000,2.621
1749262990,2.65500000,48.17800000,2.621
1749262990,2.65700000,195.31800000,2.621
1749262990,2.66200000,48.17800000,2.621
1749262990,2.66300000,195.31800000,2.621
1749262990,2.66500000,48.17800000,2.621
1749262990,2.66600000,570.47500000,2.621
1749262990,2.66700000,18.13500000,2.621
1749262990,2.67000000,48.17800000,2.621
1749262990,2.67200000,50.27400000,2.621
1749262990,2.67300000,134.60500000,2.621
1749262990,2.67400000,240.42400000,2.621
1749262990,2.67500000,50.95200000,2.621
1749262990,2.67600000,242.16300000,2.621
1749262990,2.68600000,238.69100000,2.621
1749262990,2.69000000,91.24900000,2.621
1749262990,2.69100000,2.74100000,2.621
1749262990,2.69400000,376.85400000,2.621
1749262990,2.70000000,4.88300000,2.621
1749262990,2.70600000,1011.55400000,2.621
1749262990,2.70700000,8.62500000,2.621
1749262990,2.71700000,376.67500000,2.621
1749262990,2.72400000,52.34000000,2.621
1749262990,2.72500000,16878.55900000,2.621
1749262990,2.72600000,2.31000000,2.621
1749262990,2.72800000,4.19600000,2.621
1749262990,2.73000000,2.05100000,2.621
1749262990,2.73400000,2.22800000,2.621
1749262990,2.73700000,2.55800000,2.621
1749262990,2.73800000,3.80000000,2.621
1749262990,2.74000000,2.69100000,2.621
1749262990,2.74400000,395.32000000,2.621
1749262990,2.75000000,4.88300000,2.621
1749262990,2.75400000,3.63100000,2.621
1749262990,2.75600000,2.67600000,2.621
1749262990,2.76100000,2.89800000,2.621
1749262990,2.77000000,180.50500000,2.621
1749262990,2.77100000,2.88700000,2.621
1749262990,2.77300000,2.66000000,2.621
1749262990,2.79000000,5.51100000,2.621
1749262990,2.79200000,39.97000000,2.621
1749262990,2.79900000,3.57300000,2.621
1749262990,2.80000000,8.41400000,2.621
1749262990,2.80600000,2.62800000,2.621
1749262990,2.81300000,5.90000000,2.621
1749262990,2.82000000,177.30400000,2.621
1749262990,2.82200000,6.08300000,2.621
1749262990,2.82300000,2.59700000,2.621
1749262990,2.83000000,10.64000000,2.621
1749262990,2.84000000,2.58200000,2.621
1749262990,2.85000000,36984.36400000,2.621
1749262990,2.87000000,174.21600000,2.621
1749262990,2.87300000,3.13300000,2.621
1749262990,2.87500000,12.54900000,2.621
1749262990,2.90000000,14.08400000,2.621
1749262990,2.91200000,7.72300000,2.621
1749262990,2.91800000,5.90000000,2.621
1749262990,2.93100000,3.07100000,2.621
1749262990,2.95000000,4.88300000,2.621
1749262990,2.97700000,11.27200000,2.621
1749262990,2.99000000,3.01100000,2.621
1749262990,3.00000000,3123.61300000,2.621
1749262990,3.02300000,5.90000000,2.621
1749262990,3.04500000,18.78400000,2.621
1749262990,3.04900000,2.95200000,2.621
1749262990,3.05000000,4.88300000,2.621
1749262990,3.05100000,25.81900000,2.621
1749262990,3.05900000,2283.94900000,2.621
1749262990,3.07300000,1.88300000,2.621
1749262990,3.10000000,6.98300000,2.621
1749262990,3.11000000,2.89400000,2.621
1749262990,3.12800000,5.90000000,2.621
1749262990,3.15000000,21.71300000,2.621
1749263304,2.63000000,41.11500000,2.63
1749263304,2.63100000,130.80400000,2.63
1749263304,2.63200000,48.17800000,2.63
1749263304,2.63300000,115.61600000,2.63
1749263304,2.63400000,661.37100000,2.63
1749263304,2.63500000,142.96100000,2.63
1749263304,2.63600000,213.68000000,2.63
1749263304,2.63700000,289.93800000,2.63
1749263304,2.63800000,435.27500000,2.63
1749263304,2.63900000,1108.26300000,2.63
1749263304,2.64000000,644.09600000,2.63
1749263304,2.64100000,142.76200000,2.63
1749263304,2.64200000,560.71100000,2.63
1749263304,2.64300000,145.46200000,2.63
1749263304,2.64400000,142.67200000,2.63
1749263304,2.64500000,345.96300000,2.63
1749263304,2.64600000,94.42200000,2.63
1749263304,2.64700000,142.56400000,2.63
1749263304,2.64900000,48.17800000,2.63
1749263304,2.65000000,53.06100000,2.63
1749263304,2.65100000,663.59800000,2.63
1749263304,2.65200000,220.10700000,2.63
1749263304,2.65300000,432.48300000,2.63
1749263304,2.65500000,48.17800000,2.63
1749263304,2.65700000,195.31800000,2.63
1749263304,2.66200000,48.17800000,2.63
1749263304,2.66300000,195.31800000,2.63
1749263304,2.66500000,48.17800000,2.63
1749263304,2.66600000,551.75700000,2.63
1749263304,2.66700000,48.17800000,2.63
1749263304,2.66900000,147.14000000,2.63
1749263304,2.67000000,48.17800000,2.63
1749263304,2.67200000,50.27400000,2.63
1749263304,2.67300000,153.32300000,2.63
1749263304,2.67400000,18.13500000,2.63
1749263304,2.67500000,50.95200000,2.63
1749263304,2.67600000,48.17800000,2.63
1749263304,2.68100000,240.42400000,2.63
1749263304,2.68300000,193.98500000,2.63
1749263304,2.69100000,2.74100000,2.63
1749263304,2.69300000,238.69100000,2.63
1749263304,2.69700000,91.24900000,2.63
1749263304,2.70000000,4.88300000,2.63
1749263304,2.70100000,376.85400000,2.63
1749263304,2.70600000,1011.55400000,2.63
1749263304,2.70700000,8.62500000,2.63
1749263304,2.72400000,429.01500000,2.63
1749263304,2.72500000,16878.55900000,2.63
1749263304,2.72600000,2.31000000,2.63
1749263304,2.72800000,4.19600000,2.63
1749263304,2.73000000,2.05100000,2.63
1749263304,2.73400000,2.22800000,2.63
1749263304,2.73700000,2.55800000,2.63
1749263304,2.73800000,3.80000000,2.63
1749263304,2.74000000,2.69100000,2.63
1749263304,2.74400000,24.04500000,2.63
1749263304,2.75000000,4.88300000,2.63
1749263304,2.75100000,371.27500000,2.63
1749263304,2.75400000,3.63100000,2.63
1749263304,2.75600000,2.67600000,2.63
1749263304,2.76100000,2.89800000,2.63
1749263304,2.77000000,180.50500000,2.63
1749263304,2.77100000,2.88700000,2.63
1749263304,2.77300000,2.66000000,2.63
1749263304,2.79000000,5.51100000,2.63
1749263304,2.79200000,39.97000000,2.63
1749263304,2.79900000,3.57300000,2.63
1749263304,2.80000000,8.41400000,2.63
1749263304,2.80600000,2.62800000,2.63
1749263304,2.81300000,5.90000000,2.63
1749263304,2.82000000,177.30400000,2.63
1749263304,2.82200000,6.08300000,2.63
1749263304,2.82300000,2.59700000,2.63
1749263304,2.83000000,10.64000000,2.63
1749263304,2.84000000,2.58200000,2.63
1749263304,2.85000000,36984.36400000,2.63
1749263304,2.87000000,174.21600000,2.63
1749263304,2.87300000,3.13300000,2.63
1749263304,2.87500000,12.54900000,2.63
1749263304,2.90000000,14.08400000,2.63
1749263304,2.91200000,7.72300000,2.63
1749263304,2.91800000,5.90000000,2.63
1749263304,2.93100000,3.07100000,2.63
1749263304,2.95000000,4.88300000,2.63
1749263304,2.97700000,11.27200000,2.63
1749263304,2.99000000,3.01100000,2.63
1749263304,3.00000000,3123.61300000,2.63
1749263304,3.02300000,5.90000000,2.63
1749263304,3.04500000,18.78400000,2.63
1749263304,3.04900000,2.95200000,2.63
1749263304,3.05000000,4.88300000,2.63
1749263304,3.05100000,25.81900000,2.63
1749263304,3.05900000,2283.94900000,2.63
1749263304,3.07300000,1.88300000,2.63
1749263304,3.10000000,6.98300000,2.63
1749263304,3.11000000,2.89400000,2.63
1749263304,3.12800000,5.90000000,2.63
1749263304,3.15000000,21.71300000,2.63
1749263304,3.17200000,2.83800000,2.63
1749263304,3.19000000,29.61200000,2.63
1749263605,2.63200000,48.17800000,2.63
1749263605,2.63300000,105.79600000,2.63
1749263605,2.63400000,226.49800000,2.63
1749263605,2.63500000,221.18300000,2.63
1749263605,2.63600000,127.30100000,2.63
1749263605,2.63700000,368.53200000,2.63
1749263605,2.63800000,213.83700000,2.63
1749263605,2.63900000,352.68700000,2.63
1749263605,2.64000000,289.66800000,2.63
1749263605,2.64100000,315.48200000,2.63
1749263605,2.64200000,1508.97600000,2.63
1749263605,2.64300000,145.46200000,2.63
1749263605,2.64400000,253.95700000,2.63
1749263605,2.64500000,345.96300000,2.63
1749263605,2.64600000,94.42200000,2.63
1749263605,2.64700000,142.54600000,2.63
1749263605,2.64800000,241.40000000,2.63
1749263605,2.64900000,608.88900000,2.63
1749263605,2.65000000,147.35700000,2.63
1749263605,2.65100000,195.31800000,2.63
1749263605,2.65200000,220.10700000,2.63
1749263605,2.65300000,432.48300000,2.63
1749263605,2.65500000,506.39000000,2.63
1749263605,2.65600000,80.74900000,2.63
1749263605,2.65700000,195.31800000,2.63
1749263605,2.66200000,48.17800000,2.63
1749263605,2.66300000,195.31800000,2.63
1749263605,2.66700000,48.17800000,2.63
1749263605,2.66900000,147.14000000,2.63
1749263605,2.67000000,48.17800000,2.63
1749263605,2.67200000,50.27400000,2.63
1749263605,2.67300000,48.17800000,2.63
1749263605,2.67400000,555.13500000,2.63
1749263605,2.67500000,50.95200000,2.63
1749263605,2.67600000,48.17800000,2.63
1749263605,2.68000000,153.32300000,2.63
1749263605,2.68100000,258.55900000,2.63
1749263605,2.68200000,48.17800000,2.63
1749263605,2.68300000,193.98500000,2.63
1749263605,2.69100000,2.74100000,2.63
1749263605,2.69700000,91.24900000,2.63
1749263605,2.70000000,243.57400000,2.63
1749263605,2.70100000,376.85400000,2.63
1749263605,2.70500000,49.63200000,2.63
1749263605,2.70600000,1011.55400000,2.63
1749263605,2.70700000,8.62500000,2.63
1749263605,2.72400000,379.38300000,2.63
1749263605,2.72500000,16878.55900000,2.63
1749263605,2.72600000,2.31000000,2.63
1749263605,2.72800000,4.19600000,2.63
1749263605,2.73000000,2.05100000,2.63
1749263605,2.73400000,2.22800000,2.63
1749263605,2.73700000,2.55800000,2.63
1749263605,2.73800000,3.80000000,2.63
1749263605,2.74000000,2.69100000,2.63
1749263605,2.74400000,24.04500000,2.63
1749263605,2.75000000,4.88300000,2.63
1749263605,2.75100000,371.27500000,2.63
1749263605,2.75400000,3.63100000,2.63
1749263605,2.75600000,2.67600000,2.63
1749263605,2.76100000,2.89800000,2.63
1749263605,2.77000000,180.50500000,2.63
1749263605,2.77100000,2.88700000,2.63
1749263605,2.77300000,2.66000000,2.63
1749263605,2.79000000,5.51100000,2.63
1749263605,2.79200000,39.97000000,2.63
1749263605,2.79900000,3.57300000,2.63
1749263605,2.80000000,8.41400000,2.63
1749263605,2.80600000,2.62800000,2.63
1749263605,2.81300000,5.90000000,2.63
1749263605,2.82000000,177.30400000,2.63
1749263605,2.82200000,6.08300000,2.63
1749263605,2.82300000,2.59700000,2.63
1749263605,2.83000000,10.64000000,2.63
1749263605,2.84000000,2.58200000,2.63
1749263605,2.85000000,36984.36400000,2.63
1749263605,2.87000000,174.21600000,2.63
1749263605,2.87300000,3.13300000,2.63
1749263605,2.87500000,12.54900000,2.63
1749263605,2.90000000,14.08400000,2.63
1749263605,2.91200000,7.72300000,2.63
1749263605,2.91800000,5.90000000,2.63
1749263605,2.93100000,3.07100000,2.63
1749263605,2.95000000,4.88300000,2.63
1749263605,2.97700000,11.27200000,2.63
1749263605,2.99000000,3.01100000,2.63
1749263605,3.00000000,3123.61300000,2.63
1749263605,3.02300000,5.90000000,2.63
1749263605,3.04500000,18.78400000,2.63
1749263605,3.04900000,2.95200000,2.63
1749263605,3.05000000,4.88300000,2.63
1749263605,3.05100000,25.81900000,2.63
1749263605,3.05900000,2283.94900000,2.63
1749263605,3.07300000,1.88300000,2.63
1749263605,3.10000000,6.98300000,2.63
1749263605,3.11000000,2.89400000,2.63
1749263605,3.12800000,5.90000000,2.63
1749263605,3.15000000,21.71300000,2.63
1749263605,3.17200000,2.83800000,2.63
1749263605,3.19000000,29.61200000,2.63
1749263907,2.63500000,48.17800000,2.633
1749263907,2.63600000,129.15500000,2.633
1749263907,2.63700000,218.38600000,2.633
1749263907,2.63800000,149.44300000,2.633
1749263907,2.63900000,282.85900000,2.633
1749263907,2.64000000,327.73400000,2.633
1749263907,2.64100000,315.48200000,2.633
1749263907,2.64200000,242.38000000,2.633
1749263907,2.64300000,1577.93500000,2.633
1749263907,2.64400000,253.95700000,2.633
1749263907,2.64500000,195.31800000,2.633
1749263907,2.64600000,94.42200000,2.633
1749263907,2.64700000,142.60000000,2.633
1749263907,2.64800000,241.52600000,2.633
1749263907,2.64900000,706.37800000,2.633
1749263907,2.65000000,147.30300000,2.633
1749263907,2.65100000,289.63200000,2.633
1749263907,2.65200000,94.18900000,2.633
1749263907,2.65500000,48.17800000,2.633
1749263907,2.65600000,638.84200000,2.633
1749263907,2.65700000,195.31800000,2.633
1749263907,2.66000000,384.30500000,2.633
1749263907,2.66200000,48.17800000,2.633
1749263907,2.66300000,195.31800000,2.633
1749263907,2.66700000,48.17800000,2.633
1749263907,2.66900000,147.14000000,2.633
1749263907,2.67000000,48.17800000,2.633
1749263907,2.67200000,50.27400000,2.633
1749263907,2.67300000,48.17800000,2.633
1749263907,2.67400000,555.13500000,2.633
1749263907,2.67500000,50.95200000,2.633
1749263907,2.67600000,48.17800000,2.633
1749263907,2.68000000,153.32300000,2.633
1749263907,2.68100000,18.13500000,2.633
1749263907,2.68300000,48.17800000,2.633
1749263907,2.68800000,240.42400000,2.633
1749263907,2.69000000,193.98500000,2.633
1749263907,2.69100000,2.74100000,2.633
1749263907,2.70000000,243.57400000,2.633
1749263907,2.70500000,91.24900000,2.633
1749263907,2.70600000,1011.55400000,2.633
1749263907,2.70700000,8.62500000,2.633
1749263907,2.70800000,376.85400000,2.633
1749263907,2.72400000,52.34000000,2.633
1749263907,2.72500000,16878.55900000,2.633
1749263907,2.72600000,2.31000000,2.633
1749263907,2.72800000,4.19600000,2.633
1749263907,2.73000000,2.05100000,2.633
1749263907,2.73200000,376.67500000,2.633
1749263907,2.73400000,2.22800000,2.633
1749263907,2.73800000,3.80000000,2.633
1749263907,2.74000000,2.69100000,2.633
1749263907,2.74400000,21.85800000,2.633
1749263907,2.75000000,4.88300000,2.633
1749263907,2.75400000,3.63100000,2.633
1749263907,2.75600000,2.67600000,2.633
1749263907,2.75800000,371.27500000,2.633
1749263907,2.77000000,180.50500000,2.633
1749263907,2.77300000,2.66000000,2.633
1749263907,2.79000000,2.64400000,2.633
1749263907,2.79200000,39.97000000,2.633
1749263907,2.80000000,8.41400000,2.633
1749263907,2.80600000,2.62800000,2.633
1749263907,2.81300000,5.90000000,2.633
1749263907,2.82000000,177.30400000,2.633
1749263907,2.82200000,6.08300000,2.633
1749263907,2.82300000,2.59700000,2.633
1749263907,2.83000000,10.64000000,2.633
1749263907,2.84000000,2.58200000,2.633
1749263907,2.85000000,36984.36400000,2.633
1749263907,2.87000000,174.21600000,2.633
1749263907,2.87300000,3.13300000,2.633
1749263907,2.87500000,12.54900000,2.633
1749263907,2.90000000,14.08400000,2.633
1749263907,2.91200000,7.72300000,2.633
1749263907,2.91800000,5.90000000,2.633
1749263907,2.93100000,3.07100000,2.633
1749263907,2.95000000,4.88300000,2.633
1749263907,2.97700000,11.27200000,2.633
1749263907,2.99000000,3.01100000,2.633
1749263907,3.00000000,3123.61300000,2.633
1749263907,3.02300000,5.90000000,2.633
1749263907,3.04500000,18.78400000,2.633
1749263907,3.04900000,2.95200000,2.633
1749263907,3.05000000,4.88300000,2.633
1749263907,3.05100000,25.81900000,2.633
1749263907,3.05900000,2283.94900000,2.633
1749263907,3.07300000,1.88300000,2.633
1749263907,3.10000000,6.98300000,2.633
1749263907,3.11000000,2.89400000,2.633
1749263907,3.12800000,5.90000000,2.633
1749263907,3.15000000,21.71300000,2.633
1749263907,3.17200000,2.83800000,2.633
1749263907,3.19000000,29.61200000,2.633
1749263907,3.19600000,10.33500000,2.633
1749263907,3.20000000,4.88300000,2.633
1749263907,3.21000000,304.77700000,2.633
1749263907,3.23400000,8.62800000,2.633
1749263907,3.23600000,2.78200000,2.633
1749263907,3.24000000,75.97600000,2.633
1749264209,2.63500000,48.17800000,2.632
1749264209,2.63600000,129.15500000,2.632
1749264209,2.63700000,195.31800000,2.632
1749264209,2.63800000,161.27100000,2.632
1749264209,2.63900000,282.85900000,2.632
1749264209,2.64000000,327.60800000,2.632
1749264209,2.64100000,765.02900000,2.632
1749264209,2.64200000,242.38000000,2.632
1749264209,2.64300000,1129.51000000,2.632
1749264209,2.64400000,253.95700000,2.632
1749264209,2.64500000,251.38400000,2.632
1749264209,2.64600000,94.42200000,2.632
1749264209,2.64700000,142.60000000,2.632
1749264209,2.64800000,241.52600000,2.632
1749264209,2.64900000,651.06800000,2.632
1749264209,2.65000000,147.30300000,2.632
1749264209,2.65100000,195.31800000,2.632
1749264209,2.65200000,94.24200000,2.632
1749264209,2.65300000,384.30500000,2.632
1749264209,2.65500000,48.17800000,2.632
1749264209,2.65600000,303.81400000,2.632
1749264209,2.65700000,195.31800000,2.632
1749264209,2.66000000,480.67800000,2.632
1749264209,2.66200000,48.17800000,2.632
1749264209,2.66300000,195.31800000,2.632
1749264209,2.66700000,48.17800000,2.632
1749264209,2.66900000,147.14000000,2.632
1749264209,2.67000000,48.17800000,2.632
1749264209,2.67200000,50.27400000,2.632
1749264209,2.67300000,195.31800000,2.632
1749264209,2.67400000,555.13500000,2.632
1749264209,2.67500000,50.95200000,2.632
1749264209,2.67600000,48.17800000,2.632
1749264209,2.68000000,153.32300000,2.632
1749264209,2.68100000,18.13500000,2.632
1749264209,2.68300000,48.17800000,2.632
1749264209,2.68800000,240.42400000,2.632
1749264209,2.69000000,193.98500000,2.632
1749264209,2.69100000,2.74100000,2.632
1749264209,2.70000000,243.57400000,2.632
1749264209,2.70500000,140.88100000,2.632
1749264209,2.70600000,1011.55400000,2.632
1749264209,2.70700000,8.62500000,2.632
1749264209,2.70800000,376.85400000,2.632
1749264209,2.72400000,2.70800000,2.632
1749264209,2.72500000,16878.55900000,2.632
1749264209,2.72600000,2.31000000,2.632
1749264209,2.72800000,4.19600000,2.632
1749264209,2.73000000,2.05100000,2.632
1749264209,2.73200000,376.67500000,2.632
1749264209,2.73400000,2.22800000,2.632
1749264209,2.73800000,3.80000000,2.632
1749264209,2.74000000,2.69100000,2.632
1749264209,2.74400000,21.85800000,2.632
1749264209,2.75000000,4.88300000,2.632
1749264209,2.75400000,3.63100000,2.632
1749264209,2.75600000,2.67600000,2.632
1749264209,2.75800000,371.27500000,2.632
1749264209,2.77000000,180.50500000,2.632
1749264209,2.77300000,2.66000000,2.632
1749264209,2.79000000,2.64400000,2.632
1749264209,2.79200000,39.97000000,2.632
1749264209,2.80000000,8.41400000,2.632
1749264209,2.80600000,2.62800000,2.632
1749264209,2.81300000,5.90000000,2.632
1749264209,2.82000000,177.30400000,2.632
1749264209,2.82200000,6.08300000,2.632
1749264209,2.82300000,2.59700000,2.632
1749264209,2.83000000,10.64000000,2.632
1749264209,2.84000000,2.58200000,2.632
1749264209,2.85000000,36984.36400000,2.632
1749264209,2.87000000,174.21600000,2.632
1749264209,2.87300000,3.13300000,2.632
1749264209,2.87500000,12.54900000,2.632
1749264209,2.90000000,14.08400000,2.632
1749264209,2.91200000,7.72300000,2.632
1749264209,2.91800000,5.90000000,2.632
1749264209,2.93100000,3.07100000,2.632
1749264209,2.95000000,4.88300000,2.632
1749264209,2.97700000,11.27200000,2.632
1749264209,2.99000000,3.01100000,2.632
1749264209,3.00000000,3123.61300000,2.632
1749264209,3.02300000,5.90000000,2.632
1749264209,3.04500000,18.78400000,2.632
1749264209,3.04900000,2.95200000,2.632
1749264209,3.05000000,4.88300000,2.632
1749264209,3.05100000,25.81900000,2.632
1749264209,3.05900000,2283.94900000,2.632
1749264209,3.07300000,1.88300000,2.632
1749264209,3.10000000,6.98300000,2.632
1749264209,3.11000000,2.89400000,2.632
1749264209,3.12800000,5.90000000,2.632
1749264209,3.15000000,21.71300000,2.632
1749264209,3.17200000,2.83800000,2.632
1749264209,3.19000000,29.61200000,2.632
1749264209,3.19600000,10.33500000,2.632
1749264209,3.20000000,4.88300000,2.632
1749264209,3.21000000,304.77700000,2.632
1749264209,3.23400000,8.62800000,2.632
1749264209,3.23600000,2.78200000,2.632
1749264510,2.63800000,100.10600000,2.632
1749264510,2.63900000,150.02700000,2.632
1749264510,2.64000000,195.31800000,2.632
1749264510,2.64100000,220.89800000,2.632
1749264510,2.64200000,222.57900000,2.632
1749264510,2.64300000,223.90000000,2.632
1749264510,2.64400000,501.89400000,2.632
1749264510,2.64500000,1119.12100000,2.632
1749264510,2.64600000,94.42200000,2.632
1749264510,2.64700000,142.60000000,2.632
1749264510,2.64800000,241.52600000,2.632
1749264510,2.64900000,707.28300000,2.632
1749264510,2.65000000,147.30300000,2.632
1749264510,2.65100000,737.75100000,2.632
1749264510,2.65200000,94.24200000,2.632
1749264510,2.65300000,384.30500000,2.632
1749264510,2.65400000,94.17100000,2.632
1749264510,2.65500000,142.31300000,2.632
1749264510,2.65600000,305.61100000,2.632
1749264510,2.65700000,195.31800000,2.632
1749264510,2.66000000,480.67800000,2.632
1749264510,2.66200000,48.17800000,2.632
1749264510,2.66300000,195.31800000,2.632
1749264510,2.66700000,48.17800000,2.632
1749264510,2.66900000,147.14000000,2.632
1749264510,2.67000000,48.17800000,2.632
1749264510,2.67200000,50.27400000,2.632
1749264510,2.67300000,195.31800000,2.632
1749264510,2.67400000,555.13500000,2.632
1749264510,2.67500000,50.95200000,2.632
1749264510,2.67600000,48.17800000,2.632
1749264510,2.68000000,153.32300000,2.632
1749264510,2.68100000,18.13500000,2.632
1749264510,2.68300000,48.17800000,2.632
1749264510,2.68800000,240.42400000,2.632
1749264510,2.69000000,193.98500000,2.632
1749264510,2.69100000,2.74100000,2.632
1749264510,2.70000000,243.57400000,2.632
1749264510,2.70500000,140.88100000,2.632
1749264510,2.70600000,1011.55400000,2.632
1749264510,2.70700000,8.62500000,2.632
1749264510,2.70800000,376.85400000,2.632
1749264510,2.72400000,2.70800000,2.632
1749264510,2.72500000,16878.55900000,2.632
1749264510,2.72600000,2.31000000,2.632
1749264510,2.72800000,4.19600000,2.632
1749264510,2.73000000,2.05100000,2.632
1749264510,2.73200000,376.67500000,2.632
1749264510,2.73400000,2.22800000,2.632
1749264510,2.73800000,3.80000000,2.632
1749264510,2.74000000,2.69100000,2.632
1749264510,2.74400000,21.85800000,2.632
1749264510,2.75000000,4.88300000,2.632
1749264510,2.75400000,3.63100000,2.632
1749264510,2.75600000,2.67600000,2.632
1749264510,2.75800000,371.27500000,2.632
1749264510,2.77000000,180.50500000,2.632
1749264510,2.77300000,2.66000000,2.632
1749264510,2.79000000,2.64400000,2.632
1749264510,2.79200000,39.97000000,2.632
1749264510,2.80000000,8.41400000,2.632
1749264510,2.80600000,2.62800000,2.632
1749264510,2.81300000,5.90000000,2.632
1749264510,2.82000000,177.30400000,2.632
1749264510,2.82200000,6.08300000,2.632
1749264510,2.82300000,2.59700000,2.632
1749264510,2.83000000,10.64000000,2.632
1749264510,2.84000000,2.58200000,2.632
1749264510,2.85000000,36984.36400000,2.632
1749264510,2.87000000,174.21600000,2.632
1749264510,2.87300000,3.13300000,2.632
1749264510,2.87500000,12.54900000,2.632
1749264510,2.90000000,14.08400000,2.632
1749264510,2.91200000,7.72300000,2.632
1749264510,2.91800000,5.90000000,2.632
1749264510,2.93100000,3.07100000,2.632
1749264510,2.95000000,4.88300000,2.632
1749264510,2.97700000,11.27200000,2.632
1749264510,2.99000000,3.01100000,2.632
1749264510,3.00000000,3123.61300000,2.632
1749264510,3.02300000,5.90000000,2.632
1749264510,3.04500000,18.78400000,2.632
1749264510,3.04900000,2.95200000,2.632
1749264510,3.05000000,4.88300000,2.632
1749264510,3.05100000,25.81900000,2.632
1749264510,3.05900000,2283.94900000,2.632
1749264510,3.07300000,1.88300000,2.632
1749264510,3.10000000,6.98300000,2.632
1749264510,3.11000000,2.89400000,2.632
1749264510,3.12800000,5.90000000,2.632
1749264510,3.15000000,21.71300000,2.632
1749264510,3.17200000,2.83800000,2.632
1749264510,3.19000000,29.61200000,2.632
1749264510,3.19600000,10.33500000,2.632
1749264510,3.20000000,4.88300000,2.632
1749264510,3.21000000,304.77700000,2.632
1749264510,3.23400000,8.62800000,2.632
1749264510,3.23600000,2.78200000,2.632
1749264510,3.24000000,75.97600000,2.632
1749264510,3.25000000,19.37200000,2.632
1749264812,2.63800000,48.17800000,2.634
1749264812,2.63900000,102.90800000,2.634
1749264812,2.64000000,89.39900000,2.634
1749264812,2.64100000,220.89800000,2.634
1749264812,2.64200000,339.82000000,2.634
1749264812,2.64300000,205.31500000,2.634
1749264812,2.64400000,390.47200000,2.634
1749264812,2.64500000,289.34600000,2.634
1749264812,2.64600000,94.42200000,2.634
1749264812,2.64700000,142.60000000,2.634
1749264812,2.64800000,241.52600000,2.634
1749264812,2.64900000,1667.71500000,2.634
1749264812,2.65000000,258.33700000,2.634
1749264812,2.65100000,289.56000000,2.634
1749264812,2.65200000,542.34900000,2.634
1749264812,2.65300000,103.55800000,2.634
1749264812,2.65400000,94.17100000,2.634
1749264812,2.65500000,142.29500000,2.634
1749264812,2.65600000,80.74900000,2.634
1749264812,2.65700000,195.31800000,2.634
1749264812,2.66000000,221.51900000,2.634
1749264812,2.66200000,48.17800000,2.634
1749264812,2.66300000,195.31800000,2.634
1749264812,2.66500000,491.91500000,2.634
1749264812,2.66700000,48.17800000,2.634
1749264812,2.66900000,147.14000000,2.634
1749264812,2.67000000,48.17800000,2.634
1749264812,2.67200000,50.27400000,2.634
1749264812,2.67300000,195.31800000,2.634
1749264812,2.67500000,50.95200000,2.634
1749264812,2.67600000,48.17800000,2.634
1749264812,2.67900000,195.31800000,2.634
1749264812,2.68000000,134.60500000,2.634
1749264812,2.68200000,562.30100000,2.634
1749264812,2.68300000,48.17800000,2.634
1749264812,2.68700000,18.71800000,2.634
1749264812,2.68800000,258.55900000,2.634
1749264812,2.69000000,193.98500000,2.634
1749264812,2.69100000,2.74100000,2.634
1749264812,2.70000000,243.57400000,2.634
1749264812,2.70500000,91.24900000,2.634
1749264812,2.70700000,8.62500000,2.634
1749264812,2.70800000,376.85400000,2.634
1749264812,2.72100000,49.63200000,2.634
1749264812,2.72200000,1008.52000000,2.634
1749264812,2.72400000,2.70800000,2.634
1749264812,2.72500000,16878.55900000,2.634
1749264812,2.72600000,2.31000000,2.634
1749264812,2.72800000,4.19600000,2.634
1749264812,2.73000000,2.05100000,2.634
1749264812,2.73200000,376.67500000,2.634
1749264812,2.73400000,2.22800000,2.634
1749264812,2.73800000,3.80000000,2.634
1749264812,2.74000000,2.69100000,2.634
1749264812,2.74400000,21.85800000,2.634
1749264812,2.75000000,4.88300000,2.634
1749264812,2.75600000,2.67600000,2.634
1749264812,2.75800000,371.27500000,2.634
1749264812,2.77000000,180.50500000,2.634
1749264812,2.77300000,2.66000000,2.634
1749264812,2.79000000,2.64400000,2.634
1749264812,2.79200000,39.97000000,2.634
1749264812,2.80000000,8.41400000,2.634
1749264812,2.80600000,2.62800000,2.634
1749264812,2.81300000,5.90000000,2.634
1749264812,2.82000000,177.30400000,2.634
1749264812,2.82200000,6.08300000,2.634
1749264812,2.82300000,2.59700000,2.634
1749264812,2.83000000,10.64000000,2.634
1749264812,2.84000000,2.58200000,2.634
1749264812,2.85000000,36984.36400000,2.634
1749264812,2.87000000,174.21600000,2.634
1749264812,2.87300000,3.13300000,2.634
1749264812,2.87500000,12.54900000,2.634
1749264812,2.90000000,14.08400000,2.634
1749264812,2.91200000,7.72300000,2.634
1749264812,2.91800000,5.90000000,2.634
1749264812,2.93100000,3.07100000,2.634
1749264812,2.95000000,4.88300000,2.634
1749264812,2.97700000,11.27200000,2.634
1749264812,2.99000000,3.01100000,2.634
1749264812,3.00000000,3123.61300000,2.634
1749264812,3.02300000,5.90000000,2.634
1749264812,3.04500000,18.78400000,2.634
1749264812,3.04900000,2.95200000,2.634
1749264812,3.05000000,4.88300000,2.634
1749264812,3.05100000,25.81900000,2.634
1749264812,3.05900000,2283.94900000,2.634
1749264812,3.07300000,1.88300000,2.634
1749264812,3.10000000,6.98300000,2.634
1749264812,3.11000000,2.89400000,2.634
1749264812,3.12800000,5.90000000,2.634
1749264812,3.15000000,21.71300000,2.634
1749264812,3.17200000,2.83800000,2.634
1749264812,3.19000000,29.61200000,2.634
1749264812,3.19600000,10.33500000,2.634
1749264812,3.20000000,4.88300000,2.634
1749264812,3.21000000,304.77700000,2.634
1749264812,3.23400000,8.62800000,2.634
1749264812,3.23600000,2.78200000,2.634
1749265113,2.64100000,48.17800000,2.64
1749265113,2.64200000,137.99000000,2.64
1749265113,2.64300000,45.76000000,2.64
1749265113,2.64400000,193.14500000,2.64
1749265113,2.64500000,284.74100000,2.64
1749265113,2.64600000,165.08100000,2.64
1749265113,2.64700000,180.09900000,2.64
1749265113,2.64800000,703.48900000,2.64
1749265113,2.64900000,109.98300000,2.64
1749265113,2.65000000,147.30300000,2.64
1749265113,2.65100000,289.56000000,2.64
1749265113,2.65200000,94.24200000,2.64
1749265113,2.65300000,191.78400000,2.64
1749265113,2.65400000,241.31100000,2.64
1749265113,2.65500000,1064.54000000,2.64
1749265113,2.65600000,846.28900000,2.64
1749265113,2.65700000,793.39100000,2.64
1749265113,2.65800000,93.95700000,2.64
1749265113,2.65900000,184.34900000,2.64
1749265113,2.66000000,240.99000000,2.64
1749265113,2.66100000,384.30500000,2.64
1749265113,2.66200000,48.17800000,2.64
1749265113,2.66300000,195.31800000,2.64
1749265113,2.66400000,221.14100000,2.64
1749265113,2.66500000,491.91500000,2.64
1749265113,2.66700000,48.17800000,2.64
1749265113,2.66900000,147.14000000,2.64
1749265113,2.67000000,48.17800000,2.64
1749265113,2.67200000,50.27400000,2.64
1749265113,2.67300000,195.31800000,2.64
1749265113,2.67500000,50.95200000,2.64
1749265113,2.67600000,48.17800000,2.64
1749265113,2.67900000,195.31800000,2.64
1749265113,2.68000000,48.17800000,2.64
1749265113,2.68200000,562.30100000,2.64
1749265113,2.68300000,48.17800000,2.64
1749265113,2.68700000,18.71800000,2.64
1749265113,2.68800000,152.74000000,2.64
1749265113,2.69000000,48.17800000,2.64
1749265113,2.69100000,2.74100000,2.64
1749265113,2.69500000,240.42400000,2.64
1749265113,2.69700000,193.98500000,2.64
1749265113,2.70000000,4.88300000,2.64
1749265113,2.70700000,247.31600000,2.64
1749265113,2.71200000,91.24900000,2.64
1749265113,2.71500000,376.85400000,2.64
1749265113,2.72200000,1008.52000000,2.64
1749265113,2.72400000,2.70800000,2.64
1749265113,2.72500000,16878.55900000,2.64
1749265113,2.72600000,2.31000000,2.64
1749265113,2.72800000,4.19600000,2.64
1749265113,2.73000000,2.05100000,2.64
1749265113,2.73400000,2.22800000,2.64
1749265113,2.73800000,3.80000000,2.64
1749265113,2.73900000,376.67500000,2.64
1749265113,2.74000000,2.69100000,2.64
1749265113,2.74400000,21.85800000,2.64
1749265113,2.75000000,4.88300000,2.64
1749265113,2.75600000,2.67600000,2.64
1749265113,2.76500000,371.27500000,2.64
1749265113,2.77000000,180.50500000,2.64
1749265113,2.77300000,2.66000000,2.64
1749265113,2.79000000,2.64400000,2.64
1749265113,2.79200000,39.97000000,2.64
1749265113,2.80000000,8.41400000,2.64
1749265113,2.80600000,2.62800000,2.64
1749265113,2.81300000,5.90000000,2.64
1749265113,2.82000000,177.30400000,2.64
1749265113,2.82200000,6.08300000,2.64
1749265113,2.82300000,2.59700000,2.64
1749265113,2.83000000,10.64000000,2.64
1749265113,2.84000000,2.58200000,2.64
1749265113,2.85000000,36984.36400000,2.64
1749265113,2.87000000,174.21600000,2.64
1749265113,2.87300000,3.13300000,2.64
1749265113,2.87500000,12.54900000,2.64
1749265113,2.90000000,14.08400000,2.64
1749265113,2.91200000,7.72300000,2.64
1749265113,2.91800000,5.90000000,2.64
1749265113,2.93100000,3.07100000,2.64
1749265113,2.95000000,4.88300000,2.64
1749265113,2.97700000,11.27200000,2.64
1749265113,2.99000000,3.01100000,2.64
1749265113,3.00000000,3123.61300000,2.64
1749265113,3.02300000,5.90000000,2.64
1749265113,3.04500000,18.78400000,2.64
1749265113,3.04900000,2.95200000,2.64
1749265113,3.05000000,4.88300000,2.64
1749265113,3.05100000,25.81900000,2.64
1749265113,3.05900000,2283.94900000,2.64
1749265113,3.07300000,1.88300000,2.64
1749265113,3.10000000,6.98300000,2.64
1749265113,3.11000000,2.89400000,2.64
1749265113,3.12800000,5.90000000,2.64
1749265113,3.15000000,21.71300000,2.64
1749265113,3.17200000,2.83800000,2.64
1749265113,3.19000000,29.61200000,2.64
1749265113,3.19600000,10.33500000,2.64
1749265113,3.20000000,4.88300000,2.64
1749265113,3.21000000,304.77700000,2.64
1749265415,2.63300000,64.24100000,2.63
1749265415,2.63400000,277.85000000,2.63
1749265415,2.63500000,69.42400000,2.63
1749265415,2.63600000,146.87800000,2.63
1749265415,2.63700000,340.87000000,2.63
1749265415,2.63800000,303.22300000,2.63
1749265415,2.63900000,280.28700000,2.63
1749265415,2.64000000,142.45600000,2.63
1749265415,2.64100000,380.10800000,2.63
1749265415,2.64200000,142.45600000,2.63
1749265415,2.64300000,145.24600000,2.63
1749265415,2.64400000,165.46900000,2.63
1749265415,2.64500000,203.29400000,2.63
1749265415,2.64600000,164.04000000,2.63
1749265415,2.64700000,142.47400000,2.63
1749265415,2.64800000,147.14000000,2.63
1749265415,2.64900000,142.47400000,2.63
1749265415,2.65000000,277.64000000,2.63
1749265415,2.65100000,1420.94100000,2.63
1749265415,2.65200000,241.43600000,2.63
1749265415,2.65300000,311.80500000,2.63
1749265415,2.65400000,48.17800000,2.63
1749265415,2.65500000,195.31800000,2.63
1749265415,2.65600000,752.24300000,2.63
1749265415,2.65900000,48.17800000,2.63
1749265415,2.66000000,147.14000000,2.63
1749265415,2.66100000,384.30500000,2.63
1749265415,2.66200000,538.50600000,2.63
1749265415,2.66500000,48.17800000,2.63
1749265415,2.66600000,195.31800000,2.63
1749265415,2.67000000,48.17800000,2.63
1749265415,2.67200000,747.19800000,2.63
1749265415,2.67300000,66.89600000,2.63
1749265415,2.67400000,18.13500000,2.63
1749265415,2.67500000,137.37900000,2.63
1749265415,2.67600000,48.17800000,2.63
1749265415,2.67800000,195.31800000,2.63
1749265415,2.68000000,48.17800000,2.63
1749265415,2.68200000,240.42400000,2.63
1749265415,2.68300000,48.17800000,2.63
1749265415,2.68400000,195.31800000,2.63
1749265415,2.68500000,193.98500000,2.63
1749265415,2.68800000,48.17800000,2.63
1749265415,2.69000000,195.31800000,2.63
1749265415,2.69100000,2.74100000,2.63
1749265415,2.69400000,238.69100000,2.63
1749265415,2.70000000,96.13200000,2.63
1749265415,2.70200000,376.85400000,2.63
1749265415,2.70700000,8.62500000,2.63
1749265415,2.72100000,49.63200000,2.63
1749265415,2.72200000,1008.52000000,2.63
1749265415,2.72400000,2.70800000,2.63
1749265415,2.72500000,16878.55900000,2.63
1749265415,2.72600000,2.31000000,2.63
1749265415,2.72700000,376.67500000,2.63
1749265415,2.72800000,4.19600000,2.63
1749265415,2.73000000,2.05100000,2.63
1749265415,2.73400000,2.22800000,2.63
1749265415,2.73800000,3.80000000,2.63
1749265415,2.74000000,2.69100000,2.63
1749265415,2.74400000,21.85800000,2.63
1749265415,2.75000000,4.88300000,2.63
1749265415,2.75400000,371.27500000,2.63
1749265415,2.75600000,2.67600000,2.63
1749265415,2.77000000,180.50500000,2.63
1749265415,2.77300000,2.66000000,2.63
1749265415,2.79000000,2.64400000,2.63
1749265415,2.79200000,39.97000000,2.63
1749265415,2.80000000,8.41400000,2.63
1749265415,2.80600000,2.62800000,2.63
1749265415,2.81300000,5.90000000,2.63
1749265415,2.82000000,177.30400000,2.63
1749265415,2.82200000,6.08300000,2.63
1749265415,2.82300000,2.59700000,2.63
1749265415,2.83000000,10.64000000,2.63
1749265415,2.84000000,2.58200000,2.63
1749265415,2.85000000,36984.36400000,2.63
1749265415,2.87000000,174.21600000,2.63
1749265415,2.87300000,3.13300000,2.63
1749265415,2.87500000,12.54900000,2.63
1749265415,2.90000000,14.08400000,2.63
1749265415,2.91200000,7.72300000,2.63
1749265415,2.91800000,5.90000000,2.63
1749265415,2.93100000,3.07100000,2.63
1749265415,2.95000000,4.88300000,2.63
1749265415,2.97700000,11.27200000,2.63
1749265415,2.99000000,3.01100000,2.63
1749265415,3.00000000,3123.61300000,2.63
1749265415,3.02300000,5.90000000,2.63
1749265415,3.04500000,18.78400000,2.63
1749265415,3.04900000,2.95200000,2.63
1749265415,3.05000000,4.88300000,2.63
1749265415,3.05100000,25.81900000,2.63
1749265415,3.05900000,2283.94900000,2.63
1749265415,3.07300000,1.88300000,2.63
1749265415,3.10000000,6.98300000,2.63
1749265415,3.11000000,2.89400000,2.63
1749265415,3.12800000,5.90000000,2.63
1749265415,3.15000000,21.71300000,2.63
1749265415,3.17200000,2.83800000,2.63
1749265720,2.64200000,48.17800000,2.639
1749265720,2.64300000,102.92600000,2.639
1749265720,2.64400000,75.30800000,2.639
1749265720,2.64500000,401.79400000,2.639
1749265720,2.64600000,86.09200000,2.639
1749265720,2.64700000,358.71400000,2.639
1749265720,2.64800000,241.04300000,2.639
1749265720,2.64900000,469.68400000,2.639
1749265720,2.65000000,147.35700000,2.639
1749265720,2.65100000,142.09900000,2.639
1749265720,2.65200000,1613.42100000,2.639
1749265720,2.65300000,198.22200000,2.639
1749265720,2.65400000,142.43800000,2.639
1749265720,2.65500000,289.45300000,2.639
1749265720,2.65600000,752.24300000,2.639
1749265720,2.65700000,142.11700000,2.639
1749265720,2.65800000,142.31300000,2.639
1749265720,2.65900000,165.21900000,2.639
1749265720,2.66000000,241.07900000,2.639
1749265720,2.66100000,225.99900000,2.639
1749265720,2.66200000,48.17800000,2.639
1749265720,2.66400000,42.17900000,2.639
1749265720,2.66500000,48.17800000,2.639
1749265720,2.66600000,505.63100000,2.639
1749265720,2.66800000,384.30500000,2.639
1749265720,2.67000000,48.17800000,2.639
1749265720,2.67200000,197.41400000,2.639
1749265720,2.67300000,48.17800000,2.639
1749265720,2.67500000,50.95200000,2.639
1749265720,2.67600000,48.17800000,2.639
1749265720,2.67800000,195.31800000,2.639
1749265720,2.68000000,48.17800000,2.639
1749265720,2.68100000,557.93400000,2.639
1749265720,2.68300000,48.17800000,2.639
1749265720,2.68400000,195.31800000,2.639
1749265720,2.68900000,66.89600000,2.639
1749265720,2.69000000,299.88000000,2.639
1749265720,2.69100000,2.74100000,2.639
1749265720,2.69200000,48.17800000,2.639
1749265720,2.69600000,240.42400000,2.639
1749265720,2.69900000,193.98500000,2.639
1749265720,2.70000000,4.88300000,2.639
1749265720,2.70700000,8.62500000,2.639
1749265720,2.70900000,238.69100000,2.639
1749265720,2.71400000,91.24900000,2.639
1749265720,2.71700000,376.85400000,2.639
1749265720,2.72100000,49.63200000,2.639
1749265720,2.72200000,1008.52000000,2.639
1749265720,2.72400000,2.70800000,2.639
1749265720,2.72500000,16878.55900000,2.639
1749265720,2.72600000,2.31000000,2.639
1749265720,2.72800000,4.19600000,2.639
1749265720,2.73000000,2.05100000,2.639
1749265720,2.73400000,2.22800000,2.639
1749265720,2.73800000,3.80000000,2.639
1749265720,2.74000000,2.69100000,2.639
1749265720,2.74100000,376.67500000,2.639
1749265720,2.74400000,21.85800000,2.639
1749265720,2.75000000,4.88300000,2.639
1749265720,2.75600000,2.67600000,2.639
1749265720,2.76300000,371.27500000,2.639
1749265720,2.77000000,180.50500000,2.639
1749265720,2.77300000,2.66000000,2.639
1749265720,2.79000000,2.64400000,2.639
1749265720,2.79200000,39.97000000,2.639
1749265720,2.80000000,8.41400000,2.639
1749265720,2.80600000,2.62800000,2.639
1749265720,2.81300000,5.90000000,2.639
1749265720,2.82000000,177.30400000,2.639
1749265720,2.82200000,6.08300000,2.639
1749265720,2.82300000,2.59700000,2.639
1749265720,2.83000000,10.64000000,2.639
1749265720,2.84000000,2.58200000,2.639
1749265720,2.85000000,36984.36400000,2.639
1749265720,2.87000000,174.21600000,2.639
1749265720,2.87300000,3.13300000,2.639
1749265720,2.87500000,12.54900000,2.639
1749265720,2.90000000,14.08400000,2.639
1749265720,2.91200000,7.72300000,2.639
1749265720,2.91800000,5.90000000,2.639
1749265720,2.93100000,3.07100000,2.639
1749265720,2.95000000,4.88300000,2.639
1749265720,2.97700000,11.27200000,2.639
1749265720,2.99000000,3.01100000,2.639
1749265720,3.00000000,3123.61300000,2.639
1749265720,3.02300000,5.90000000,2.639
1749265720,3.04500000,18.78400000,2.639
1749265720,3.04900000,2.95200000,2.639
1749265720,3.05000000,4.88300000,2.639
1749265720,3.05100000,25.81900000,2.639
1749265720,3.05900000,2283.94900000,2.639
1749265720,3.07300000,1.88300000,2.639
1749265720,3.10000000,6.98300000,2.639
1749265720,3.11000000,2.89400000,2.639
1749265720,3.12800000,5.90000000,2.639
1749265720,3.15000000,21.71300000,2.639
1749265720,3.17200000,2.83800000,2.639
1749265720,3.19000000,29.61200000,2.639
1749265720,3.19600000,10.33500000,2.639
1749265720,3.20000000,4.88300000,2.639
1749266023,2.64200000,48.17800000,2.641
1749266023,2.64300000,133.21900000,2.641
1749266023,2.64400000,53.42100000,2.641
1749266023,2.64500000,195.31800000,2.641
1749266023,2.64600000,178.67200000,2.641
1749266023,2.64700000,48.17800000,2.641
1749266023,2.64800000,363.69200000,2.641
1749266023,2.64900000,218.22700000,2.641
1749266023,2.65000000,333.03700000,2.641
1749266023,2.65100000,204.11800000,2.641
1749266023,2.65200000,264.12000000,2.641
1749266023,2.65300000,282.47900000,2.641
1749266023,2.65400000,202.56100000,2.641
1749266023,2.65500000,345.23400000,2.641
1749266023,2.65600000,285.52400000,2.641
1749266023,2.65700000,142.31300000,2.641
1749266023,2.65800000,1512.40800000,2.641
1749266023,2.65900000,142.22400000,2.641
1749266023,2.66000000,147.14000000,2.641
1749266023,2.66100000,142.17000000,2.641
1749266023,2.66200000,142.17000000,2.641
1749266023,2.66300000,780.69200000,2.641
1749266023,2.66400000,90.35700000,2.641
1749266023,2.66500000,243.85300000,2.641
1749266023,2.66600000,195.31800000,2.641
1749266023,2.66800000,384.30500000,2.641
1749266023,2.67000000,48.17800000,2.641
1749266023,2.67200000,197.41400000,2.641
1749266023,2.67300000,48.17800000,2.641
1749266023,2.67500000,50.95200000,2.641
1749266023,2.67600000,48.17800000,2.641
1749266023,2.67800000,195.31800000,2.641
1749266023,2.68000000,48.17800000,2.641
1749266023,2.68100000,557.93400000,2.641
1749266023,2.68300000,48.17800000,2.641
1749266023,2.68400000,195.31800000,2.641
1749266023,2.68800000,18.71800000,2.641
1749266023,2.68900000,66.31300000,2.641
1749266023,2.69000000,281.74500000,2.641
1749266023,2.69100000,2.74100000,2.641
1749266023,2.69200000,48.17800000,2.641
1749266023,2.69600000,240.42400000,2.641
1749266023,2.69900000,193.98500000,2.641
1749266023,2.70000000,4.88300000,2.641
1749266023,2.70700000,8.62500000,2.641
1749266023,2.70900000,238.69100000,2.641
1749266023,2.71400000,91.24900000,2.641
1749266023,2.71700000,376.85400000,2.641
1749266023,2.72100000,49.63200000,2.641
1749266023,2.72200000,1008.52000000,2.641
1749266023,2.72400000,2.70800000,2.641
1749266023,2.72500000,16878.55900000,2.641
1749266023,2.72600000,2.31000000,2.641
1749266023,2.72800000,4.19600000,2.641
1749266023,2.73000000,2.05100000,2.641
1749266023,2.73400000,2.22800000,2.641
1749266023,2.73800000,3.80000000,2.641
1749266023,2.74000000,2.69100000,2.641
1749266023,2.74100000,376.67500000,2.641
1749266023,2.74400000,21.85800000,2.641
1749266023,2.75000000,4.88300000,2.641
1749266023,2.75600000,2.67600000,2.641
1749266023,2.76300000,371.27500000,2.641
1749266023,2.77000000,180.50500000,2.641
1749266023,2.77300000,2.66000000,2.641
1749266023,2.79000000,2.64400000,2.641
1749266023,2.79200000,39.97000000,2.641
1749266023,2.80000000,8.41400000,2.641
1749266023,2.80600000,2.62800000,2.641
1749266023,2.81300000,5.90000000,2.641
1749266023,2.82000000,177.30400000,2.641
1749266023,2.82200000,6.08300000,2.641
1749266023,2.82300000,2.59700000,2.641
1749266023,2.83000000,10.64000000,2.641
1749266023,2.84000000,2.58200000,2.641
1749266023,2.85000000,36984.36400000,2.641
1749266023,2.87000000,174.21600000,2.641
1749266023,2.87300000,3.13300000,2.641
1749266023,2.87500000,12.54900000,2.641
1749266023,2.90000000,14.08400000,2.641
1749266023,2.91200000,7.72300000,2.641
1749266023,2.91800000,5.90000000,2.641
1749266023,2.93100000,3.07100000,2.641
1749266023,2.95000000,4.88300000,2.641
1749266023,2.97700000,11.27200000,2.641
1749266023,2.99000000,3.01100000,2.641
1749266023,3.00000000,3123.61300000,2.641
1749266023,3.02300000,5.90000000,2.641
1749266023,3.04500000,18.78400000,2.641
1749266023,3.04900000,2.95200000,2.641
1749266023,3.05000000,4.88300000,2.641
1749266023,3.05100000,25.81900000,2.641
1749266023,3.05900000,2283.94900000,2.641
1749266023,3.07300000,1.88300000,2.641
1749266023,3.10000000,6.98300000,2.641
1749266023,3.11000000,2.89400000,2.641
1749266023,3.12800000,5.90000000,2.641
1749266023,3.15000000,21.71300000,2.641
1749266023,3.17200000,2.83800000,2.641
1749266023,3.19000000,29.61200000,2.641
1749266324,2.64000000,48.17800000,2.643
1749266324,2.64100000,103.08300000,2.643
1749266324,2.64200000,68.94700000,2.643
1749266324,2.64300000,55.91800000,2.643
1749266324,2.64400000,346.33300000,2.643
1749266324,2.64500000,68.66500000,2.643
1749266324,2.64600000,142.15200000,2.643
1749266324,2.64700000,521.92100000,2.643
1749266324,2.64800000,142.01000000,2.643
1749266324,2.64900000,226.54600000,2.643
1749266324,2.65000000,141.99300000,2.643
1749266324,2.65100000,204.57000000,2.643
1749266324,2.65200000,162.80100000,2.643
1749266324,2.65300000,114.95100000,2.643
1749266324,2.65400000,162.74700000,2.643
1749266324,2.65500000,289.20400000,2.643
1749266324,2.65600000,257.97700000,2.643
1749266324,2.65700000,141.92200000,2.643
1749266324,2.65800000,141.78000000,2.643
1749266324,2.65900000,1534.98700000,2.643
1749266324,2.66000000,240.74200000,2.643
1749266324,2.66100000,322.14100000,2.643
1749266324,2.66200000,370.29500000,2.643
1749266324,2.66300000,784.22400000,2.643
1749266324,2.66400000,90.35700000,2.643
1749266324,2.66500000,141.78000000,2.643
1749266324,2.66600000,195.31800000,2.643
1749266324,2.66700000,141.90400000,2.643
1749266324,2.66900000,48.17800000,2.643
1749266324,2.67000000,93.62000000,2.643
1749266324,2.67100000,48.17800000,2.643
1749266324,2.67200000,229.98500000,2.643
1749266324,2.67300000,48.17800000,2.643
1749266324,2.67500000,435.25700000,2.643
1749266324,2.67600000,48.17800000,2.643
1749266324,2.67800000,195.31800000,2.643
1749266324,2.68300000,48.17800000,2.643
1749266324,2.68400000,195.31800000,2.643
1749266324,2.68900000,66.89600000,2.643
1749266324,2.69000000,213.45300000,2.643
1749266324,2.69100000,642.02600000,2.643
1749266324,2.69200000,48.17800000,2.643
1749266324,2.69600000,195.31800000,2.643
1749266324,2.69700000,240.42400000,2.643
1749266324,2.69900000,48.17800000,2.643
1749266324,2.70000000,198.86800000,2.643
1749266324,2.70700000,8.62500000,2.643
1749266324,2.71000000,238.69100000,2.643
1749266324,2.71300000,91.24900000,2.643
1749266324,2.71700000,376.85400000,2.643
1749266324,2.72100000,49.63200000,2.643
1749266324,2.72200000,1008.52000000,2.643
1749266324,2.72400000,2.70800000,2.643
1749266324,2.72500000,16878.55900000,2.643
1749266324,2.72600000,2.31000000,2.643
1749266324,2.72800000,4.19600000,2.643
1749266324,2.73000000,2.05100000,2.643
1749266324,2.73400000,2.22800000,2.643
1749266324,2.73800000,3.80000000,2.643
1749266324,2.74000000,2.69100000,2.643
1749266324,2.74200000,376.67500000,2.643
1749266324,2.74400000,21.85800000,2.643
1749266324,2.75000000,4.88300000,2.643
1749266324,2.75600000,2.67600000,2.643
1749266324,2.76600000,371.27500000,2.643
1749266324,2.77000000,180.50500000,2.643
1749266324,2.77300000,2.66000000,2.643
1749266324,2.79000000,2.64400000,2.643
1749266324,2.79200000,39.97000000,2.643
1749266324,2.80000000,8.41400000,2.643
1749266324,2.80600000,2.62800000,2.643
1749266324,2.81300000,5.90000000,2.643
1749266324,2.82000000,177.30400000,2.643
1749266324,2.82200000,6.08300000,2.643
1749266324,2.82300000,2.59700000,2.643
1749266324,2.83000000,10.64000000,2.643
1749266324,2.84000000,2.58200000,2.643
1749266324,2.85000000,36984.36400000,2.643
1749266324,2.87000000,174.21600000,2.643
1749266324,2.87300000,3.13300000,2.643
1749266324,2.87500000,12.54900000,2.643
1749266324,2.90000000,14.08400000,2.643
1749266324,2.91200000,7.72300000,2.643
1749266324,2.91800000,5.90000000,2.643
1749266324,2.93100000,3.07100000,2.643
1749266324,2.95000000,4.88300000,2.643
1749266324,2.97700000,11.27200000,2.643
1749266324,2.99000000,3.01100000,2.643
1749266324,3.00000000,3123.61300000,2.643
1749266324,3.02300000,5.90000000,2.643
1749266324,3.04500000,18.78400000,2.643
1749266324,3.04900000,2.95200000,2.643
1749266324,3.05000000,4.88300000,2.643
1749266324,3.05100000,25.81900000,2.643
1749266324,3.05900000,2283.94900000,2.643
1749266324,3.07300000,1.88300000,2.643
1749266324,3.10000000,6.98300000,2.643
1749266324,3.11000000,2.89400000,2.643
1749266324,3.12800000,5.90000000,2.643
1749266324,3.15000000,21.71300000,2.643
1749266634,2.64900000,48.17800000,2.647
1749266634,2.65000000,65.98000000,2.647
1749266634,2.65100000,122.86900000,2.647
1749266634,2.65200000,213.12000000,2.647
1749266634,2.65300000,195.80000000,2.647
1749266634,2.65400000,69.05700000,2.647
1749266634,2.65500000,343.38400000,2.647
1749266634,2.65600000,153.79700000,2.647
1749266634,2.65700000,249.17000000,2.647
1749266634,2.65800000,141.72700000,2.647
1749266634,2.65900000,141.92200000,2.647
1749266634,2.66000000,283.06300000,2.647
1749266634,2.66100000,306.74500000,2.647
1749266634,2.66200000,939.85300000,2.647
1749266634,2.66300000,1483.31900000,2.647
1749266634,2.66400000,103.45400000,2.647
1749266634,2.66500000,141.92200000,2.647
1749266634,2.66600000,195.31800000,2.647
1749266634,2.66700000,141.92200000,2.647
1749266634,2.66800000,384.30500000,2.647
1749266634,2.66900000,289.06200000,2.647
1749266634,2.67000000,390.57300000,2.647
1749266634,2.67100000,364.63600000,2.647
1749266634,2.67200000,229.98500000,2.647
1749266634,2.67300000,48.17800000,2.647
1749266634,2.67500000,50.95200000,2.647
1749266634,2.67600000,48.17800000,2.647
1749266634,2.67800000,195.31800000,2.647
1749266634,2.68300000,48.17800000,2.647
1749266634,2.68400000,195.31800000,2.647
1749266634,2.68900000,48.17800000,2.647
1749266634,2.69000000,195.31800000,2.647
1749266634,2.69100000,555.59900000,2.647
1749266634,2.69200000,48.17800000,2.647
1749266634,2.69600000,214.03600000,2.647
1749266634,2.69700000,18.13500000,2.647
1749266634,2.69800000,86.42700000,2.647
1749266634,2.69900000,48.17800000,2.647
1749266634,2.70000000,53.06100000,2.647
1749266634,2.70500000,240.42400000,2.647
1749266634,2.70700000,202.61000000,2.647
1749266634,2.71700000,238.69100000,2.647
1749266634,2.72000000,91.24900000,2.647
1749266634,2.72400000,379.56200000,2.647
1749266634,2.72500000,16878.55900000,2.647
1749266634,2.72600000,2.31000000,2.647
1749266634,2.72800000,4.19600000,2.647
1749266634,2.73000000,2.05100000,2.647
1749266634,2.73400000,2.22800000,2.647
1749266634,2.73800000,3.80000000,2.647
1749266634,2.73900000,1029.12300000,2.647
1749266634,2.74000000,2.69100000,2.647
1749266634,2.74400000,21.85800000,2.647
1749266634,2.74900000,376.67500000,2.647
1749266634,2.75000000,4.88300000,2.647
1749266634,2.75600000,2.67600000,2.647
1749266634,2.77000000,180.50500000,2.647
1749266634,2.77300000,373.93500000,2.647
1749266634,2.79000000,2.64400000,2.647
1749266634,2.79200000,39.97000000,2.647
1749266634,2.80000000,8.41400000,2.647
1749266634,2.80600000,2.62800000,2.647
1749266634,2.81300000,5.90000000,2.647
1749266634,2.82000000,177.30400000,2.647
1749266634,2.82200000,6.08300000,2.647
1749266634,2.82300000,2.59700000,2.647
1749266634,2.83000000,10.64000000,2.647
1749266634,2.84000000,2.58200000,2.647
1749266634,2.84900000,49.63200000,2.647
1749266634,2.85000000,36984.36400000,2.647
1749266634,2.87000000,174.21600000,2.647
1749266634,2.87300000,3.13300000,2.647
1749266634,2.87500000,12.54900000,2.647
1749266634,2.90000000,14.08400000,2.647
1749266634,2.91200000,7.72300000,2.647
1749266634,2.91800000,5.90000000,2.647
1749266634,2.93100000,3.07100000,2.647
1749266634,2.95000000,4.88300000,2.647
1749266634,2.97700000,11.27200000,2.647
1749266634,2.99000000,3.01100000,2.647
1749266634,3.00000000,3123.61300000,2.647
1749266634,3.02300000,5.90000000,2.647
1749266634,3.04500000,18.78400000,2.647
1749266634,3.04900000,2.95200000,2.647
1749266634,3.05000000,4.88300000,2.647
1749266634,3.05100000,25.81900000,2.647
1749266634,3.05900000,2283.94900000,2.647
1749266634,3.07300000,1.88300000,2.647
1749266634,3.10000000,6.98300000,2.647
1749266634,3.11000000,2.89400000,2.647
1749266634,3.12800000,5.90000000,2.647
1749266634,3.15000000,21.71300000,2.647
1749266634,3.17200000,2.83800000,2.647
1749266634,3.19000000,29.61200000,2.647
1749266634,3.19600000,10.33500000,2.647
1749266634,3.20000000,4.88300000,2.647
1749266634,3.21000000,304.77700000,2.647
1749266634,3.23400000,8.62800000,2.647
1749266634,3.23600000,2.78200000,2.647
1749266634,3.24000000,75.97600000,2.647
1749266935,2.64900000,48.17800000,2.648
1749266935,2.65000000,130.21200000,2.648
1749266935,2.65100000,195.31800000,2.648
1749266935,2.65200000,71.06300000,2.648
1749266935,2.65300000,226.27700000,2.648
1749266935,2.65400000,281.41200000,2.648
1749266935,2.65500000,243.91000000,2.648
1749266935,2.65600000,141.78000000,2.648
1749266935,2.65700000,521.28100000,2.648
1749266935,2.65800000,141.72700000,2.648
1749266935,2.65900000,141.78000000,2.648
1749266935,2.66000000,240.88400000,2.648
1749266935,2.66100000,202.17000000,2.648
1749266935,2.66200000,590.88700000,2.648
1749266935,2.66300000,801.41800000,2.648
1749266935,2.66400000,1120.80000000,2.648
1749266935,2.66500000,141.92200000,2.648
1749266935,2.66600000,551.58800000,2.648
1749266935,2.66700000,141.92200000,2.648
1749266935,2.66800000,494.58900000,2.648
1749266935,2.66900000,289.06200000,2.648
1749266935,2.67000000,364.60800000,2.648
1749266935,2.67100000,141.76200000,2.648
1749266935,2.67200000,229.98500000,2.648
1749266935,2.67300000,48.17800000,2.648
1749266935,2.67400000,141.78000000,2.648
1749266935,2.67500000,50.95200000,2.648
1749266935,2.67600000,48.17800000,2.648
1749266935,2.67700000,291.36600000,2.648
1749266935,2.67800000,195.31800000,2.648
1749266935,2.68300000,48.17800000,2.648
1749266935,2.68400000,195.31800000,2.648
1749266935,2.68900000,48.17800000,2.648
1749266935,2.69000000,195.31800000,2.648
1749266935,2.69100000,555.59900000,2.648
1749266935,2.69200000,48.17800000,2.648
1749266935,2.69600000,214.03600000,2.648
1749266935,2.69700000,18.13500000,2.648
1749266935,2.69900000,48.17800000,2.648
1749266935,2.70000000,139.48800000,2.648
1749266935,2.70700000,443.03400000,2.648
1749266935,2.71700000,238.69100000,2.648
1749266935,2.72000000,91.24900000,2.648
1749266935,2.72400000,429.19400000,2.648
1749266935,2.72500000,16878.55900000,2.648
1749266935,2.72600000,2.31000000,2.648
1749266935,2.72800000,4.19600000,2.648
1749266935,2.73000000,2.05100000,2.648
1749266935,2.73400000,2.22800000,2.648
1749266935,2.73800000,3.80000000,2.648
1749266935,2.73900000,1029.12300000,2.648
1749266935,2.74000000,2.69100000,2.648
1749266935,2.74400000,21.85800000,2.648
1749266935,2.74900000,376.67500000,2.648
1749266935,2.75000000,4.88300000,2.648
1749266935,2.75600000,2.67600000,2.648
1749266935,2.77000000,180.50500000,2.648
1749266935,2.77300000,373.93500000,2.648
1749266935,2.79000000,2.64400000,2.648
1749266935,2.79200000,39.97000000,2.648
1749266935,2.80000000,8.41400000,2.648
1749266935,2.80600000,2.62800000,2.648
1749266935,2.81300000,5.90000000,2.648
1749266935,2.82000000,177.30400000,2.648
1749266935,2.82200000,6.08300000,2.648
1749266935,2.82300000,2.59700000,2.648
1749266935,2.83000000,10.64000000,2.648
1749266935,2.84000000,2.58200000,2.648
1749266935,2.85000000,36984.36400000,2.648
1749266935,2.87000000,174.21600000,2.648
1749266935,2.87300000,3.13300000,2.648
1749266935,2.87500000,12.54900000,2.648
1749266935,2.90000000,14.08400000,2.648
1749266935,2.91200000,7.72300000,2.648
1749266935,2.91800000,5.90000000,2.648
1749266935,2.93100000,3.07100000,2.648
1749266935,2.95000000,4.88300000,2.648
1749266935,2.97700000,11.27200000,2.648
1749266935,2.99000000,3.01100000,2.648
1749266935,3.00000000,3123.61300000,2.648
1749266935,3.02300000,5.90000000,2.648
1749266935,3.04500000,18.78400000,2.648
1749266935,3.04900000,2.95200000,2.648
1749266935,3.05000000,4.88300000,2.648
1749266935,3.05100000,25.81900000,2.648
1749266935,3.05900000,2283.94900000,2.648
1749266935,3.07300000,1.88300000,2.648
1749266935,3.10000000,6.98300000,2.648
1749266935,3.11000000,2.89400000,2.648
1749266935,3.12800000,5.90000000,2.648
1749266935,3.15000000,21.71300000,2.648
1749266935,3.17200000,2.83800000,2.648
1749266935,3.19000000,29.61200000,2.648
1749266935,3.19600000,10.33500000,2.648
1749266935,3.20000000,4.88300000,2.648
1749266935,3.21000000,304.77700000,2.648
1749266935,3.23400000,8.62800000,2.648
1749266935,3.23600000,2.78200000,2.648
1749266935,3.24000000,75.97600000,2.648
1749266935,3.25000000,19.37200000,2.648
1749267237,2.64500000,16.40400000,2.645
1749267237,2.64600000,229.29800000,2.645
1749267237,2.64800000,48.17800000,2.645
1749267237,2.64900000,200.70400000,2.645
1749267237,2.65000000,164.96300000,2.645
1749267237,2.65100000,373.58500000,2.645
1749267237,2.65200000,283.13700000,2.645
1749267237,2.65300000,320.00300000,2.645
1749267237,2.65400000,1242.33000000,2.645
1749267237,2.65500000,514.83800000,2.645
1749267237,2.65600000,197.72500000,2.645
1749267237,2.65700000,195.31800000,2.645
1749267237,2.65800000,141.72700000,2.645
1749267237,2.65900000,141.78000000,2.645
1749267237,2.66000000,240.88400000,2.645
1749267237,2.66100000,141.92200000,2.645
1749267237,2.66200000,141.92200000,2.645
1749267237,2.66300000,843.59700000,2.645
1749267237,2.66400000,141.78000000,2.645
1749267237,2.66500000,141.92200000,2.645
1749267237,2.66600000,880.85700000,2.645
1749267237,2.66700000,141.92200000,2.645
1749267237,2.66800000,494.58900000,2.645
1749267237,2.66900000,289.06200000,2.645
1749267237,2.67000000,141.76200000,2.645
1749267237,2.67100000,141.76200000,2.645
1749267237,2.67200000,229.98500000,2.645
1749267237,2.67300000,48.17800000,2.645
1749267237,2.67400000,141.78000000,2.645
1749267237,2.67500000,50.95200000,2.645
1749267237,2.67600000,48.17800000,2.645
1749267237,2.67800000,195.31800000,2.645
1749267237,2.68300000,48.17800000,2.645
1749267237,2.68400000,195.31800000,2.645
1749267237,2.68900000,66.89600000,2.645
1749267237,2.69000000,213.45300000,2.645
1749267237,2.69100000,555.59900000,2.645
1749267237,2.69200000,134.60500000,2.645
1749267237,2.69600000,195.31800000,2.645
1749267237,2.69900000,482.58700000,2.645
1749267237,2.70000000,53.06100000,2.645
1749267237,2.70700000,8.62500000,2.645
1749267237,2.70900000,238.69100000,2.645
1749267237,2.71700000,376.85400000,2.645
1749267237,2.72000000,91.24900000,2.645
1749267237,2.72400000,2.70800000,2.645
1749267237,2.72500000,16878.55900000,2.645
1749267237,2.72600000,2.31000000,2.645
1749267237,2.72800000,4.19600000,2.645
1749267237,2.73000000,2.05100000,2.645
1749267237,2.73400000,2.22800000,2.645
1749267237,2.73800000,53.43200000,2.645
1749267237,2.73900000,1029.12300000,2.645
1749267237,2.74000000,2.69100000,2.645
1749267237,2.74100000,376.67500000,2.645
1749267237,2.74400000,21.85800000,2.645
1749267237,2.75000000,4.88300000,2.645
1749267237,2.75600000,2.67600000,2.645
1749267237,2.77000000,180.50500000,2.645
1749267237,2.77300000,373.93500000,2.645
1749267237,2.79000000,2.64400000,2.645
1749267237,2.79200000,39.97000000,2.645
1749267237,2.80000000,8.41400000,2.645
1749267237,2.80600000,2.62800000,2.645
1749267237,2.81300000,5.90000000,2.645
1749267237,2.82000000,177.30400000,2.645
1749267237,2.82200000,6.08300000,2.645
1749267237,2.82300000,2.59700000,2.645
1749267237,2.83000000,10.64000000,2.645
1749267237,2.84000000,2.58200000,2.645
1749267237,2.85000000,36984.36400000,2.645
1749267237,2.87000000,174.21600000,2.645
1749267237,2.87300000,3.13300000,2.645
1749267237,2.87500000,12.54900000,2.645
1749267237,2.90000000,14.08400000,2.645
1749267237,2.91200000,7.72300000,2.645
1749267237,2.91800000,5.90000000,2.645
1749267237,2.93100000,3.07100000,2.645
1749267237,2.95000000,4.88300000,2.645
1749267237,2.97700000,11.27200000,2.645
1749267237,2.99000000,3.01100000,2.645
1749267237,3.00000000,3123.61300000,2.645
1749267237,3.02300000,5.90000000,2.645
1749267237,3.04500000,18.78400000,2.645
1749267237,3.04900000,2.95200000,2.645
1749267237,3.05000000,4.88300000,2.645
1749267237,3.05100000,25.81900000,2.645
1749267237,3.05900000,2283.94900000,2.645
1749267237,3.07300000,1.88300000,2.645
1749267237,3.10000000,6.98300000,2.645
1749267237,3.11000000,2.89400000,2.645
1749267237,3.12800000,5.90000000,2.645
1749267237,3.15000000,21.71300000,2.645
1749267237,3.17200000,2.83800000,2.645
1749267237,3.19000000,29.61200000,2.645
1749267237,3.19600000,10.33500000,2.645
1749267237,3.20000000,4.88300000,2.645
1749267237,3.21000000,304.77700000,2.645
1749267237,3.23400000,8.62800000,2.645
1749267237,3.23600000,2.78200000,2.645
1749267538,2.65300000,48.17800000,2.652
1749267538,2.65400000,246.75000000,2.652
1749267538,2.65500000,65.87800000,2.652
1749267538,2.65600000,249.29000000,2.652
1749267538,2.65700000,195.31800000,2.652
1749267538,2.65800000,174.59100000,2.652
1749267538,2.65900000,202.02800000,2.652
1749267538,2.66000000,1958.41600000,2.652
1749267538,2.66100000,141.92200000,2.652
1749267538,2.66200000,141.92200000,2.652
1749267538,2.66300000,801.41800000,2.652
1749267538,2.66400000,197.53000000,2.652
1749267538,2.66500000,141.92200000,2.652
1749267538,2.66600000,551.58800000,2.652
1749267538,2.66700000,141.92200000,2.652
1749267538,2.66800000,494.58900000,2.652
1749267538,2.66900000,289.06200000,2.652
1749267538,2.67000000,366.46000000,2.652
1749267538,2.67100000,141.76200000,2.652
1749267538,2.67200000,504.77500000,2.652
1749267538,2.67300000,48.17800000,2.652
1749267538,2.67400000,141.78000000,2.652
1749267538,2.67500000,50.95200000,2.652
1749267538,2.67600000,48.17800000,2.652
1749267538,2.67800000,195.31800000,2.652
1749267538,2.68300000,48.17800000,2.652
1749267538,2.68400000,195.31800000,2.652
1749267538,2.68900000,48.17800000,2.652
1749267538,2.69000000,195.31800000,2.652
1749267538,2.69100000,555.59900000,2.652
1749267538,2.69200000,48.17800000,2.652
1749267538,2.69600000,214.03600000,2.652
1749267538,2.69700000,18.13500000,2.652
1749267538,2.69800000,48.17800000,2.652
1749267538,2.69900000,134.60500000,2.652
1749267538,2.70000000,53.06100000,2.652
1749267538,2.70400000,3.32800000,2.652
1749267538,2.70600000,434.40900000,2.652
1749267538,2.70700000,8.62500000,2.652
1749267538,2.71600000,238.69100000,2.652
1749267538,2.72000000,91.24900000,2.652
1749267538,2.72400000,429.19400000,2.652
1749267538,2.72500000,16878.55900000,2.652
1749267538,2.72600000,2.31000000,2.652
1749267538,2.72800000,4.19600000,2.652
1749267538,2.73000000,2.05100000,2.652
1749267538,2.73400000,2.22800000,2.652
1749267538,2.73800000,3.80000000,2.652
1749267538,2.73900000,1029.12300000,2.652
1749267538,2.74000000,2.69100000,2.652
1749267538,2.74400000,21.85800000,2.652
1749267538,2.74800000,376.67500000,2.652
1749267538,2.75000000,4.88300000,2.652
1749267538,2.75600000,2.67600000,2.652
1749267538,2.75700000,4.35300000,2.652
1749267538,2.77000000,180.50500000,2.652
1749267538,2.77300000,373.93500000,2.652
1749267538,2.79000000,2.64400000,2.652
1749267538,2.79200000,39.97000000,2.652
1749267538,2.80000000,8.41400000,2.652
1749267538,2.80600000,2.62800000,2.652
1749267538,2.81000000,5.33800000,2.652
1749267538,2.81300000,5.90000000,2.652
1749267538,2.82000000,177.30400000,2.652
1749267538,2.82200000,6.08300000,2.652
1749267538,2.82300000,2.59700000,2.652
1749267538,2.84000000,2.58200000,2.652
1749267538,2.85000000,36984.36400000,2.652
1749267538,2.87000000,174.21600000,2.652
1749267538,2.87300000,3.13300000,2.652
1749267538,2.87500000,12.54900000,2.652
1749267538,2.90000000,14.08400000,2.652
1749267538,2.91200000,7.72300000,2.652
1749267538,2.91800000,5.90000000,2.652
1749267538,2.93100000,3.07100000,2.652
1749267538,2.95000000,4.88300000,2.652
1749267538,2.97700000,11.27200000,2.652
1749267538,2.99000000,3.01100000,2.652
1749267538,3.00000000,3123.61300000,2.652
1749267538,3.02300000,5.90000000,2.652
1749267538,3.04500000,18.78400000,2.652
1749267538,3.04900000,2.95200000,2.652
1749267538,3.05000000,4.88300000,2.652
1749267538,3.05100000,25.81900000,2.652
1749267538,3.05900000,2283.94900000,2.652
1749267538,3.07300000,1.88300000,2.652
1749267538,3.10000000,6.98300000,2.652
1749267538,3.11000000,2.89400000,2.652
1749267538,3.12800000,5.90000000,2.652
1749267538,3.15000000,21.71300000,2.652
1749267538,3.17200000,2.83800000,2.652
1749267538,3.19000000,29.61200000,2.652
1749267538,3.19600000,10.33500000,2.652
1749267538,3.20000000,4.88300000,2.652
1749267538,3.21000000,304.77700000,2.652
1749267538,3.23400000,8.62800000,2.652
1749267538,3.23600000,2.78200000,2.652
1749267538,3.24000000,75.97600000,2.652
1749267538,3.25000000,19.37200000,2.652
1749267538,3.26700000,26.89100000,2.652
1749267840,2.65500000,48.17800000,2.654
1749267840,2.65600000,152.98900000,2.654
1749267840,2.65700000,195.31800000,2.654
1749267840,2.65800000,48.17800000,2.654
1749267840,2.65900000,71.21100000,2.654
1749267840,2.66000000,324.93700000,2.654
1749267840,2.66100000,141.92200000,2.654
1749267840,2.66200000,289.98800000,2.654
1749267840,2.66300000,801.41800000,2.654
1749267840,2.66400000,202.02800000,2.654
1749267840,2.66500000,1065.57700000,2.654
1749267840,2.66600000,958.37700000,2.654
1749267840,2.66700000,141.92200000,2.654
1749267840,2.66800000,439.16800000,2.654
1749267840,2.66900000,289.06200000,2.654
1749267840,2.67000000,141.76200000,2.654
1749267840,2.67100000,141.76200000,2.654
1749267840,2.67200000,229.98500000,2.654
1749267840,2.67300000,141.65700000,2.654
1749267840,2.67400000,518.38000000,2.654
1749267840,2.67500000,50.95200000,2.654
1749267840,2.67600000,48.17800000,2.654
1749267840,2.67800000,653.79000000,2.654
1749267840,2.68300000,48.17800000,2.654
1749267840,2.68400000,195.31800000,2.654
1749267840,2.68900000,48.17800000,2.654
1749267840,2.69000000,195.31800000,2.654
1749267840,2.69100000,555.59900000,2.654
1749267840,2.69200000,48.17800000,2.654
1749267840,2.69600000,214.03600000,2.654
1749267840,2.69700000,18.13500000,2.654
1749267840,2.69800000,48.17800000,2.654
1749267840,2.69900000,134.60500000,2.654
1749267840,2.70000000,53.06100000,2.654
1749267840,2.70400000,3.32800000,2.654
1749267840,2.70600000,434.40900000,2.654
1749267840,2.70700000,8.62500000,2.654
1749267840,2.71000000,3.53100000,2.654
1749267840,2.71600000,238.69100000,2.654
1749267840,2.72000000,91.24900000,2.654
1749267840,2.72400000,429.19400000,2.654
1749267840,2.72500000,16878.55900000,2.654
1749267840,2.72600000,2.31000000,2.654
1749267840,2.72800000,4.19600000,2.654
1749267840,2.73000000,2.05100000,2.654
1749267840,2.73400000,2.22800000,2.654
1749267840,2.73800000,3.80000000,2.654
1749267840,2.73900000,1029.12300000,2.654
1749267840,2.74000000,2.69100000,2.654
1749267840,2.74400000,21.85800000,2.654
1749267840,2.74800000,376.67500000,2.654
1749267840,2.75000000,4.88300000,2.654
1749267840,2.75600000,2.67600000,2.654
1749267840,2.75700000,4.35300000,2.654
1749267840,2.77000000,180.50500000,2.654
1749267840,2.77300000,373.93500000,2.654
1749267840,2.79000000,2.64400000,2.654
1749267840,2.79200000,39.97000000,2.654
1749267840,2.80000000,4.88300000,2.654
1749267840,2.80600000,2.62800000,2.654
1749267840,2.81000000,5.33800000,2.654
1749267840,2.81300000,5.90000000,2.654
1749267840,2.82000000,177.30400000,2.654
1749267840,2.82200000,6.08300000,2.654
1749267840,2.82300000,2.59700000,2.654
1749267840,2.84000000,2.58200000,2.654
1749267840,2.85000000,36984.36400000,2.654
1749267840,2.87000000,174.21600000,2.654
1749267840,2.87300000,3.13300000,2.654
1749267840,2.87500000,12.54900000,2.654
1749267840,2.90000000,14.08400000,2.654
1749267840,2.91200000,7.72300000,2.654
1749267840,2.91800000,5.90000000,2.654
1749267840,2.93100000,3.07100000,2.654
1749267840,2.95000000,4.88300000,2.654
1749267840,2.97700000,11.27200000,2.654
1749267840,2.99000000,3.01100000,2.654
1749267840,3.00000000,3123.61300000,2.654
1749267840,3.02300000,5.90000000,2.654
1749267840,3.04500000,18.78400000,2.654
1749267840,3.04900000,2.95200000,2.654
1749267840,3.05000000,4.88300000,2.654
1749267840,3.05100000,25.81900000,2.654
1749267840,3.05900000,2283.94900000,2.654
1749267840,3.07300000,1.88300000,2.654
1749267840,3.10000000,6.98300000,2.654
1749267840,3.11000000,2.89400000,2.654
1749267840,3.12800000,5.90000000,2.654
1749267840,3.15000000,21.71300000,2.654
1749267840,3.17200000,2.83800000,2.654
1749267840,3.19000000,29.61200000,2.654
1749267840,3.19600000,10.33500000,2.654
1749267840,3.20000000,4.88300000,2.654
1749267840,3.21000000,304.77700000,2.654
1749267840,3.23400000,8.62800000,2.654
1749267840,3.23600000,2.78200000,2.654
1749267840,3.24000000,75.97600000,2.654
1749267840,3.25000000,19.37200000,2.654
1749267840,3.26700000,26.89100000,2.654
1749267840,3.26800000,2.72800000,2.654
1749268142,2.66200000,48.17800000,2.662
1749268142,2.66300000,136.93400000,2.662
1749268142,2.66400000,164.67600000,2.662
1749268142,2.66500000,42.14900000,2.662
1749268142,2.66600000,231.92100000,2.662
1749268142,2.66700000,65.68100000,2.662
1749268142,2.66800000,327.30800000,2.662
1749268142,2.66900000,1020.77800000,2.662
1749268142,2.67000000,318.28300000,2.662
1749268142,2.67100000,288.35800000,2.662
1749268142,2.67200000,175.93800000,2.662
1749268142,2.67300000,190.95500000,2.662
1749268142,2.67400000,251.36000000,2.662
1749268142,2.67500000,291.23700000,2.662
1749268142,2.67600000,692.40200000,2.662
1749268142,2.67700000,183.50200000,2.662
1749268142,2.67800000,371.78600000,2.662
1749268142,2.67900000,48.17800000,2.662
1749268142,2.68000000,110.66300000,2.662
1749268142,2.68100000,65.70400000,2.662
1749268142,2.68200000,110.36400000,2.662
1749268142,2.68300000,361.14000000,2.662
1749268142,2.68400000,195.31800000,2.662
1749268142,2.68500000,141.30600000,2.662
1749268142,2.68600000,141.23600000,2.662
1749268142,2.68700000,380.48800000,2.662
1749268142,2.68800000,48.17800000,2.662
1749268142,2.68900000,139.03000000,2.662
1749268142,2.69000000,48.17800000,2.662
1749268142,2.69100000,2.74100000,2.662
1749268142,2.69200000,48.17800000,2.662
1749268142,2.69300000,195.31800000,2.662
1749268142,2.69800000,48.17800000,2.662
1749268142,2.69900000,195.31800000,2.662
1749268142,2.70000000,53.06100000,2.662
1749268142,2.70400000,51.50600000,2.662
1749268142,2.70500000,195.31800000,2.662
1749268142,2.70700000,56.80300000,2.662
1749268142,2.70800000,281.74500000,2.662
1749268142,2.70900000,548.81600000,2.662
1749268142,2.71000000,51.70900000,2.662
1749268142,2.71100000,195.31800000,2.662
