timestamp,price,volume,current_price
1749254680,2.61100000,48.17800000,2.608
1749254680,2.61200000,154.99200000,2.608
1749254680,2.61300000,25.64600000,2.608
1749254680,2.61400000,124.19000000,2.608
1749254680,2.61500000,229.72500000,2.608
1749254680,2.61600000,329.70700000,2.608
1749254680,2.61700000,681.58300000,2.608
1749254680,2.61800000,48.17800000,2.608
1749254680,2.61900000,143.19700000,2.608
1749254680,2.62000000,268.13500000,2.608
1749254680,2.62100000,1241.94800000,2.608
1749254680,2.62200000,198.95800000,2.608
1749254680,2.62300000,242.12200000,2.608
1749254680,2.62400000,143.28800000,2.608
1749254680,2.62500000,203.53600000,2.608
1749254680,2.62600000,147.14000000,2.608
1749254680,2.62700000,48.17800000,2.608
1749254680,2.62800000,653.87500000,2.608
1749254680,2.62900000,195.31800000,2.608
1749254680,2.63000000,341.58500000,2.608
1749254680,2.63100000,48.17800000,2.608
1749254680,2.63200000,147.14000000,2.608
1749254680,2.63400000,48.17800000,2.608
1749254680,2.63600000,195.31800000,2.608
1749254680,2.63700000,852.97800000,2.608
1749254680,2.63800000,48.17800000,2.608
1749254680,2.63900000,147.14000000,2.608
1749254680,2.64100000,48.17800000,2.608
1749254680,2.64200000,195.31800000,2.608
1749254680,2.64300000,50.96800000,2.608
1749254680,2.64400000,48.17800000,2.608
1749254680,2.64600000,80.74900000,2.608
1749254680,2.64800000,195.31800000,2.608
1749254680,2.65000000,4.88300000,2.608
1749254680,2.65400000,195.31800000,2.608
1749254680,2.65500000,564.99900000,2.608
1749254680,2.66000000,147.14000000,2.608
1749254680,2.66300000,86.42700000,2.608
1749254680,2.66600000,18.71800000,2.608
1749254680,2.66700000,212.12000000,2.608
1749254680,2.66900000,240.42400000,2.608
1749254680,2.67200000,2.09600000,2.608
1749254680,2.67500000,2.77400000,2.608
1749254680,2.67900000,329.94000000,2.608
1749254680,2.68000000,376.85400000,2.608
1749254680,2.69100000,2.74100000,2.608
1749254680,2.69500000,1035.83200000,2.608
1749254680,2.70000000,4.88300000,2.608
1749254680,2.70300000,376.67500000,2.608
1749254680,2.70700000,8.62500000,2.608
1749254680,2.72400000,52.34000000,2.608
1749254680,2.72500000,16878.55900000,2.608
1749254680,2.72600000,2.31000000,2.608
1749254680,2.72800000,4.19600000,2.608
1749254680,2.72900000,371.27500000,2.608
1749254680,2.73000000,2.05100000,2.608
1749254680,2.73400000,2.22800000,2.608
1749254680,2.73700000,2.55800000,2.608
1749254680,2.73800000,3.80000000,2.608
1749254680,2.74000000,2.69100000,2.608
1749254680,2.74400000,24.04500000,2.608
1749254680,2.75000000,4.88300000,2.608
1749254680,2.75400000,3.63100000,2.608
1749254680,2.75600000,2.67600000,2.608
1749254680,2.76100000,2.89800000,2.608
1749254680,2.77000000,180.50500000,2.608
1749254680,2.77100000,2.88700000,2.608
1749254680,2.77300000,2.66000000,2.608
1749254680,2.79000000,5.51100000,2.608
1749254680,2.79200000,39.97000000,2.608
1749254680,2.79900000,3.57300000,2.608
1749254680,2.80000000,8.41400000,2.608
1749254680,2.80600000,2.62800000,2.608
1749254680,2.81300000,5.90000000,2.608
1749254680,2.82000000,177.30400000,2.608
1749254680,2.82200000,6.08300000,2.608
1749254680,2.82300000,2.59700000,2.608
1749254680,2.83000000,10.64000000,2.608
1749254680,2.84000000,2.58200000,2.608
1749254680,2.85000000,36984.36400000,2.608
1749254680,2.87000000,174.21600000,2.608
1749254680,2.87300000,3.13300000,2.608
1749254680,2.87500000,12.54900000,2.608
1749254680,2.90000000,14.08400000,2.608
1749254680,2.91200000,7.72300000,2.608
1749254680,2.91800000,5.90000000,2.608
1749254680,2.93100000,3.07100000,2.608
1749254680,2.95000000,4.88300000,2.608
1749254680,2.97700000,11.27200000,2.608
1749254680,2.99000000,3.01100000,2.608
1749254680,3.00000000,3123.61300000,2.608
1749254680,3.02300000,5.90000000,2.608
1749254680,3.04500000,18.78400000,2.608
1749254680,3.04900000,2.95200000,2.608
1749254680,3.05000000,4.88300000,2.608
1749254680,3.05100000,25.81900000,2.608
1749254680,3.05900000,2283.94900000,2.608
1749254680,3.07300000,1.88300000,2.608
1749254680,3.10000000,6.98300000,2.608
1749254680,3.11000000,2.89400000,2.608
1749254999,2.60900000,48.17800000,2.609
1749254999,2.61000000,108.85500000,2.609
1749254999,2.61100000,48.17800000,2.609
1749254999,2.61200000,98.54400000,2.609
1749254999,2.61300000,196.37600000,2.609
1749254999,2.61400000,243.78000000,2.609
1749254999,2.61500000,48.17800000,2.609
1749254999,2.61600000,536.13900000,2.609
1749254999,2.61700000,86.41100000,2.609
1749254999,2.61800000,156.71900000,2.609
1749254999,2.61900000,143.19700000,2.609
1749254999,2.62000000,268.13500000,2.609
1749254999,2.62100000,1242.12500000,2.609
1749254999,2.62200000,143.08800000,2.609
1749254999,2.62300000,242.12200000,2.609
1749254999,2.62400000,592.10100000,2.609
1749254999,2.62500000,203.53600000,2.609
1749254999,2.62600000,203.46600000,2.609
1749254999,2.62700000,48.17800000,2.609
1749254999,2.62800000,653.87500000,2.609
1749254999,2.62900000,195.31800000,2.609
1749254999,2.63000000,341.58500000,2.609
1749254999,2.63100000,48.17800000,2.609
1749254999,2.63200000,147.14000000,2.609
1749254999,2.63400000,48.17800000,2.609
1749254999,2.63600000,195.31800000,2.609
1749254999,2.63700000,852.97800000,2.609
1749254999,2.63800000,48.17800000,2.609
1749254999,2.63900000,147.14000000,2.609
1749254999,2.64100000,48.17800000,2.609
1749254999,2.64200000,195.31800000,2.609
1749254999,2.64300000,50.96800000,2.609
1749254999,2.64400000,48.17800000,2.609
1749254999,2.64600000,80.74900000,2.609
1749254999,2.64800000,147.14000000,2.609
1749254999,2.65000000,4.88300000,2.609
1749254999,2.65400000,147.14000000,2.609
1749254999,2.65500000,564.99900000,2.609
1749254999,2.66000000,147.14000000,2.609
1749254999,2.66300000,86.42700000,2.609
1749254999,2.66600000,18.71800000,2.609
1749254999,2.66700000,212.12000000,2.609
1749254999,2.66900000,240.42400000,2.609
1749254999,2.67200000,2.09600000,2.609
1749254999,2.67500000,2.77400000,2.609
1749254999,2.67900000,329.94000000,2.609
1749254999,2.68000000,376.85400000,2.609
1749254999,2.69100000,2.74100000,2.609
1749254999,2.69400000,49.63200000,2.609
1749254999,2.69500000,1035.83200000,2.609
1749254999,2.70000000,4.88300000,2.609
1749254999,2.70300000,376.67500000,2.609
1749254999,2.70700000,8.62500000,2.609
1749254999,2.72400000,2.70800000,2.609
1749254999,2.72500000,16878.55900000,2.609
1749254999,2.72600000,2.31000000,2.609
1749254999,2.72800000,4.19600000,2.609
1749254999,2.72900000,371.27500000,2.609
1749254999,2.73000000,2.05100000,2.609
1749254999,2.73400000,2.22800000,2.609
1749254999,2.73700000,2.55800000,2.609
1749254999,2.73800000,3.80000000,2.609
1749254999,2.74000000,2.69100000,2.609
1749254999,2.74400000,24.04500000,2.609
1749254999,2.75000000,4.88300000,2.609
1749254999,2.75400000,3.63100000,2.609
1749254999,2.75600000,2.67600000,2.609
1749254999,2.76100000,2.89800000,2.609
1749254999,2.77000000,180.50500000,2.609
1749254999,2.77100000,2.88700000,2.609
1749254999,2.77300000,2.66000000,2.609
1749254999,2.79000000,5.51100000,2.609
1749254999,2.79200000,39.97000000,2.609
1749254999,2.79900000,3.57300000,2.609
1749254999,2.80000000,8.41400000,2.609
1749254999,2.80600000,2.62800000,2.609
1749254999,2.81300000,5.90000000,2.609
1749254999,2.82000000,177.30400000,2.609
1749254999,2.82200000,6.08300000,2.609
1749254999,2.82300000,2.59700000,2.609
1749254999,2.83000000,10.64000000,2.609
1749254999,2.84000000,2.58200000,2.609
1749254999,2.85000000,36984.36400000,2.609
1749254999,2.87000000,174.21600000,2.609
1749254999,2.87300000,3.13300000,2.609
1749254999,2.87500000,12.54900000,2.609
1749254999,2.90000000,14.08400000,2.609
1749254999,2.91200000,7.72300000,2.609
1749254999,2.91800000,5.90000000,2.609
1749254999,2.93100000,3.07100000,2.609
1749254999,2.95000000,4.88300000,2.609
1749254999,2.97700000,11.27200000,2.609
1749254999,2.99000000,3.01100000,2.609
1749254999,3.00000000,3123.61300000,2.609
1749254999,3.02300000,5.90000000,2.609
1749254999,3.04500000,18.78400000,2.609
1749254999,3.04900000,2.95200000,2.609
1749254999,3.05000000,4.88300000,2.609
1749254999,3.05100000,25.81900000,2.609
1749254999,3.05900000,2283.94900000,2.609
