timestamp,price,volume,current_price
1749254678,21.30000000,12.41800000,21.3
1749254678,21.31000000,882.56800000,21.3
1749254678,21.32000000,42.59600000,21.3
1749254678,21.33000000,55.56800000,21.3
1749254678,21.34000000,71.32900000,21.3
1749254678,21.35000000,157.28400000,21.3
1749254678,21.36000000,36.88000000,21.3
1749254678,21.37000000,45.76300000,21.3
1749254678,21.38000000,36.04900000,21.3
1749254678,21.39000000,87.90000000,21.3
1749254678,21.40000000,72.12000000,21.3
1749254678,21.41000000,34.48700000,21.3
1749254678,21.42000000,35.65100000,21.3
1749254678,21.43000000,253.94500000,21.3
1749254678,21.44000000,28.24600000,21.3
1749254678,21.45000000,11.15400000,21.3
1749254678,21.46000000,2.15200000,21.3
1749254678,21.47000000,11.73300000,21.3
1749254678,21.48000000,48.95500000,21.3
1749254678,21.49000000,36.03900000,21.3
1749254678,21.50000000,66.89800000,21.3
1749254678,21.51000000,6.14000000,21.3
1749254678,21.52000000,1.45400000,21.3
1749254678,21.53000000,0.35300000,21.3
1749254678,21.54000000,2.68900000,21.3
1749254678,21.57000000,0.26900000,21.3
1749254678,21.59000000,0.27800000,21.3
1749254678,21.62000000,27.62500000,21.3
1749254678,21.63000000,0.27800000,21.3
1749254678,21.64000000,1.84300000,21.3
1749254678,21.65000000,1.38300000,21.3
1749254678,21.68000000,0.27400000,21.3
1749254678,21.70000000,7.02700000,21.3
1749254678,21.71000000,0.26900000,21.3
1749254678,21.74000000,0.36800000,21.3
1749254678,21.75000000,0.95800000,21.3
1749254678,21.76000000,0.76900000,21.3
1749254678,21.77000000,0.33600000,21.3
1749254678,21.78000000,1.77700000,21.3
1749254678,21.79000000,0.85000000,21.3
1749254678,21.80000000,0.49900000,21.3
1749254678,21.81000000,14.90800000,21.3
1749254678,21.82000000,4.59000000,21.3
1749254678,21.83000000,0.78100000,21.3
1749254678,21.84000000,46.12200000,21.3
1749254678,21.85000000,1.07400000,21.3
1749254678,21.92000000,0.52400000,21.3
1749254678,21.93000000,4.55900000,21.3
1749254678,21.96000000,0.23100000,21.3
1749254678,21.97000000,1.23200000,21.3
1749254678,21.98000000,0.28200000,21.3
1749254678,21.99000000,15.28000000,21.3
1749254678,22.00000000,182.86500000,21.3
1749254678,22.01000000,0.85500000,21.3
1749254678,22.02000000,0.70800000,21.3
1749254678,22.03000000,1.57400000,21.3
1749254678,22.08000000,5.48100000,21.3
1749254678,22.09000000,4.88000000,21.3
1749254678,22.10000000,0.49900000,21.3
1749254678,22.12000000,0.27400000,21.3
1749254678,22.14000000,4.41000000,21.3
1749254678,22.15000000,2.37700000,21.3
1749254678,22.16000000,40.67400000,21.3
1749254678,22.18000000,0.95800000,21.3
1749254678,22.20000000,1.14100000,21.3
1749254678,22.21000000,1.72600000,21.3
1749254678,22.22000000,0.65000000,21.3
1749254678,22.23000000,5.06000000,21.3
1749254678,22.24000000,5.94300000,21.3
1749254678,22.25000000,1.24600000,21.3
1749254678,22.26000000,2.69400000,21.3
1749254678,22.27000000,0.99500000,21.3
1749254678,22.28000000,4.53300000,21.3
1749254678,22.30000000,1.07000000,21.3
1749254678,22.32000000,0.65000000,21.3
1749254678,22.36000000,1.03500000,21.3
1749254678,22.37000000,0.62000000,21.3
1749254678,22.40000000,1.45700000,21.3
1749254678,22.41000000,0.32500000,21.3
1749254678,22.42000000,1.20600000,21.3
1749254678,22.43000000,1.57400000,21.3
1749254678,22.44000000,0.33000000,21.3
1749254678,22.45000000,0.28300000,21.3
1749254678,22.46000000,3.33500000,21.3
1749254678,22.47000000,0.24900000,21.3
1749254678,22.48000000,0.29900000,21.3
1749254678,22.50000000,0.95200000,21.3
1749254678,22.52000000,6.51100000,21.3
1749254678,22.54000000,4.86200000,21.3
1749254678,22.55000000,1.00000000,21.3
1749254678,22.56000000,0.55400000,21.3
1749254678,22.57000000,0.39400000,21.3
1749254678,22.59000000,2.99700000,21.3
1749254678,22.62000000,1.39000000,21.3
1749254678,22.63000000,0.95800000,21.3
1749254678,22.64000000,0.28200000,21.3
1749254678,22.65000000,7.10600000,21.3
1749254678,22.66000000,1.62400000,21.3
1749254678,22.68000000,0.22300000,21.3
1749254678,22.69000000,3.99200000,21.3
1749254998,21.35000000,27.37200000,21.34
1749254998,21.36000000,62.10400000,21.34
1749254998,21.37000000,62.53400000,21.34
1749254998,21.38000000,60.97100000,21.34
1749254998,21.39000000,113.17600000,21.34
1749254998,21.40000000,42.54600000,21.34
1749254998,21.41000000,128.59100000,21.34
1749254998,21.42000000,36.00100000,21.34
1749254998,21.43000000,35.07600000,21.34
1749254998,21.44000000,46.83500000,21.34
1749254998,21.45000000,61.85900000,21.34
1749254998,21.46000000,59.46500000,21.34
1749254998,21.47000000,49.33500000,21.34
1749254998,21.48000000,35.93000000,21.34
1749254998,21.49000000,293.56500000,21.34
1749254998,21.50000000,16.42800000,21.34
1749254998,21.51000000,0.84000000,21.34
1749254998,21.52000000,12.32500000,21.34
1749254998,21.53000000,0.35300000,21.34
1749254998,21.54000000,13.83900000,21.34
1749254998,21.55000000,93.49500000,21.34
1749254998,21.56000000,1.12800000,21.34
1749254998,21.57000000,11.06900000,21.34
1749254998,21.58000000,1.17200000,21.34
1749254998,21.59000000,0.27800000,21.34
1749254998,21.62000000,38.42500000,21.34
1749254998,21.63000000,0.27800000,21.34
1749254998,21.64000000,1.84300000,21.34
1749254998,21.65000000,1.38300000,21.34
1749254998,21.66000000,10.80000000,21.34
1749254998,21.68000000,0.27400000,21.34
1749254998,21.70000000,17.82700000,21.34
1749254998,21.71000000,0.26900000,21.34
1749254998,21.74000000,0.36800000,21.34
1749254998,21.75000000,0.95800000,21.34
1749254998,21.76000000,0.76900000,21.34
1749254998,21.77000000,0.33600000,21.34
1749254998,21.78000000,12.57700000,21.34
1749254998,21.79000000,0.85000000,21.34
1749254998,21.80000000,0.49900000,21.34
1749254998,21.81000000,3.70200000,21.34
1749254998,21.82000000,15.39000000,21.34
1749254998,21.83000000,0.78100000,21.34
1749254998,21.84000000,46.12200000,21.34
1749254998,21.85000000,1.07400000,21.34
1749254998,21.87000000,11.20600000,21.34
1749254998,21.92000000,0.52400000,21.34
1749254998,21.93000000,4.55900000,21.34
1749254998,21.96000000,0.23100000,21.34
1749254998,21.97000000,1.23200000,21.34
1749254998,21.98000000,0.28200000,21.34
1749254998,21.99000000,15.28000000,21.34
1749254998,22.00000000,182.86500000,21.34
1749254998,22.01000000,0.85500000,21.34
1749254998,22.02000000,0.70800000,21.34
1749254998,22.03000000,1.57400000,21.34
1749254998,22.08000000,5.48100000,21.34
1749254998,22.09000000,4.88000000,21.34
1749254998,22.10000000,0.49900000,21.34
1749254998,22.12000000,0.27400000,21.34
1749254998,22.14000000,4.41000000,21.34
1749254998,22.15000000,2.37700000,21.34
1749254998,22.16000000,0.82000000,21.34
1749254998,22.18000000,0.95800000,21.34
1749254998,22.20000000,1.14100000,21.34
1749254998,22.21000000,1.72600000,21.34
1749254998,22.22000000,40.50400000,21.34
1749254998,22.23000000,5.06000000,21.34
1749254998,22.24000000,5.94300000,21.34
1749254998,22.25000000,1.24600000,21.34
1749254998,22.26000000,2.69400000,21.34
1749254998,22.27000000,0.99500000,21.34
1749254998,22.28000000,4.53300000,21.34
1749254998,22.30000000,1.07000000,21.34
1749254998,22.32000000,0.65000000,21.34
1749254998,22.36000000,1.03500000,21.34
1749254998,22.37000000,0.62000000,21.34
1749254998,22.40000000,1.45700000,21.34
1749254998,22.41000000,0.32500000,21.34
1749254998,22.42000000,1.20600000,21.34
1749254998,22.43000000,1.57400000,21.34
1749254998,22.44000000,0.33000000,21.34
1749254998,22.45000000,0.28300000,21.34
1749254998,22.46000000,3.33500000,21.34
1749254998,22.47000000,0.24900000,21.34
1749254998,22.48000000,0.29900000,21.34
1749254998,22.50000000,0.95200000,21.34
1749254998,22.52000000,6.51100000,21.34
1749254998,22.54000000,4.86200000,21.34
1749254998,22.55000000,1.00000000,21.34
1749254998,22.56000000,0.55400000,21.34
1749254998,22.57000000,0.39400000,21.34
1749254998,22.59000000,2.99700000,21.34
1749254998,22.62000000,1.39000000,21.34
1749254998,22.63000000,0.95800000,21.34
1749254998,22.64000000,0.28200000,21.34
1749254998,22.65000000,7.10600000,21.34
1749254998,22.66000000,1.62400000,21.34
1749254998,22.68000000,0.22300000,21.34
1749254998,22.69000000,3.99200000,21.34
