timestamp,price,volume,current_price
1749258439,21.38000000,21.60000000,21.37
1749258439,21.39000000,92.63100000,21.37
1749258439,21.40000000,166.14900000,21.37
1749258439,21.41000000,115.02200000,21.37
1749258439,21.42000000,183.51700000,21.37
1749258439,21.43000000,159.30200000,21.37
1749258439,21.44000000,77.85000000,21.37
1749258439,21.45000000,142.23400000,21.37
1749258439,21.46000000,52.21900000,21.37
1749258439,21.47000000,41.03900000,21.37
1749258439,21.48000000,41.99200000,21.37
1749258439,21.49000000,85.14600000,21.37
1749258439,21.50000000,67.58900000,21.37
1749258439,21.51000000,46.12600000,21.37
1749258439,21.52000000,35.52900000,21.37
1749258439,21.53000000,46.46900000,21.37
1749258439,21.54000000,255.31500000,21.37
1749258439,21.55000000,11.15200000,21.37
1749258439,21.56000000,12.32300000,21.37
1749258439,21.57000000,0.62100000,21.37
1749258439,21.58000000,35.54700000,21.37
1749258439,21.59000000,136.69600000,21.37
1749258439,21.60000000,12.32000000,21.37
1749258439,21.61000000,0.35100000,21.37
1749258439,21.62000000,47.46800000,21.37
1749258439,21.63000000,0.27800000,21.37
1749258439,21.64000000,1.84300000,21.37
1749258439,21.65000000,1.38300000,21.37
1749258439,21.66000000,10.80000000,21.37
1749258439,21.67000000,26.30200000,21.37
1749258439,21.68000000,11.07400000,21.37
1749258439,21.70000000,17.82700000,21.37
1749258439,21.71000000,0.26900000,21.37
1749258439,21.74000000,27.61500000,21.37
1749258439,21.75000000,0.95800000,21.37
1749258439,21.76000000,0.76900000,21.37
1749258439,21.77000000,0.33600000,21.37
1749258439,21.78000000,12.57700000,21.37
1749258439,21.79000000,0.85000000,21.37
1749258439,21.80000000,0.49900000,21.37
1749258439,21.81000000,14.50200000,21.37
1749258439,21.82000000,4.59000000,21.37
1749258439,21.83000000,0.78100000,21.37
1749258439,21.84000000,0.45800000,21.37
1749258439,21.85000000,1.07400000,21.37
1749258439,21.92000000,0.52400000,21.37
1749258439,21.93000000,15.76500000,21.37
1749258439,21.96000000,45.89500000,21.37
1749258439,21.97000000,1.23200000,21.37
1749258439,21.98000000,0.28200000,21.37
1749258439,21.99000000,15.28000000,21.37
1749258439,22.00000000,182.86500000,21.37
1749258439,22.01000000,0.85500000,21.37
1749258439,22.02000000,0.70800000,21.37
1749258439,22.03000000,1.57400000,21.37
1749258439,22.08000000,5.48100000,21.37
1749258439,22.09000000,4.88000000,21.37
1749258439,22.10000000,0.49900000,21.37
1749258439,22.12000000,0.27400000,21.37
1749258439,22.14000000,4.41000000,21.37
1749258439,22.15000000,2.37700000,21.37
1749258439,22.16000000,0.82000000,21.37
1749258439,22.18000000,0.95800000,21.37
1749258439,22.20000000,1.14100000,21.37
1749258439,22.21000000,1.72600000,21.37
1749258439,22.22000000,0.65000000,21.37
1749258439,22.23000000,5.06000000,21.37
1749258439,22.24000000,5.94300000,21.37
1749258439,22.25000000,1.24600000,21.37
1749258439,22.26000000,1.34700000,21.37
1749258439,22.27000000,0.99500000,21.37
1749258439,22.28000000,4.53300000,21.37
1749258439,22.30000000,1.07000000,21.37
1749258439,22.32000000,0.65000000,21.37
1749258439,22.34000000,39.85400000,21.37
1749258439,22.36000000,1.03500000,21.37
1749258439,22.37000000,0.62000000,21.37
1749258439,22.38000000,0.89400000,21.37
1749258439,22.40000000,1.45700000,21.37
1749258439,22.41000000,0.32500000,21.37
1749258439,22.42000000,1.20600000,21.37
1749258439,22.43000000,1.57400000,21.37
1749258439,22.44000000,0.33000000,21.37
1749258439,22.45000000,0.72900000,21.37
1749258439,22.46000000,3.33500000,21.37
1749258439,22.47000000,0.24900000,21.37
1749258439,22.48000000,0.29900000,21.37
1749258439,22.50000000,0.95200000,21.37
1749258439,22.52000000,6.51100000,21.37
1749258439,22.54000000,4.86200000,21.37
1749258439,22.55000000,1.00000000,21.37
1749258439,22.56000000,0.55400000,21.37
1749258439,22.57000000,0.39400000,21.37
1749258439,22.59000000,2.99700000,21.37
1749258439,22.62000000,1.39000000,21.37
1749258439,22.63000000,0.95800000,21.37
1749258439,22.64000000,0.28200000,21.37
1749258439,22.65000000,7.10600000,21.37
1749258439,22.66000000,1.62400000,21.37
1749258439,22.68000000,0.22300000,21.37
1749258779,21.38000000,27.93000000,21.37
1749258779,21.39000000,131.77100000,21.37
1749258779,21.40000000,289.35700000,21.37
1749258779,21.41000000,127.12600000,21.37
1749258779,21.42000000,142.34400000,21.37
1749258779,21.43000000,97.88700000,21.37
1749258779,21.44000000,85.88400000,21.37
1749258779,21.45000000,50.86700000,21.37
1749258779,21.46000000,41.12700000,21.37
1749258779,21.47000000,69.22400000,21.37
1749258779,21.48000000,36.30200000,21.37
1749258779,21.49000000,85.14600000,21.37
1749258779,21.50000000,38.82000000,21.37
1749258779,21.51000000,287.90800000,21.37
1749258779,21.52000000,35.54900000,21.37
1749258779,21.53000000,23.25600000,21.37
1749258779,21.54000000,12.66700000,21.37
1749258779,21.55000000,11.15200000,21.37
1749258779,21.56000000,12.32200000,21.37
1749258779,21.57000000,11.42100000,21.37
1749258779,21.58000000,62.82400000,21.37
1749258779,21.59000000,85.06300000,21.37
1749258779,21.60000000,12.32000000,21.37
1749258779,21.61000000,0.35100000,21.37
1749258779,21.62000000,63.00600000,21.37
1749258779,21.63000000,0.27800000,21.37
1749258779,21.64000000,3.01200000,21.37
1749258779,21.65000000,1.38300000,21.37
1749258779,21.67000000,10.80000000,21.37
1749258779,21.68000000,1.44300000,21.37
1749258779,21.70000000,17.82700000,21.37
1749258779,21.71000000,0.26900000,21.37
1749258779,21.72000000,1.17000000,21.37
1749258779,21.74000000,27.61500000,21.37
1749258779,21.75000000,0.95800000,21.37
1749258779,21.76000000,1.93900000,21.37
1749258779,21.77000000,0.33600000,21.37
1749258779,21.78000000,1.77700000,21.37
1749258779,21.79000000,0.85000000,21.37
1749258779,21.80000000,1.64800000,21.37
1749258779,21.81000000,3.70200000,21.37
1749258779,21.82000000,4.59000000,21.37
1749258779,21.83000000,0.78100000,21.37
1749258779,21.84000000,0.45800000,21.37
1749258779,21.85000000,1.07400000,21.37
1749258779,21.92000000,0.52400000,21.37
1749258779,21.93000000,15.76500000,21.37
1749258779,21.96000000,45.89500000,21.37
1749258779,21.97000000,1.23200000,21.37
1749258779,21.98000000,0.28200000,21.37
1749258779,21.99000000,15.28000000,21.37
1749258779,22.00000000,182.86500000,21.37
1749258779,22.01000000,0.85500000,21.37
1749258779,22.02000000,0.70800000,21.37
1749258779,22.03000000,1.57400000,21.37
1749258779,22.08000000,5.48100000,21.37
1749258779,22.09000000,4.88000000,21.37
1749258779,22.10000000,0.49900000,21.37
1749258779,22.12000000,0.27400000,21.37
1749258779,22.14000000,4.41000000,21.37
1749258779,22.15000000,2.37700000,21.37
1749258779,22.16000000,0.82000000,21.37
1749258779,22.18000000,0.95800000,21.37
1749258779,22.20000000,1.14100000,21.37
1749258779,22.21000000,1.72600000,21.37
1749258779,22.22000000,0.65000000,21.37
1749258779,22.23000000,5.06000000,21.37
1749258779,22.24000000,5.94300000,21.37
1749258779,22.25000000,1.24600000,21.37
1749258779,22.26000000,1.34700000,21.37
1749258779,22.27000000,0.99500000,21.37
1749258779,22.28000000,4.53300000,21.37
1749258779,22.30000000,1.07000000,21.37
1749258779,22.32000000,0.65000000,21.37
1749258779,22.34000000,39.85400000,21.37
1749258779,22.36000000,1.03500000,21.37
1749258779,22.37000000,0.62000000,21.37
1749258779,22.38000000,0.89400000,21.37
1749258779,22.40000000,1.45700000,21.37
1749258779,22.41000000,0.32500000,21.37
1749258779,22.42000000,1.20600000,21.37
1749258779,22.43000000,1.57400000,21.37
1749258779,22.44000000,0.33000000,21.37
1749258779,22.45000000,0.72900000,21.37
1749258779,22.46000000,3.33500000,21.37
1749258779,22.47000000,0.24900000,21.37
1749258779,22.48000000,0.29900000,21.37
1749258779,22.50000000,0.95200000,21.37
1749258779,22.52000000,6.51100000,21.37
1749258779,22.54000000,4.86200000,21.37
1749258779,22.55000000,1.00000000,21.37
1749258779,22.56000000,0.55400000,21.37
1749258779,22.57000000,0.39400000,21.37
1749258779,22.59000000,2.99700000,21.37
1749258779,22.62000000,1.39000000,21.37
1749258779,22.63000000,0.95800000,21.37
1749258779,22.64000000,0.28200000,21.37
1749258779,22.65000000,7.10600000,21.37
1749258779,22.66000000,1.62400000,21.37
1749258779,22.68000000,0.22300000,21.37
1749259082,21.33000000,50.19700000,21.33
1749259082,21.34000000,76.78600000,21.33
1749259082,21.35000000,63.74700000,21.33
1749259082,21.36000000,114.59400000,21.33
1749259082,21.37000000,365.00700000,21.33
1749259082,21.38000000,335.10700000,21.33
1749259082,21.39000000,101.97100000,21.33
1749259082,21.40000000,140.94100000,21.33
1749259082,21.41000000,95.07900000,21.33
1749259082,21.42000000,40.48500000,21.33
1749259082,21.43000000,40.80100000,21.33
1749259082,21.44000000,284.20400000,21.33
1749259082,21.45000000,87.85300000,21.33
1749259082,21.46000000,35.43500000,21.33
1749259082,21.47000000,35.35300000,21.33
1749259082,21.48000000,36.30200000,21.33
1749259082,21.49000000,36.39000000,21.33
1749259082,21.50000000,15.60700000,21.33
1749259082,21.51000000,22.88000000,21.33
1749259082,21.52000000,35.54900000,21.33
1749259082,21.53000000,107.19300000,21.33
1749259082,21.54000000,17.96700000,21.33
1749259082,21.55000000,11.15200000,21.33
1749259082,21.56000000,12.32200000,21.33
1749259082,21.57000000,11.42100000,21.33
1749259082,21.58000000,62.82400000,21.33
1749259082,21.59000000,11.42900000,21.33
1749259082,21.60000000,12.32000000,21.33
1749259082,21.61000000,0.35100000,21.33
1749259082,21.62000000,36.66800000,21.33
1749259082,21.63000000,0.27800000,21.33
1749259082,21.64000000,3.01200000,21.33
1749259082,21.65000000,1.38300000,21.33
1749259082,21.68000000,28.69000000,21.33
1749259082,21.70000000,7.02700000,21.33
1749259082,21.71000000,0.26900000,21.33
1749259082,21.72000000,1.17000000,21.33
1749259082,21.74000000,0.36800000,21.33
1749259082,21.75000000,0.95800000,21.33
1749259082,21.76000000,1.93900000,21.33
1749259082,21.77000000,0.33600000,21.33
1749259082,21.78000000,1.77700000,21.33
1749259082,21.79000000,0.85000000,21.33
1749259082,21.80000000,0.49900000,21.33
1749259082,21.81000000,3.70200000,21.33
1749259082,21.82000000,4.59000000,21.33
1749259082,21.83000000,0.78100000,21.33
1749259082,21.84000000,0.45800000,21.33
1749259082,21.85000000,1.07400000,21.33
1749259082,21.90000000,45.66400000,21.33
1749259082,21.92000000,0.52400000,21.33
1749259082,21.93000000,15.76500000,21.33
1749259082,21.96000000,0.23100000,21.33
1749259082,21.97000000,1.23200000,21.33
1749259082,21.98000000,0.28200000,21.33
1749259082,21.99000000,15.28000000,21.33
1749259082,22.00000000,182.86500000,21.33
1749259082,22.01000000,0.85500000,21.33
1749259082,22.02000000,0.70800000,21.33
1749259082,22.03000000,1.57400000,21.33
1749259082,22.08000000,5.48100000,21.33
1749259082,22.09000000,4.88000000,21.33
1749259082,22.10000000,0.49900000,21.33
1749259082,22.12000000,0.27400000,21.33
1749259082,22.14000000,4.41000000,21.33
1749259082,22.15000000,2.37700000,21.33
1749259082,22.16000000,0.82000000,21.33
1749259082,22.18000000,0.95800000,21.33
1749259082,22.20000000,1.14100000,21.33
1749259082,22.21000000,1.72600000,21.33
1749259082,22.22000000,0.65000000,21.33
1749259082,22.23000000,5.06000000,21.33
1749259082,22.24000000,5.94300000,21.33
1749259082,22.25000000,1.24600000,21.33
1749259082,22.26000000,1.34700000,21.33
1749259082,22.27000000,0.99500000,21.33
1749259082,22.28000000,44.38700000,21.33
1749259082,22.30000000,1.07000000,21.33
1749259082,22.32000000,0.65000000,21.33
1749259082,22.36000000,1.03500000,21.33
1749259082,22.37000000,0.62000000,21.33
1749259082,22.38000000,0.89400000,21.33
1749259082,22.40000000,1.45700000,21.33
1749259082,22.41000000,0.32500000,21.33
1749259082,22.42000000,1.20600000,21.33
1749259082,22.43000000,1.57400000,21.33
1749259082,22.44000000,0.33000000,21.33
1749259082,22.45000000,0.72900000,21.33
1749259082,22.46000000,3.33500000,21.33
1749259082,22.47000000,0.24900000,21.33
1749259082,22.48000000,0.29900000,21.33
1749259082,22.50000000,0.95200000,21.33
1749259082,22.52000000,6.51100000,21.33
1749259082,22.54000000,4.86200000,21.33
1749259082,22.55000000,1.00000000,21.33
1749259082,22.56000000,0.55400000,21.33
1749259082,22.57000000,0.39400000,21.33
1749259082,22.59000000,2.99700000,21.33
1749259082,22.62000000,1.39000000,21.33
1749259082,22.63000000,0.95800000,21.33
