timestamp,price,volume,current_price
1749260826,21.31000000,53.37400000,21.32
1749260826,21.32000000,74.73200000,21.32
1749260826,21.33000000,68.69900000,21.32
1749260826,21.34000000,127.31200000,21.32
1749260826,21.35000000,178.55700000,21.32
1749260826,21.36000000,181.72700000,21.32
1749260826,21.37000000,151.95700000,21.32
1749260826,21.38000000,44.21700000,21.32
1749260826,21.39000000,44.00000000,21.32
1749260826,21.40000000,44.49700000,21.32
1749260826,21.41000000,60.23600000,21.32
1749260826,21.42000000,281.30900000,21.32
1749260826,21.43000000,62.47600000,21.32
1749260826,21.44000000,34.81700000,21.32
1749260826,21.45000000,45.69600000,21.32
1749260826,21.46000000,74.29900000,21.32
1749260826,21.47000000,92.52200000,21.32
1749260826,21.48000000,11.49000000,21.32
1749260826,21.49000000,36.03900000,21.32
1749260826,21.50000000,15.25600000,21.32
1749260826,21.51000000,47.93000000,21.32
1749260826,21.52000000,16.45300000,21.32
1749260826,21.53000000,62.20200000,21.32
1749260826,21.54000000,12.66700000,21.32
1749260826,21.55000000,0.35200000,21.32
1749260826,21.56000000,0.35200000,21.32
1749260826,21.57000000,0.62100000,21.32
1749260826,21.58000000,0.35100000,21.32
1749260826,21.59000000,0.62900000,21.32
1749260826,21.60000000,11.15100000,21.32
1749260826,21.61000000,0.35100000,21.32
1749260826,21.62000000,0.37800000,21.32
1749260826,21.63000000,0.27800000,21.32
1749260826,21.64000000,1.84300000,21.32
1749260826,21.65000000,12.18300000,21.32
1749260826,21.68000000,38.32100000,21.32
1749260826,21.70000000,17.82700000,21.32
1749260826,21.71000000,0.26900000,21.32
1749260826,21.74000000,0.36800000,21.32
1749260826,21.75000000,0.95800000,21.32
1749260826,21.76000000,0.76900000,21.32
1749260826,21.77000000,0.33600000,21.32
1749260826,21.78000000,1.77700000,21.32
1749260826,21.79000000,0.85000000,21.32
1749260826,21.80000000,0.49900000,21.32
1749260826,21.81000000,3.70200000,21.32
1749260826,21.82000000,4.59000000,21.32
1749260826,21.83000000,0.78100000,21.32
1749260826,21.84000000,0.45800000,21.32
1749260826,21.85000000,1.07400000,21.32
1749260826,21.86000000,11.20600000,21.32
1749260826,21.90000000,45.66400000,21.32
1749260826,21.92000000,0.52400000,21.32
1749260826,21.93000000,4.55900000,21.32
1749260826,21.96000000,0.23100000,21.32
1749260826,21.97000000,1.23200000,21.32
1749260826,21.98000000,0.28200000,21.32
1749260826,21.99000000,15.28000000,21.32
1749260826,22.00000000,182.86500000,21.32
1749260826,22.01000000,0.85500000,21.32
1749260826,22.02000000,0.70800000,21.32
1749260826,22.03000000,1.57400000,21.32
1749260826,22.08000000,5.48100000,21.32
1749260826,22.09000000,4.88000000,21.32
1749260826,22.10000000,0.49900000,21.32
1749260826,22.12000000,0.27400000,21.32
1749260826,22.14000000,4.41000000,21.32
1749260826,22.15000000,2.37700000,21.32
1749260826,22.16000000,0.82000000,21.32
1749260826,22.18000000,0.95800000,21.32
1749260826,22.20000000,1.14100000,21.32
1749260826,22.21000000,1.72600000,21.32
1749260826,22.22000000,0.65000000,21.32
1749260826,22.23000000,5.06000000,21.32
1749260826,22.24000000,5.94300000,21.32
1749260826,22.25000000,1.24600000,21.32
1749260826,22.26000000,1.34700000,21.32
1749260826,22.27000000,0.99500000,21.32
1749260826,22.28000000,44.38700000,21.32
1749260826,22.30000000,1.07000000,21.32
1749260826,22.32000000,0.65000000,21.32
1749260826,22.36000000,1.03500000,21.32
1749260826,22.37000000,0.62000000,21.32
1749260826,22.38000000,0.89400000,21.32
1749260826,22.40000000,1.45700000,21.32
1749260826,22.41000000,0.32500000,21.32
1749260826,22.42000000,1.20600000,21.32
1749260826,22.43000000,1.57400000,21.32
1749260826,22.44000000,0.33000000,21.32
1749260826,22.45000000,0.72900000,21.32
1749260826,22.46000000,3.33500000,21.32
1749260826,22.47000000,0.24900000,21.32
1749260826,22.48000000,0.29900000,21.32
1749260826,22.50000000,0.95200000,21.32
1749260826,22.52000000,6.51100000,21.32
1749260826,22.54000000,4.86200000,21.32
1749260826,22.55000000,1.00000000,21.32
1749260826,22.56000000,0.55400000,21.32
1749260826,22.57000000,0.39400000,21.32
1749260826,22.59000000,2.99700000,21.32
1749261152,21.34000000,53.37800000,21.33
1749261152,21.35000000,148.38900000,21.33
1749261152,21.36000000,163.64200000,21.33
1749261152,21.37000000,156.00200000,21.33
1749261152,21.38000000,139.83000000,21.33
1749261152,21.39000000,44.00000000,21.33
1749261152,21.40000000,145.78200000,21.33
1749261152,21.41000000,50.92000000,21.33
1749261152,21.42000000,38.59000000,21.33
1749261152,21.43000000,62.47600000,21.33
1749261152,21.44000000,281.24300000,21.33
1749261152,21.45000000,71.19500000,21.33
1749261152,21.46000000,35.41900000,21.33
1749261152,21.47000000,24.18800000,21.33
1749261152,21.48000000,11.49000000,21.33
1749261152,21.49000000,36.03900000,21.33
1749261152,21.50000000,15.25600000,21.33
1749261152,21.51000000,63.54700000,21.33
1749261152,21.52000000,34.37900000,21.33
1749261152,21.53000000,130.53600000,21.33
1749261152,21.54000000,17.96700000,21.33
1749261152,21.55000000,0.35200000,21.33
1749261152,21.56000000,0.35200000,21.33
1749261152,21.57000000,0.62100000,21.33
1749261152,21.58000000,0.35100000,21.33
1749261152,21.59000000,0.62900000,21.33
1749261152,21.60000000,11.15100000,21.33
1749261152,21.61000000,0.35100000,21.33
1749261152,21.62000000,0.37800000,21.33
1749261152,21.63000000,0.27800000,21.33
1749261152,21.64000000,1.84300000,21.33
1749261152,21.65000000,12.18300000,21.33
1749261152,21.68000000,38.32100000,21.33
1749261152,21.70000000,17.82700000,21.33
1749261152,21.71000000,0.26900000,21.33
1749261152,21.74000000,0.36800000,21.33
1749261152,21.75000000,0.95800000,21.33
1749261152,21.76000000,0.76900000,21.33
1749261152,21.77000000,0.33600000,21.33
1749261152,21.78000000,1.77700000,21.33
1749261152,21.79000000,0.85000000,21.33
1749261152,21.80000000,0.49900000,21.33
1749261152,21.81000000,3.70200000,21.33
1749261152,21.82000000,4.59000000,21.33
1749261152,21.83000000,0.78100000,21.33
1749261152,21.84000000,0.45800000,21.33
1749261152,21.85000000,1.07400000,21.33
1749261152,21.90000000,45.66400000,21.33
1749261152,21.92000000,11.73000000,21.33
1749261152,21.93000000,4.55900000,21.33
1749261152,21.96000000,0.23100000,21.33
1749261152,21.97000000,1.23200000,21.33
1749261152,21.98000000,0.28200000,21.33
1749261152,21.99000000,15.28000000,21.33
1749261152,22.00000000,182.86500000,21.33
1749261152,22.01000000,0.85500000,21.33
1749261152,22.02000000,0.70800000,21.33
1749261152,22.03000000,1.57400000,21.33
1749261152,22.08000000,5.48100000,21.33
1749261152,22.09000000,4.88000000,21.33
1749261152,22.10000000,0.49900000,21.33
1749261152,22.12000000,0.27400000,21.33
1749261152,22.14000000,4.41000000,21.33
1749261152,22.15000000,2.37700000,21.33
1749261152,22.16000000,0.82000000,21.33
1749261152,22.18000000,0.95800000,21.33
1749261152,22.20000000,1.14100000,21.33
1749261152,22.21000000,1.72600000,21.33
1749261152,22.22000000,0.65000000,21.33
1749261152,22.23000000,5.06000000,21.33
1749261152,22.24000000,5.94300000,21.33
1749261152,22.25000000,1.24600000,21.33
1749261152,22.26000000,1.34700000,21.33
1749261152,22.27000000,0.99500000,21.33
1749261152,22.28000000,44.38700000,21.33
1749261152,22.30000000,1.07000000,21.33
1749261152,22.32000000,0.65000000,21.33
1749261152,22.36000000,1.03500000,21.33
1749261152,22.37000000,0.62000000,21.33
1749261152,22.38000000,0.89400000,21.33
1749261152,22.40000000,1.45700000,21.33
1749261152,22.41000000,0.32500000,21.33
1749261152,22.42000000,1.20600000,21.33
1749261152,22.43000000,1.57400000,21.33
1749261152,22.44000000,0.33000000,21.33
1749261152,22.45000000,0.72900000,21.33
1749261152,22.46000000,3.33500000,21.33
1749261152,22.47000000,0.24900000,21.33
1749261152,22.48000000,0.29900000,21.33
1749261152,22.50000000,0.95200000,21.33
1749261152,22.52000000,6.51100000,21.33
1749261152,22.54000000,4.86200000,21.33
1749261152,22.55000000,1.00000000,21.33
1749261152,22.56000000,0.55400000,21.33
1749261152,22.57000000,0.39400000,21.33
1749261152,22.59000000,2.99700000,21.33
1749261152,22.62000000,1.39000000,21.33
1749261152,22.63000000,0.95800000,21.33
1749261152,22.64000000,0.28200000,21.33
1749261152,22.65000000,7.10600000,21.33
1749261458,21.35000000,8.50800000,21.33
1749261458,21.36000000,60.86200000,21.33
1749261458,21.37000000,108.12300000,21.33
1749261458,21.38000000,161.44600000,21.33
1749261458,21.39000000,105.83900000,21.33
1749261458,21.40000000,154.83500000,21.33
1749261458,21.41000000,142.28700000,21.33
1749261458,21.42000000,44.46200000,21.33
1749261458,21.43000000,40.93700000,21.33
1749261458,21.44000000,38.72400000,21.33
1749261458,21.45000000,99.07600000,21.33
1749261458,21.46000000,281.64200000,21.33
1749261458,21.47000000,24.18800000,21.33
1749261458,21.48000000,34.75800000,21.33
1749261458,21.49000000,36.03900000,21.33
1749261458,21.50000000,15.25600000,21.33
1749261458,21.51000000,63.54700000,21.33
1749261458,21.52000000,34.37900000,21.33
1749261458,21.53000000,79.48700000,21.33
1749261458,21.54000000,12.66700000,21.33
1749261458,21.55000000,5.65200000,21.33
1749261458,21.56000000,11.15200000,21.33
1749261458,21.57000000,51.55400000,21.33
1749261458,21.58000000,0.35100000,21.33
1749261458,21.59000000,0.62900000,21.33
1749261458,21.60000000,11.15100000,21.33
1749261458,21.61000000,0.35100000,21.33
1749261458,21.62000000,0.37800000,21.33
1749261458,21.63000000,0.27800000,21.33
1749261458,21.64000000,1.84300000,21.33
1749261458,21.65000000,12.18300000,21.33
1749261458,21.68000000,38.32100000,21.33
1749261458,21.70000000,17.82700000,21.33
1749261458,21.71000000,0.26900000,21.33
1749261458,21.74000000,0.36800000,21.33
1749261458,21.75000000,0.95800000,21.33
1749261458,21.76000000,0.76900000,21.33
1749261458,21.77000000,0.33600000,21.33
1749261458,21.78000000,12.57700000,21.33
1749261458,21.79000000,0.85000000,21.33
1749261458,21.80000000,0.49900000,21.33
1749261458,21.81000000,14.50200000,21.33
1749261458,21.82000000,4.59000000,21.33
1749261458,21.83000000,0.78100000,21.33
1749261458,21.84000000,0.45800000,21.33
1749261458,21.85000000,1.07400000,21.33
1749261458,21.90000000,45.66400000,21.33
1749261458,21.92000000,11.73000000,21.33
1749261458,21.93000000,4.55900000,21.33
1749261458,21.96000000,0.23100000,21.33
1749261458,21.97000000,1.23200000,21.33
1749261458,21.98000000,0.28200000,21.33
1749261458,21.99000000,15.28000000,21.33
1749261458,22.00000000,182.86500000,21.33
1749261458,22.01000000,0.85500000,21.33
1749261458,22.02000000,0.70800000,21.33
1749261458,22.03000000,1.57400000,21.33
1749261458,22.08000000,5.48100000,21.33
1749261458,22.09000000,4.88000000,21.33
1749261458,22.10000000,0.49900000,21.33
1749261458,22.12000000,0.27400000,21.33
1749261458,22.14000000,4.41000000,21.33
1749261458,22.15000000,2.37700000,21.33
1749261458,22.16000000,0.82000000,21.33
1749261458,22.18000000,0.95800000,21.33
1749261458,22.20000000,1.14100000,21.33
1749261458,22.21000000,1.72600000,21.33
1749261458,22.22000000,0.65000000,21.33
1749261458,22.23000000,5.06000000,21.33
1749261458,22.24000000,5.94300000,21.33
1749261458,22.25000000,1.24600000,21.33
1749261458,22.26000000,1.34700000,21.33
1749261458,22.27000000,0.99500000,21.33
1749261458,22.28000000,44.38700000,21.33
1749261458,22.30000000,1.07000000,21.33
1749261458,22.32000000,0.65000000,21.33
1749261458,22.36000000,1.03500000,21.33
1749261458,22.37000000,0.62000000,21.33
1749261458,22.38000000,0.89400000,21.33
1749261458,22.40000000,1.45700000,21.33
1749261458,22.41000000,0.32500000,21.33
1749261458,22.42000000,1.20600000,21.33
1749261458,22.43000000,1.57400000,21.33
1749261458,22.44000000,0.33000000,21.33
1749261458,22.45000000,0.72900000,21.33
1749261458,22.46000000,3.33500000,21.33
1749261458,22.47000000,0.24900000,21.33
1749261458,22.48000000,0.29900000,21.33
1749261458,22.50000000,0.95200000,21.33
1749261458,22.52000000,6.51100000,21.33
1749261458,22.54000000,4.86200000,21.33
1749261458,22.55000000,1.00000000,21.33
1749261458,22.56000000,0.55400000,21.33
1749261458,22.57000000,0.39400000,21.33
1749261458,22.59000000,2.99700000,21.33
1749261458,22.62000000,1.39000000,21.33
1749261458,22.63000000,0.95800000,21.33
1749261458,22.64000000,0.28200000,21.33
1749261458,22.65000000,7.10600000,21.33
1749261458,22.66000000,1.62400000,21.33
1749261774,21.34000000,27.48600000,21.33
1749261774,21.35000000,56.85900000,21.33
1749261774,21.36000000,89.17900000,21.33
1749261774,21.37000000,242.21500000,21.33
1749261774,21.38000000,286.76100000,21.33
1749261774,21.39000000,288.37500000,21.33
1749261774,21.40000000,477.19500000,21.33
1749261774,21.41000000,50.92000000,21.33
1749261774,21.42000000,44.46800000,21.33
1749261774,21.43000000,40.93700000,21.33
1749261774,21.44000000,38.72400000,21.33
1749261774,21.45000000,99.15600000,21.33
1749261774,21.46000000,62.54900000,21.33
1749261774,21.47000000,24.18800000,21.33
1749261774,21.48000000,34.75800000,21.33
1749261774,21.49000000,36.03900000,21.33
1749261774,21.50000000,38.50200000,21.33
1749261774,21.51000000,63.54700000,21.33
1749261774,21.52000000,11.15300000,21.33
1749261774,21.53000000,79.48700000,21.33
1749261774,21.54000000,17.96700000,21.33
1749261774,21.55000000,0.35200000,21.33
1749261774,21.56000000,11.15200000,21.33
1749261774,21.57000000,51.55400000,21.33
1749261774,21.58000000,0.35100000,21.33
1749261774,21.59000000,0.62900000,21.33
1749261774,21.60000000,11.15100000,21.33
1749261774,21.61000000,0.35100000,21.33
1749261774,21.62000000,0.37800000,21.33
1749261774,21.63000000,0.27800000,21.33
1749261774,21.64000000,1.84300000,21.33
1749261774,21.65000000,12.18300000,21.33
1749261774,21.68000000,38.32100000,21.33
1749261774,21.70000000,17.82700000,21.33
1749261774,21.71000000,0.26900000,21.33
1749261774,21.74000000,0.36800000,21.33
1749261774,21.75000000,0.95800000,21.33
1749261774,21.76000000,0.76900000,21.33
1749261774,21.77000000,0.33600000,21.33
1749261774,21.78000000,12.57700000,21.33
1749261774,21.79000000,0.85000000,21.33
1749261774,21.80000000,0.49900000,21.33
1749261774,21.81000000,3.70200000,21.33
1749261774,21.82000000,4.59000000,21.33
1749261774,21.83000000,0.78100000,21.33
1749261774,21.84000000,0.45800000,21.33
1749261774,21.85000000,1.07400000,21.33
1749261774,21.90000000,45.66400000,21.33
1749261774,21.92000000,11.73000000,21.33
1749261774,21.93000000,4.55900000,21.33
1749261774,21.96000000,0.23100000,21.33
1749261774,21.97000000,1.23200000,21.33
1749261774,21.98000000,0.28200000,21.33
1749261774,21.99000000,15.28000000,21.33
1749261774,22.00000000,182.86500000,21.33
1749261774,22.01000000,0.85500000,21.33
1749261774,22.02000000,0.70800000,21.33
1749261774,22.03000000,1.57400000,21.33
1749261774,22.08000000,5.48100000,21.33
1749261774,22.09000000,4.88000000,21.33
1749261774,22.10000000,0.49900000,21.33
1749261774,22.12000000,0.27400000,21.33
1749261774,22.14000000,4.41000000,21.33
1749261774,22.15000000,2.37700000,21.33
1749261774,22.16000000,0.82000000,21.33
1749261774,22.18000000,0.95800000,21.33
1749261774,22.20000000,1.14100000,21.33
1749261774,22.21000000,1.72600000,21.33
1749261774,22.22000000,0.65000000,21.33
1749261774,22.23000000,5.06000000,21.33
1749261774,22.24000000,5.94300000,21.33
1749261774,22.25000000,1.24600000,21.33
1749261774,22.26000000,1.34700000,21.33
1749261774,22.27000000,0.99500000,21.33
1749261774,22.28000000,44.38700000,21.33
1749261774,22.30000000,1.07000000,21.33
1749261774,22.32000000,0.65000000,21.33
1749261774,22.36000000,1.03500000,21.33
1749261774,22.37000000,0.62000000,21.33
1749261774,22.38000000,0.89400000,21.33
1749261774,22.40000000,1.45700000,21.33
1749261774,22.41000000,0.32500000,21.33
1749261774,22.42000000,1.20600000,21.33
1749261774,22.43000000,1.57400000,21.33
1749261774,22.44000000,0.33000000,21.33
1749261774,22.45000000,0.72900000,21.33
1749261774,22.46000000,3.33500000,21.33
1749261774,22.47000000,0.24900000,21.33
1749261774,22.48000000,0.29900000,21.33
1749261774,22.50000000,0.95200000,21.33
1749261774,22.52000000,6.51100000,21.33
1749261774,22.54000000,4.86200000,21.33
1749261774,22.55000000,1.00000000,21.33
1749261774,22.56000000,0.55400000,21.33
1749261774,22.57000000,0.39400000,21.33
1749261774,22.59000000,2.99700000,21.33
1749261774,22.62000000,1.39000000,21.33
1749261774,22.63000000,0.95800000,21.33
1749261774,22.64000000,0.28200000,21.33
1749261774,22.65000000,7.10600000,21.33
1749262077,21.32000000,21.60000000,21.31
1749262077,21.33000000,80.92900000,21.31
1749262077,21.34000000,80.45700000,21.31
1749262077,21.35000000,177.30500000,21.31
1749262077,21.36000000,359.56000000,21.31
1749262077,21.37000000,398.73700000,21.31
1749262077,21.38000000,184.08000000,21.31
1749262077,21.39000000,331.27300000,21.31
1749262077,21.40000000,44.49200000,21.31
1749262077,21.41000000,40.56700000,21.31
1749262077,21.42000000,44.46800000,21.31
1749262077,21.43000000,62.60800000,21.31
1749262077,21.44000000,38.72400000,21.31
1749262077,21.45000000,71.19500000,21.31
1749262077,21.46000000,74.29900000,21.31
1749262077,21.47000000,92.52200000,21.31
1749262077,21.48000000,34.75800000,21.31
1749262077,21.49000000,36.03900000,21.31
1749262077,21.50000000,15.25600000,21.31
1749262077,21.51000000,47.93000000,21.31
1749262077,21.52000000,11.15300000,21.31
1749262077,21.53000000,16.45300000,21.31
1749262077,21.54000000,12.66700000,21.31
1749262077,21.55000000,0.35200000,21.31
1749262077,21.56000000,11.15200000,21.31
1749262077,21.57000000,51.55400000,21.31
1749262077,21.58000000,0.35100000,21.31
1749262077,21.59000000,0.62900000,21.31
1749262077,21.60000000,11.15100000,21.31
1749262077,21.61000000,0.35100000,21.31
1749262077,21.62000000,0.37800000,21.31
1749262077,21.63000000,0.27800000,21.31
1749262077,21.64000000,1.84300000,21.31
1749262077,21.65000000,12.18300000,21.31
1749262077,21.68000000,38.32100000,21.31
1749262077,21.70000000,7.02700000,21.31
1749262077,21.71000000,0.26900000,21.31
1749262077,21.74000000,0.36800000,21.31
1749262077,21.75000000,0.95800000,21.31
1749262077,21.76000000,0.76900000,21.31
1749262077,21.77000000,0.33600000,21.31
1749262077,21.78000000,1.77700000,21.31
1749262077,21.79000000,0.85000000,21.31
1749262077,21.80000000,0.49900000,21.31
1749262077,21.81000000,3.70200000,21.31
1749262077,21.82000000,4.59000000,21.31
1749262077,21.83000000,0.78100000,21.31
1749262077,21.84000000,0.45800000,21.31
1749262077,21.85000000,1.07400000,21.31
1749262077,21.90000000,45.66400000,21.31
1749262077,21.92000000,11.73000000,21.31
1749262077,21.93000000,4.55900000,21.31
1749262077,21.96000000,0.23100000,21.31
1749262077,21.97000000,1.23200000,21.31
1749262077,21.98000000,0.28200000,21.31
1749262077,21.99000000,15.28000000,21.31
1749262077,22.00000000,182.86500000,21.31
1749262077,22.01000000,0.85500000,21.31
1749262077,22.02000000,0.70800000,21.31
1749262077,22.03000000,1.57400000,21.31
1749262077,22.08000000,5.48100000,21.31
1749262077,22.09000000,4.88000000,21.31
1749262077,22.10000000,0.49900000,21.31
1749262077,22.12000000,0.27400000,21.31
1749262077,22.14000000,4.41000000,21.31
1749262077,22.15000000,2.37700000,21.31
1749262077,22.16000000,0.82000000,21.31
1749262077,22.18000000,0.95800000,21.31
1749262077,22.20000000,1.14100000,21.31
1749262077,22.21000000,1.72600000,21.31
1749262077,22.22000000,0.65000000,21.31
1749262077,22.23000000,5.06000000,21.31
1749262077,22.24000000,5.94300000,21.31
1749262077,22.25000000,1.24600000,21.31
1749262077,22.26000000,1.34700000,21.31
1749262077,22.27000000,0.99500000,21.31
1749262077,22.28000000,44.38700000,21.31
1749262077,22.30000000,1.07000000,21.31
1749262077,22.32000000,0.65000000,21.31
1749262077,22.36000000,1.03500000,21.31
1749262077,22.37000000,0.62000000,21.31
1749262077,22.38000000,0.89400000,21.31
1749262077,22.40000000,1.45700000,21.31
1749262077,22.41000000,0.32500000,21.31
1749262077,22.42000000,1.20600000,21.31
1749262077,22.43000000,1.57400000,21.31
1749262077,22.44000000,0.33000000,21.31
1749262077,22.45000000,0.72900000,21.31
1749262077,22.46000000,3.33500000,21.31
1749262077,22.47000000,0.24900000,21.31
1749262077,22.48000000,0.29900000,21.31
1749262077,22.50000000,0.95200000,21.31
1749262077,22.52000000,6.51100000,21.31
1749262077,22.54000000,4.86200000,21.31
1749262077,22.55000000,1.00000000,21.31
1749262077,22.56000000,0.55400000,21.31
1749262077,22.57000000,0.39400000,21.31
1749262077,22.59000000,2.99700000,21.31
1749262077,22.62000000,1.39000000,21.31
1749262077,22.63000000,0.95800000,21.31
1749262383,21.35000000,14.71000000,21.35
1749262383,21.36000000,145.67700000,21.35
1749262383,21.37000000,180.59600000,21.35
1749262383,21.38000000,200.04500000,21.35
1749262383,21.39000000,70.28200000,21.35
1749262383,21.40000000,50.50600000,21.35
1749262383,21.41000000,142.28700000,21.35
1749262383,21.42000000,44.46800000,21.35
1749262383,21.43000000,277.72100000,21.35
1749262383,21.44000000,38.72400000,21.35
1749262383,21.45000000,98.75600000,21.35
1749262383,21.46000000,78.20300000,21.35
1749262383,21.47000000,92.52200000,21.35
1749262383,21.48000000,34.75800000,21.35
1749262383,21.49000000,36.03900000,21.35
1749262383,21.50000000,15.25600000,21.35
1749262383,21.51000000,47.93000000,21.35
1749262383,21.52000000,11.15300000,21.35
1749262383,21.53000000,11.15300000,21.35
1749262383,21.54000000,12.66700000,21.35
1749262383,21.55000000,5.65200000,21.35
1749262383,21.56000000,11.15200000,21.35
1749262383,21.57000000,51.55400000,21.35
1749262383,21.58000000,0.35100000,21.35
1749262383,21.59000000,0.62900000,21.35
1749262383,21.60000000,11.15100000,21.35
1749262383,21.61000000,0.35100000,21.35
1749262383,21.62000000,0.37800000,21.35
1749262383,21.63000000,0.27800000,21.35
1749262383,21.64000000,1.84300000,21.35
1749262383,21.65000000,12.18300000,21.35
1749262383,21.68000000,38.32100000,21.35
1749262383,21.70000000,17.82700000,21.35
1749262383,21.71000000,0.26900000,21.35
1749262383,21.74000000,0.36800000,21.35
1749262383,21.75000000,0.95800000,21.35
1749262383,21.76000000,0.76900000,21.35
1749262383,21.77000000,0.33600000,21.35
1749262383,21.78000000,12.57700000,21.35
1749262383,21.79000000,0.85000000,21.35
1749262383,21.80000000,0.49900000,21.35
1749262383,21.81000000,14.50200000,21.35
1749262383,21.82000000,4.59000000,21.35
1749262383,21.83000000,0.78100000,21.35
1749262383,21.84000000,0.45800000,21.35
1749262383,21.85000000,1.07400000,21.35
1749262383,21.90000000,45.66400000,21.35
1749262383,21.92000000,11.73000000,21.35
1749262383,21.93000000,4.55900000,21.35
1749262383,21.96000000,0.23100000,21.35
1749262383,21.97000000,1.23200000,21.35
1749262383,21.98000000,0.28200000,21.35
1749262383,21.99000000,15.28000000,21.35
1749262383,22.00000000,182.86500000,21.35
1749262383,22.01000000,0.85500000,21.35
1749262383,22.02000000,0.70800000,21.35
1749262383,22.03000000,1.57400000,21.35
1749262383,22.08000000,5.48100000,21.35
1749262383,22.09000000,4.88000000,21.35
1749262383,22.10000000,0.49900000,21.35
1749262383,22.12000000,0.27400000,21.35
1749262383,22.14000000,4.41000000,21.35
1749262383,22.15000000,2.37700000,21.35
1749262383,22.16000000,0.82000000,21.35
1749262383,22.18000000,0.95800000,21.35
1749262383,22.20000000,1.14100000,21.35
1749262383,22.21000000,1.72600000,21.35
1749262383,22.22000000,0.65000000,21.35
1749262383,22.23000000,5.06000000,21.35
1749262383,22.24000000,5.94300000,21.35
1749262383,22.25000000,1.24600000,21.35
1749262383,22.26000000,1.34700000,21.35
1749262383,22.27000000,0.99500000,21.35
1749262383,22.28000000,44.38700000,21.35
1749262383,22.30000000,1.07000000,21.35
1749262383,22.32000000,0.65000000,21.35
1749262383,22.36000000,1.03500000,21.35
1749262383,22.37000000,0.62000000,21.35
1749262383,22.38000000,0.89400000,21.35
1749262383,22.40000000,1.45700000,21.35
1749262383,22.41000000,0.32500000,21.35
1749262383,22.42000000,1.20600000,21.35
1749262383,22.43000000,1.57400000,21.35
1749262383,22.44000000,0.33000000,21.35
1749262383,22.45000000,0.72900000,21.35
1749262383,22.46000000,3.33500000,21.35
1749262383,22.47000000,0.24900000,21.35
1749262383,22.48000000,0.29900000,21.35
1749262383,22.50000000,0.95200000,21.35
1749262383,22.52000000,6.51100000,21.35
1749262383,22.54000000,4.86200000,21.35
1749262383,22.55000000,1.00000000,21.35
1749262383,22.56000000,0.55400000,21.35
1749262383,22.57000000,0.39400000,21.35
1749262383,22.59000000,2.99700000,21.35
1749262383,22.62000000,1.39000000,21.35
1749262383,22.63000000,0.95800000,21.35
1749262383,22.64000000,0.28200000,21.35
1749262383,22.65000000,7.10600000,21.35
1749262383,22.66000000,1.62400000,21.35
1749262685,21.38000000,32.30400000,21.37
1749262685,21.39000000,114.13200000,21.37
1749262685,21.40000000,79.22500000,21.37
1749262685,21.41000000,159.99800000,21.37
1749262685,21.42000000,230.32800000,21.37
1749262685,21.43000000,50.88500000,21.37
1749262685,21.44000000,132.08000000,21.37
1749262685,21.45000000,51.59000000,21.37
1749262685,21.46000000,62.54900000,21.37
1749262685,21.47000000,39.55000000,21.37
1749262685,21.48000000,38.97400000,21.37
1749262685,21.49000000,303.55600000,21.37
1749262685,21.50000000,42.40000000,21.37
1749262685,21.51000000,27.25700000,21.37
1749262685,21.52000000,11.15300000,21.37
1749262685,21.53000000,91.59000000,21.37
1749262685,21.54000000,12.66700000,21.37
1749262685,21.55000000,0.35200000,21.37
1749262685,21.56000000,11.15200000,21.37
1749262685,21.57000000,62.35400000,21.37
1749262685,21.58000000,41.94100000,21.37
1749262685,21.59000000,0.62900000,21.37
1749262685,21.60000000,11.15100000,21.37
1749262685,21.61000000,0.35100000,21.37
1749262685,21.62000000,0.37800000,21.37
1749262685,21.63000000,0.27800000,21.37
1749262685,21.64000000,1.84300000,21.37
1749262685,21.65000000,12.18300000,21.37
1749262685,21.68000000,38.32100000,21.37
1749262685,21.70000000,17.82700000,21.37
1749262685,21.71000000,0.26900000,21.37
1749262685,21.74000000,0.36800000,21.37
1749262685,21.75000000,0.95800000,21.37
1749262685,21.76000000,0.76900000,21.37
1749262685,21.77000000,0.33600000,21.37
1749262685,21.78000000,12.57700000,21.37
1749262685,21.79000000,0.85000000,21.37
1749262685,21.80000000,0.49900000,21.37
1749262685,21.81000000,14.50200000,21.37
1749262685,21.82000000,4.59000000,21.37
1749262685,21.83000000,11.58100000,21.37
1749262685,21.84000000,0.45800000,21.37
1749262685,21.85000000,1.07400000,21.37
1749262685,21.92000000,11.73000000,21.37
1749262685,21.93000000,4.55900000,21.37
1749262685,21.96000000,45.89500000,21.37
1749262685,21.97000000,1.23200000,21.37
1749262685,21.98000000,0.28200000,21.37
1749262685,21.99000000,15.28000000,21.37
1749262685,22.00000000,182.86500000,21.37
1749262685,22.01000000,0.85500000,21.37
1749262685,22.02000000,0.70800000,21.37
1749262685,22.03000000,1.57400000,21.37
1749262685,22.08000000,5.48100000,21.37
1749262685,22.09000000,4.88000000,21.37
1749262685,22.10000000,0.49900000,21.37
1749262685,22.12000000,0.27400000,21.37
1749262685,22.14000000,4.41000000,21.37
1749262685,22.15000000,2.37700000,21.37
1749262685,22.16000000,0.82000000,21.37
1749262685,22.18000000,0.95800000,21.37
1749262685,22.20000000,1.14100000,21.37
1749262685,22.21000000,1.72600000,21.37
1749262685,22.22000000,0.65000000,21.37
1749262685,22.23000000,5.06000000,21.37
1749262685,22.24000000,5.94300000,21.37
1749262685,22.25000000,1.24600000,21.37
1749262685,22.26000000,1.34700000,21.37
1749262685,22.27000000,0.99500000,21.37
1749262685,22.28000000,4.53300000,21.37
1749262685,22.30000000,1.07000000,21.37
1749262685,22.32000000,0.65000000,21.37
1749262685,22.34000000,39.85400000,21.37
1749262685,22.36000000,1.03500000,21.37
1749262685,22.37000000,0.62000000,21.37
1749262685,22.38000000,0.89400000,21.37
1749262685,22.40000000,1.45700000,21.37
1749262685,22.41000000,0.32500000,21.37
1749262685,22.42000000,1.20600000,21.37
1749262685,22.43000000,1.57400000,21.37
1749262685,22.44000000,0.33000000,21.37
1749262685,22.45000000,0.72900000,21.37
1749262685,22.46000000,3.33500000,21.37
1749262685,22.47000000,0.24900000,21.37
1749262685,22.48000000,0.29900000,21.37
1749262685,22.50000000,0.95200000,21.37
1749262685,22.52000000,6.51100000,21.37
1749262685,22.54000000,4.86200000,21.37
1749262685,22.55000000,1.00000000,21.37
1749262685,22.56000000,0.55400000,21.37
1749262685,22.57000000,0.39400000,21.37
1749262685,22.59000000,2.99700000,21.37
1749262685,22.62000000,1.39000000,21.37
1749262685,22.63000000,0.95800000,21.37
1749262685,22.64000000,0.28200000,21.37
1749262685,22.65000000,7.10600000,21.37
1749262685,22.66000000,1.62400000,21.37
1749262685,22.68000000,0.22300000,21.37
1749262685,22.69000000,3.99200000,21.37
1749262685,22.70000000,0.85900000,21.37
1749262989,21.36000000,27.19300000,21.35
1749262989,21.37000000,61.11700000,21.35
1749262989,21.38000000,92.83000000,21.35
1749262989,21.39000000,226.85500000,21.35
1749262989,21.40000000,363.28200000,21.35
1749262989,21.41000000,289.28600000,21.35
1749262989,21.42000000,239.14300000,21.35
1749262989,21.43000000,40.96700000,21.35
1749262989,21.44000000,287.16900000,21.35
1749262989,21.45000000,71.19500000,21.35
1749262989,21.46000000,62.54900000,21.35
1749262989,21.47000000,39.53000000,21.35
1749262989,21.48000000,35.10900000,21.35
1749262989,21.49000000,36.03900000,21.35
1749262989,21.50000000,38.50200000,21.35
1749262989,21.51000000,27.25700000,21.35
1749262989,21.52000000,11.15300000,21.35
1749262989,21.53000000,91.59000000,21.35
1749262989,21.54000000,12.66700000,21.35
1749262989,21.55000000,0.35200000,21.35
1749262989,21.56000000,16.45200000,21.35
1749262989,21.57000000,62.35400000,21.35
1749262989,21.58000000,36.64100000,21.35
1749262989,21.59000000,0.62900000,21.35
1749262989,21.60000000,11.15100000,21.35
1749262989,21.61000000,0.35100000,21.35
1749262989,21.62000000,0.37800000,21.35
1749262989,21.63000000,0.27800000,21.35
1749262989,21.64000000,1.84300000,21.35
1749262989,21.65000000,12.18300000,21.35
1749262989,21.68000000,38.32100000,21.35
1749262989,21.70000000,17.82700000,21.35
1749262989,21.71000000,0.26900000,21.35
1749262989,21.74000000,0.36800000,21.35
1749262989,21.75000000,0.95800000,21.35
1749262989,21.76000000,0.76900000,21.35
1749262989,21.77000000,0.33600000,21.35
1749262989,21.78000000,12.57700000,21.35
1749262989,21.79000000,0.85000000,21.35
1749262989,21.80000000,0.49900000,21.35
1749262989,21.81000000,14.50200000,21.35
1749262989,21.82000000,4.59000000,21.35
1749262989,21.83000000,0.78100000,21.35
1749262989,21.84000000,0.45800000,21.35
1749262989,21.85000000,1.07400000,21.35
1749262989,21.92000000,11.73000000,21.35
1749262989,21.93000000,4.55900000,21.35
1749262989,21.96000000,45.89500000,21.35
1749262989,21.97000000,1.23200000,21.35
1749262989,21.98000000,0.28200000,21.35
1749262989,21.99000000,15.28000000,21.35
1749262989,22.00000000,182.86500000,21.35
1749262989,22.01000000,0.85500000,21.35
1749262989,22.02000000,0.70800000,21.35
1749262989,22.03000000,1.57400000,21.35
1749262989,22.08000000,5.48100000,21.35
1749262989,22.09000000,4.88000000,21.35
1749262989,22.10000000,0.49900000,21.35
1749262989,22.12000000,0.27400000,21.35
1749262989,22.14000000,4.41000000,21.35
1749262989,22.15000000,2.37700000,21.35
1749262989,22.16000000,0.82000000,21.35
1749262989,22.18000000,0.95800000,21.35
1749262989,22.20000000,1.14100000,21.35
1749262989,22.21000000,1.72600000,21.35
1749262989,22.22000000,0.65000000,21.35
1749262989,22.23000000,5.06000000,21.35
1749262989,22.24000000,5.94300000,21.35
1749262989,22.25000000,1.24600000,21.35
1749262989,22.26000000,0.89800000,21.35
1749262989,22.27000000,0.99500000,21.35
1749262989,22.28000000,4.53300000,21.35
1749262989,22.30000000,1.07000000,21.35
1749262989,22.32000000,0.65000000,21.35
1749262989,22.34000000,39.85400000,21.35
1749262989,22.36000000,1.03500000,21.35
1749262989,22.37000000,0.62000000,21.35
1749262989,22.38000000,0.89400000,21.35
1749262989,22.40000000,1.45700000,21.35
1749262989,22.41000000,0.77100000,21.35
1749262989,22.42000000,1.20600000,21.35
1749262989,22.43000000,1.57400000,21.35
1749262989,22.44000000,0.33000000,21.35
1749262989,22.45000000,0.72900000,21.35
1749262989,22.46000000,3.33500000,21.35
1749262989,22.47000000,0.24900000,21.35
1749262989,22.48000000,0.29900000,21.35
1749262989,22.50000000,0.95200000,21.35
1749262989,22.52000000,6.51100000,21.35
1749262989,22.54000000,4.86200000,21.35
1749262989,22.55000000,1.00000000,21.35
1749262989,22.56000000,0.55400000,21.35
1749262989,22.57000000,0.39400000,21.35
1749262989,22.59000000,2.99700000,21.35
1749262989,22.62000000,1.39000000,21.35
1749262989,22.63000000,0.95800000,21.35
1749262989,22.64000000,0.28200000,21.35
1749262989,22.65000000,7.10600000,21.35
1749262989,22.66000000,1.62400000,21.35
1749262989,22.68000000,0.22300000,21.35
1749263302,21.38000000,61.51100000,21.37
1749263302,21.39000000,190.76600000,21.37
1749263302,21.40000000,180.59300000,21.37
1749263302,21.41000000,118.77900000,21.37
1749263302,21.42000000,105.41100000,21.37
1749263302,21.43000000,95.08400000,21.37
1749263302,21.44000000,87.88100000,21.37
1749263302,21.45000000,51.67600000,21.37
1749263302,21.46000000,301.00100000,21.37
1749263302,21.47000000,62.76500000,21.37
1749263302,21.48000000,35.10900000,21.37
1749263302,21.49000000,61.53800000,21.37
1749263302,21.50000000,38.50200000,21.37
1749263302,21.51000000,27.25700000,21.37
1749263302,21.52000000,11.15300000,21.37
1749263302,21.53000000,91.59000000,21.37
1749263302,21.54000000,12.66700000,21.37
1749263302,21.55000000,0.35200000,21.37
1749263302,21.56000000,11.15200000,21.37
1749263302,21.57000000,62.35400000,21.37
1749263302,21.58000000,41.94100000,21.37
1749263302,21.59000000,0.62900000,21.37
1749263302,21.60000000,11.15100000,21.37
1749263302,21.61000000,0.35100000,21.37
1749263302,21.62000000,0.37800000,21.37
1749263302,21.63000000,0.72300000,21.37
1749263302,21.64000000,1.84300000,21.37
1749263302,21.65000000,12.18300000,21.37
1749263302,21.68000000,11.07400000,21.37
1749263302,21.70000000,17.82700000,21.37
1749263302,21.71000000,0.26900000,21.37
1749263302,21.74000000,27.61500000,21.37
1749263302,21.75000000,0.95800000,21.37
1749263302,21.76000000,0.76900000,21.37
1749263302,21.77000000,0.33600000,21.37
1749263302,21.78000000,12.57700000,21.37
1749263302,21.79000000,0.85000000,21.37
1749263302,21.80000000,0.49900000,21.37
1749263302,21.81000000,14.50200000,21.37
1749263302,21.82000000,4.59000000,21.37
1749263302,21.83000000,11.58100000,21.37
1749263302,21.84000000,0.45800000,21.37
1749263302,21.85000000,1.07400000,21.37
1749263302,21.92000000,11.73000000,21.37
1749263302,21.93000000,4.55900000,21.37
1749263302,21.96000000,45.89500000,21.37
1749263302,21.97000000,1.23200000,21.37
1749263302,21.98000000,0.28200000,21.37
1749263302,21.99000000,15.28000000,21.37
1749263302,22.00000000,182.86500000,21.37
1749263302,22.01000000,0.85500000,21.37
1749263302,22.02000000,0.70800000,21.37
1749263302,22.03000000,1.57400000,21.37
1749263302,22.08000000,5.48100000,21.37
1749263302,22.09000000,4.88000000,21.37
1749263302,22.10000000,0.49900000,21.37
1749263302,22.12000000,0.27400000,21.37
1749263302,22.14000000,4.41000000,21.37
1749263302,22.15000000,2.37700000,21.37
1749263302,22.16000000,0.82000000,21.37
1749263302,22.18000000,0.95800000,21.37
1749263302,22.20000000,1.14100000,21.37
1749263302,22.21000000,1.72600000,21.37
1749263302,22.22000000,0.65000000,21.37
1749263302,22.23000000,5.06000000,21.37
1749263302,22.24000000,5.94300000,21.37
1749263302,22.25000000,1.24600000,21.37
1749263302,22.26000000,0.89800000,21.37
1749263302,22.27000000,0.99500000,21.37
1749263302,22.28000000,4.53300000,21.37
1749263302,22.30000000,1.07000000,21.37
1749263302,22.32000000,0.65000000,21.37
1749263302,22.34000000,39.85400000,21.37
1749263302,22.36000000,1.03500000,21.37
1749263302,22.37000000,0.62000000,21.37
1749263302,22.38000000,0.89400000,21.37
1749263302,22.40000000,1.45700000,21.37
1749263302,22.41000000,0.77100000,21.37
1749263302,22.42000000,1.20600000,21.37
1749263302,22.43000000,1.57400000,21.37
1749263302,22.44000000,0.33000000,21.37
1749263302,22.45000000,0.72900000,21.37
1749263302,22.46000000,3.33500000,21.37
1749263302,22.47000000,0.24900000,21.37
1749263302,22.48000000,0.29900000,21.37
1749263302,22.50000000,0.95200000,21.37
1749263302,22.52000000,6.51100000,21.37
1749263302,22.54000000,4.86200000,21.37
1749263302,22.55000000,1.00000000,21.37
1749263302,22.56000000,0.55400000,21.37
1749263302,22.57000000,0.39400000,21.37
1749263302,22.59000000,2.99700000,21.37
1749263302,22.62000000,1.39000000,21.37
1749263302,22.63000000,0.95800000,21.37
1749263302,22.64000000,0.28200000,21.37
1749263302,22.65000000,7.10600000,21.37
1749263302,22.66000000,1.62400000,21.37
1749263302,22.68000000,0.22300000,21.37
1749263302,22.69000000,3.99200000,21.37
1749263302,22.70000000,0.85900000,21.37
1749263604,21.38000000,38.28200000,21.37
1749263604,21.39000000,65.70000000,21.37
1749263604,21.40000000,182.03800000,21.37
1749263604,21.41000000,360.16100000,21.37
1749263604,21.42000000,407.57200000,21.37
1749263604,21.43000000,144.78000000,21.37
1749263604,21.44000000,133.72400000,21.37
1749263604,21.45000000,298.04300000,21.37
1749263604,21.46000000,64.62100000,21.37
1749263604,21.47000000,62.76500000,21.37
1749263604,21.48000000,39.00700000,21.37
1749263604,21.49000000,61.53800000,21.37
1749263604,21.50000000,38.50200000,21.37
1749263604,21.51000000,31.13700000,21.37
1749263604,21.52000000,11.15300000,21.37
1749263604,21.53000000,91.59000000,21.37
1749263604,21.54000000,12.66700000,21.37
1749263604,21.55000000,0.35200000,21.37
1749263604,21.56000000,11.15200000,21.37
1749263604,21.57000000,62.35400000,21.37
1749263604,21.58000000,52.74100000,21.37
1749263604,21.59000000,0.62900000,21.37
1749263604,21.60000000,11.15100000,21.37
1749263604,21.61000000,0.35100000,21.37
1749263604,21.62000000,0.37800000,21.37
1749263604,21.63000000,0.72300000,21.37
1749263604,21.64000000,1.84300000,21.37
1749263604,21.65000000,12.18300000,21.37
1749263604,21.68000000,11.07400000,21.37
1749263604,21.70000000,17.82700000,21.37
1749263604,21.71000000,0.26900000,21.37
1749263604,21.74000000,27.61500000,21.37
1749263604,21.75000000,0.95800000,21.37
1749263604,21.76000000,0.76900000,21.37
1749263604,21.77000000,0.33600000,21.37
1749263604,21.78000000,12.57700000,21.37
1749263604,21.79000000,0.85000000,21.37
1749263604,21.80000000,0.49900000,21.37
1749263604,21.81000000,14.50200000,21.37
1749263604,21.82000000,4.59000000,21.37
1749263604,21.83000000,11.58100000,21.37
1749263604,21.84000000,0.45800000,21.37
1749263604,21.85000000,1.07400000,21.37
1749263604,21.92000000,11.73000000,21.37
1749263604,21.93000000,4.55900000,21.37
1749263604,21.96000000,45.89500000,21.37
1749263604,21.97000000,1.23200000,21.37
1749263604,21.98000000,0.28200000,21.37
1749263604,21.99000000,15.28000000,21.37
1749263604,22.00000000,182.86500000,21.37
1749263604,22.01000000,0.85500000,21.37
1749263604,22.02000000,0.70800000,21.37
1749263604,22.03000000,1.57400000,21.37
1749263604,22.08000000,5.48100000,21.37
1749263604,22.09000000,4.88000000,21.37
1749263604,22.10000000,0.49900000,21.37
1749263604,22.12000000,0.27400000,21.37
1749263604,22.14000000,4.41000000,21.37
1749263604,22.15000000,2.37700000,21.37
1749263604,22.16000000,0.82000000,21.37
1749263604,22.18000000,0.95800000,21.37
1749263604,22.20000000,1.14100000,21.37
1749263604,22.21000000,1.72600000,21.37
1749263604,22.22000000,0.65000000,21.37
1749263604,22.23000000,5.06000000,21.37
1749263604,22.24000000,5.94300000,21.37
1749263604,22.25000000,1.24600000,21.37
1749263604,22.26000000,0.89800000,21.37
1749263604,22.27000000,0.99500000,21.37
1749263604,22.28000000,4.53300000,21.37
1749263604,22.30000000,1.07000000,21.37
1749263604,22.32000000,0.65000000,21.37
1749263604,22.34000000,39.85400000,21.37
1749263604,22.36000000,1.03500000,21.37
1749263604,22.37000000,0.62000000,21.37
1749263604,22.38000000,0.89400000,21.37
1749263604,22.40000000,1.45700000,21.37
1749263604,22.41000000,0.77100000,21.37
1749263604,22.42000000,1.20600000,21.37
1749263604,22.43000000,1.57400000,21.37
1749263604,22.44000000,0.33000000,21.37
1749263604,22.45000000,0.72900000,21.37
1749263604,22.46000000,3.33500000,21.37
1749263604,22.47000000,0.24900000,21.37
1749263604,22.48000000,0.29900000,21.37
1749263604,22.50000000,0.95200000,21.37
1749263604,22.52000000,6.51100000,21.37
1749263604,22.54000000,4.86200000,21.37
1749263604,22.55000000,1.00000000,21.37
1749263604,22.56000000,0.55400000,21.37
1749263604,22.57000000,0.39400000,21.37
1749263604,22.59000000,2.99700000,21.37
1749263604,22.62000000,1.39000000,21.37
1749263604,22.63000000,0.95800000,21.37
1749263604,22.64000000,0.28200000,21.37
1749263604,22.65000000,7.10600000,21.37
1749263604,22.66000000,1.62400000,21.37
1749263604,22.68000000,0.22300000,21.37
1749263604,22.69000000,3.99200000,21.37
1749263604,22.70000000,0.85900000,21.37
1749263905,21.42000000,53.06000000,21.41
1749263905,21.43000000,118.72400000,21.41
1749263905,21.44000000,228.13300000,21.41
1749263905,21.45000000,134.81300000,21.41
1749263905,21.46000000,146.34500000,21.41
1749263905,21.47000000,41.30600000,21.41
1749263905,21.48000000,85.29400000,21.41
1749263905,21.49000000,347.58200000,21.41
1749263905,21.50000000,64.35200000,21.41
1749263905,21.51000000,49.97300000,21.41
1749263905,21.52000000,86.09000000,21.41
1749263905,21.53000000,91.59000000,21.41
1749263905,21.54000000,16.56500000,21.41
1749263905,21.55000000,0.35200000,21.41
1749263905,21.56000000,11.15200000,21.41
1749263905,21.57000000,30.88800000,21.41
1749263905,21.58000000,47.44100000,21.41
1749263905,21.59000000,0.35100000,21.41
1749263905,21.60000000,11.15100000,21.41
1749263905,21.61000000,11.15100000,21.41
1749263905,21.62000000,57.74700000,21.41
1749263905,21.63000000,1.89400000,21.41
1749263905,21.64000000,1.84300000,21.41
1749263905,21.65000000,12.18300000,21.41
1749263905,21.68000000,11.07400000,21.41
1749263905,21.70000000,17.82700000,21.41
1749263905,21.71000000,0.26900000,21.41
1749263905,21.74000000,27.61500000,21.41
1749263905,21.75000000,0.95800000,21.41
1749263905,21.76000000,0.76900000,21.41
1749263905,21.77000000,0.33600000,21.41
1749263905,21.78000000,12.21000000,21.41
1749263905,21.79000000,0.52900000,21.41
1749263905,21.80000000,0.49900000,21.41
1749263905,21.81000000,14.13500000,21.41
1749263905,21.82000000,4.59000000,21.41
1749263905,21.83000000,11.58100000,21.41
1749263905,21.84000000,0.45800000,21.41
1749263905,21.85000000,1.07400000,21.41
1749263905,21.92000000,0.52400000,21.41
1749263905,21.93000000,4.55900000,21.41
1749263905,21.96000000,45.89500000,21.41
1749263905,21.97000000,1.23200000,21.41
1749263905,21.98000000,11.48800000,21.41
1749263905,21.99000000,15.28000000,21.41
1749263905,22.00000000,182.86500000,21.41
1749263905,22.01000000,0.85500000,21.41
1749263905,22.02000000,0.25400000,21.41
1749263905,22.03000000,1.57400000,21.41
1749263905,22.08000000,5.48100000,21.41
1749263905,22.09000000,4.88000000,21.41
1749263905,22.10000000,0.49900000,21.41
1749263905,22.12000000,0.27400000,21.41
1749263905,22.14000000,4.41000000,21.41
1749263905,22.15000000,2.37700000,21.41
1749263905,22.16000000,0.82000000,21.41
1749263905,22.18000000,0.95800000,21.41
1749263905,22.20000000,1.14100000,21.41
1749263905,22.21000000,0.91600000,21.41
1749263905,22.22000000,0.65000000,21.41
1749263905,22.23000000,5.06000000,21.41
1749263905,22.24000000,5.94300000,21.41
1749263905,22.25000000,1.24600000,21.41
1749263905,22.26000000,0.89800000,21.41
1749263905,22.27000000,0.99500000,21.41
1749263905,22.28000000,4.53300000,21.41
1749263905,22.30000000,1.07000000,21.41
1749263905,22.32000000,0.65000000,21.41
1749263905,22.34000000,39.85400000,21.41
1749263905,22.36000000,1.03500000,21.41
1749263905,22.37000000,0.62000000,21.41
1749263905,22.38000000,0.89400000,21.41
1749263905,22.40000000,1.45700000,21.41
1749263905,22.41000000,0.77100000,21.41
1749263905,22.42000000,1.20600000,21.41
1749263905,22.43000000,1.57400000,21.41
1749263905,22.44000000,0.33000000,21.41
1749263905,22.45000000,0.72900000,21.41
1749263905,22.46000000,3.33500000,21.41
1749263905,22.47000000,0.24900000,21.41
1749263905,22.48000000,0.29900000,21.41
1749263905,22.50000000,0.95200000,21.41
1749263905,22.52000000,6.51100000,21.41
1749263905,22.54000000,4.86200000,21.41
1749263905,22.55000000,1.00000000,21.41
1749263905,22.56000000,0.55400000,21.41
1749263905,22.57000000,0.39400000,21.41
1749263905,22.59000000,2.99700000,21.41
1749263905,22.62000000,1.39000000,21.41
1749263905,22.63000000,0.95800000,21.41
1749263905,22.64000000,0.28200000,21.41
1749263905,22.65000000,7.10600000,21.41
1749263905,22.66000000,1.62400000,21.41
1749263905,22.68000000,0.22300000,21.41
1749263905,22.69000000,3.99200000,21.41
1749263905,22.70000000,0.85900000,21.41
1749263905,22.72000000,0.92400000,21.41
1749263905,22.73000000,0.32500000,21.41
1749263905,22.76000000,0.26400000,21.41
1749263905,22.77000000,0.48700000,21.41
1749264207,21.41000000,10.80000000,21.41
1749264207,21.42000000,49.98600000,21.41
1749264207,21.43000000,123.29300000,21.41
1749264207,21.44000000,145.90500000,21.41
1749264207,21.45000000,251.82400000,21.41
1749264207,21.46000000,385.07500000,21.41
1749264207,21.47000000,323.73200000,21.41
1749264207,21.48000000,421.28300000,21.41
1749264207,21.49000000,64.33700000,21.41
1749264207,21.50000000,44.83300000,21.41
1749264207,21.51000000,46.09300000,21.41
1749264207,21.52000000,86.09000000,21.41
1749264207,21.53000000,91.94100000,21.41
1749264207,21.54000000,38.16600000,21.41
1749264207,21.55000000,0.35200000,21.41
1749264207,21.56000000,34.34400000,21.41
1749264207,21.57000000,50.18700000,21.41
1749264207,21.58000000,47.44100000,21.41
1749264207,21.59000000,0.35100000,21.41
1749264207,21.60000000,11.15100000,21.41
1749264207,21.61000000,11.15100000,21.41
1749264207,21.62000000,68.54700000,21.41
1749264207,21.63000000,2.24500000,21.41
1749264207,21.64000000,1.84300000,21.41
1749264207,21.65000000,12.18300000,21.41
1749264207,21.68000000,11.07400000,21.41
1749264207,21.70000000,17.82700000,21.41
1749264207,21.71000000,0.26900000,21.41
1749264207,21.74000000,27.61500000,21.41
1749264207,21.75000000,0.95800000,21.41
1749264207,21.76000000,0.76900000,21.41
1749264207,21.77000000,0.33600000,21.41
1749264207,21.78000000,12.21000000,21.41
1749264207,21.79000000,0.52900000,21.41
1749264207,21.80000000,0.49900000,21.41
1749264207,21.81000000,14.13500000,21.41
1749264207,21.82000000,4.59000000,21.41
1749264207,21.83000000,11.58100000,21.41
1749264207,21.84000000,0.45800000,21.41
1749264207,21.85000000,1.07400000,21.41
1749264207,21.92000000,0.52400000,21.41
1749264207,21.93000000,4.55900000,21.41
1749264207,21.96000000,45.89500000,21.41
1749264207,21.97000000,1.23200000,21.41
1749264207,21.98000000,11.48800000,21.41
1749264207,21.99000000,15.28000000,21.41
1749264207,22.00000000,182.86500000,21.41
1749264207,22.01000000,0.85500000,21.41
1749264207,22.02000000,0.25400000,21.41
1749264207,22.03000000,1.57400000,21.41
1749264207,22.08000000,5.48100000,21.41
1749264207,22.09000000,4.88000000,21.41
1749264207,22.10000000,0.49900000,21.41
1749264207,22.12000000,0.27400000,21.41
1749264207,22.14000000,4.41000000,21.41
1749264207,22.15000000,2.37700000,21.41
1749264207,22.16000000,0.82000000,21.41
1749264207,22.18000000,0.95800000,21.41
1749264207,22.20000000,1.14100000,21.41
1749264207,22.21000000,0.91600000,21.41
1749264207,22.22000000,0.65000000,21.41
1749264207,22.23000000,5.06000000,21.41
1749264207,22.24000000,5.94300000,21.41
1749264207,22.25000000,1.24600000,21.41
1749264207,22.26000000,0.89800000,21.41
1749264207,22.27000000,0.99500000,21.41
1749264207,22.28000000,4.53300000,21.41
1749264207,22.30000000,1.07000000,21.41
1749264207,22.32000000,0.65000000,21.41
1749264207,22.34000000,39.85400000,21.41
1749264207,22.36000000,1.03500000,21.41
1749264207,22.37000000,0.62000000,21.41
1749264207,22.38000000,0.89400000,21.41
1749264207,22.40000000,1.45700000,21.41
1749264207,22.41000000,0.77100000,21.41
1749264207,22.42000000,1.20600000,21.41
1749264207,22.43000000,1.57400000,21.41
1749264207,22.44000000,0.33000000,21.41
1749264207,22.45000000,0.72900000,21.41
1749264207,22.46000000,3.33500000,21.41
1749264207,22.47000000,0.24900000,21.41
1749264207,22.48000000,0.29900000,21.41
1749264207,22.50000000,0.95200000,21.41
1749264207,22.52000000,6.51100000,21.41
1749264207,22.54000000,4.86200000,21.41
1749264207,22.55000000,1.00000000,21.41
1749264207,22.56000000,0.55400000,21.41
1749264207,22.57000000,0.39400000,21.41
1749264207,22.59000000,2.99700000,21.41
1749264207,22.62000000,1.39000000,21.41
1749264207,22.63000000,0.95800000,21.41
1749264207,22.64000000,0.28200000,21.41
1749264207,22.65000000,7.10600000,21.41
1749264207,22.66000000,1.62400000,21.41
1749264207,22.68000000,0.22300000,21.41
1749264207,22.69000000,3.99200000,21.41
1749264207,22.70000000,0.85900000,21.41
1749264207,22.72000000,0.92400000,21.41
1749264207,22.73000000,0.32500000,21.41
1749264207,22.76000000,0.26400000,21.41
1749264509,21.39000000,53.96900000,21.38
1749264509,21.40000000,80.87000000,21.38
1749264509,21.41000000,188.45700000,21.38
1749264509,21.42000000,333.82900000,21.38
1749264509,21.43000000,388.29300000,21.38
1749264509,21.44000000,86.66900000,21.38
1749264509,21.45000000,145.39400000,21.38
1749264509,21.46000000,330.82300000,21.38
1749264509,21.47000000,41.30600000,21.38
1749264509,21.48000000,44.98900000,21.38
1749264509,21.49000000,64.33700000,21.38
1749264509,21.50000000,92.29200000,21.38
1749264509,21.51000000,49.98700000,21.38
1749264509,21.52000000,57.95400000,21.38
1749264509,21.53000000,91.94100000,21.38
1749264509,21.54000000,16.55500000,21.38
1749264509,21.55000000,0.35200000,21.38
1749264509,21.56000000,34.34400000,21.38
1749264509,21.57000000,50.18700000,21.38
1749264509,21.58000000,47.44100000,21.38
1749264509,21.59000000,5.65100000,21.38
1749264509,21.60000000,11.15100000,21.38
1749264509,21.61000000,11.15100000,21.38
1749264509,21.62000000,63.24700000,21.38
1749264509,21.63000000,2.24500000,21.38
1749264509,21.64000000,1.84300000,21.38
1749264509,21.65000000,12.18300000,21.38
1749264509,21.68000000,11.07400000,21.38
1749264509,21.70000000,17.82700000,21.38
1749264509,21.71000000,0.26900000,21.38
1749264509,21.74000000,27.61500000,21.38
1749264509,21.75000000,0.95800000,21.38
1749264509,21.76000000,0.76900000,21.38
1749264509,21.77000000,0.33600000,21.38
1749264509,21.78000000,12.21000000,21.38
1749264509,21.79000000,0.52900000,21.38
1749264509,21.80000000,0.49900000,21.38
1749264509,21.81000000,14.13500000,21.38
1749264509,21.82000000,4.59000000,21.38
1749264509,21.83000000,11.58100000,21.38
1749264509,21.84000000,0.45800000,21.38
1749264509,21.85000000,1.07400000,21.38
1749264509,21.92000000,0.52400000,21.38
1749264509,21.93000000,4.55900000,21.38
1749264509,21.96000000,45.89500000,21.38
1749264509,21.97000000,1.23200000,21.38
1749264509,21.98000000,11.48800000,21.38
1749264509,21.99000000,15.28000000,21.38
1749264509,22.00000000,182.86500000,21.38
1749264509,22.01000000,0.85500000,21.38
1749264509,22.02000000,0.25400000,21.38
1749264509,22.03000000,1.57400000,21.38
1749264509,22.08000000,5.48100000,21.38
1749264509,22.09000000,4.88000000,21.38
1749264509,22.10000000,0.49900000,21.38
1749264509,22.12000000,0.27400000,21.38
1749264509,22.14000000,4.41000000,21.38
1749264509,22.15000000,2.37700000,21.38
1749264509,22.16000000,0.82000000,21.38
1749264509,22.18000000,0.95800000,21.38
1749264509,22.20000000,1.14100000,21.38
1749264509,22.21000000,0.91600000,21.38
1749264509,22.22000000,0.65000000,21.38
1749264509,22.23000000,5.06000000,21.38
1749264509,22.24000000,5.94300000,21.38
1749264509,22.25000000,1.24600000,21.38
1749264509,22.26000000,0.89800000,21.38
1749264509,22.27000000,0.99500000,21.38
1749264509,22.28000000,4.53300000,21.38
1749264509,22.30000000,1.07000000,21.38
1749264509,22.32000000,0.65000000,21.38
1749264509,22.34000000,39.85400000,21.38
1749264509,22.36000000,1.03500000,21.38
1749264509,22.37000000,0.62000000,21.38
1749264509,22.38000000,0.89400000,21.38
1749264509,22.40000000,1.45700000,21.38
1749264509,22.41000000,0.77100000,21.38
1749264509,22.42000000,1.20600000,21.38
1749264509,22.43000000,1.57400000,21.38
1749264509,22.44000000,0.33000000,21.38
1749264509,22.45000000,0.72900000,21.38
1749264509,22.46000000,3.33500000,21.38
1749264509,22.47000000,0.24900000,21.38
1749264509,22.48000000,0.29900000,21.38
1749264509,22.50000000,0.95200000,21.38
1749264509,22.52000000,6.51100000,21.38
1749264509,22.54000000,4.86200000,21.38
1749264509,22.55000000,1.00000000,21.38
1749264509,22.56000000,0.55400000,21.38
1749264509,22.57000000,0.39400000,21.38
1749264509,22.59000000,2.99700000,21.38
1749264509,22.62000000,1.39000000,21.38
1749264509,22.63000000,0.95800000,21.38
1749264509,22.64000000,0.28200000,21.38
1749264509,22.65000000,7.10600000,21.38
1749264509,22.66000000,1.62400000,21.38
1749264509,22.68000000,0.22300000,21.38
1749264509,22.69000000,3.99200000,21.38
1749264509,22.70000000,0.85900000,21.38
1749264509,22.72000000,0.92400000,21.38
1749264810,21.43000000,10.80000000,21.43
1749264810,21.44000000,132.43600000,21.43
1749264810,21.45000000,95.05100000,21.43
1749264810,21.46000000,132.28400000,21.43
1749264810,21.47000000,208.53400000,21.43
1749264810,21.48000000,132.46200000,21.43
1749264810,21.49000000,64.33700000,21.43
1749264810,21.50000000,44.82100000,21.43
1749264810,21.51000000,55.95500000,21.43
1749264810,21.52000000,85.47900000,21.43
1749264810,21.53000000,333.56100000,21.43
1749264810,21.54000000,42.40400000,21.43
1749264810,21.55000000,0.35200000,21.43
1749264810,21.56000000,34.34400000,21.43
1749264810,21.57000000,54.08000000,21.43
1749264810,21.58000000,47.44100000,21.43
1749264810,21.59000000,0.35100000,21.43
1749264810,21.60000000,11.15100000,21.43
1749264810,21.61000000,11.15100000,21.43
1749264810,21.62000000,63.24700000,21.43
1749264810,21.63000000,2.24500000,21.43
1749264810,21.64000000,7.49300000,21.43
1749264810,21.65000000,12.18300000,21.43
1749264810,21.68000000,11.07400000,21.43
1749264810,21.70000000,17.82700000,21.43
1749264810,21.71000000,0.26900000,21.43
1749264810,21.74000000,27.24700000,21.43
1749264810,21.75000000,0.95800000,21.43
1749264810,21.76000000,0.76900000,21.43
1749264810,21.77000000,0.33600000,21.43
1749264810,21.78000000,11.79700000,21.43
1749264810,21.79000000,0.52900000,21.43
1749264810,21.80000000,0.49900000,21.43
1749264810,21.81000000,14.13500000,21.43
1749264810,21.82000000,4.59000000,21.43
1749264810,21.83000000,11.58100000,21.43
1749264810,21.84000000,0.45800000,21.43
1749264810,21.85000000,1.07400000,21.43
1749264810,21.92000000,0.52400000,21.43
1749264810,21.93000000,15.35900000,21.43
1749264810,21.96000000,45.89500000,21.43
1749264810,21.97000000,1.23200000,21.43
1749264810,21.98000000,11.48800000,21.43
1749264810,21.99000000,15.28000000,21.43
1749264810,22.00000000,182.86500000,21.43
1749264810,22.01000000,0.85500000,21.43
1749264810,22.02000000,0.25400000,21.43
1749264810,22.03000000,1.57400000,21.43
1749264810,22.08000000,5.48100000,21.43
1749264810,22.09000000,4.88000000,21.43
1749264810,22.10000000,0.49900000,21.43
1749264810,22.12000000,0.27400000,21.43
1749264810,22.14000000,4.41000000,21.43
1749264810,22.15000000,2.37700000,21.43
1749264810,22.16000000,0.36900000,21.43
1749264810,22.18000000,0.95800000,21.43
1749264810,22.20000000,1.14100000,21.43
1749264810,22.21000000,0.37600000,21.43
1749264810,22.22000000,0.65000000,21.43
1749264810,22.23000000,5.06000000,21.43
1749264810,22.24000000,5.94300000,21.43
1749264810,22.25000000,1.24600000,21.43
1749264810,22.26000000,0.89800000,21.43
1749264810,22.27000000,0.99500000,21.43
1749264810,22.28000000,4.53300000,21.43
1749264810,22.30000000,1.07000000,21.43
1749264810,22.32000000,0.65000000,21.43
1749264810,22.34000000,39.85400000,21.43
1749264810,22.36000000,1.03500000,21.43
1749264810,22.37000000,0.62000000,21.43
1749264810,22.38000000,0.89400000,21.43
1749264810,22.40000000,1.45700000,21.43
1749264810,22.41000000,0.77100000,21.43
1749264810,22.42000000,1.20600000,21.43
1749264810,22.43000000,1.57400000,21.43
1749264810,22.44000000,0.33000000,21.43
1749264810,22.45000000,0.72900000,21.43
1749264810,22.46000000,3.33500000,21.43
1749264810,22.47000000,0.24900000,21.43
1749264810,22.48000000,0.29900000,21.43
1749264810,22.50000000,0.95200000,21.43
1749264810,22.52000000,6.51100000,21.43
1749264810,22.54000000,4.86200000,21.43
1749264810,22.55000000,1.00000000,21.43
1749264810,22.56000000,0.55400000,21.43
1749264810,22.57000000,0.39400000,21.43
1749264810,22.59000000,2.99700000,21.43
1749264810,22.62000000,1.39000000,21.43
1749264810,22.63000000,0.95800000,21.43
1749264810,22.64000000,0.28200000,21.43
1749264810,22.65000000,7.10600000,21.43
1749264810,22.66000000,1.62400000,21.43
1749264810,22.68000000,0.22300000,21.43
1749264810,22.69000000,3.99200000,21.43
1749264810,22.70000000,0.85900000,21.43
1749264810,22.72000000,0.92400000,21.43
1749264810,22.73000000,0.32500000,21.43
1749264810,22.76000000,0.26400000,21.43
1749264810,22.77000000,0.48700000,21.43
1749264810,22.79000000,3.33500000,21.43
1749265112,21.44000000,53.10200000,21.43
1749265112,21.45000000,92.37500000,21.43
1749265112,21.46000000,48.59300000,21.43
1749265112,21.47000000,81.42200000,21.43
1749265112,21.48000000,71.44500000,21.43
1749265112,21.49000000,146.83300000,21.43
1749265112,21.50000000,136.18800000,21.43
1749265112,21.51000000,41.17200000,21.43
1749265112,21.52000000,63.87800000,21.43
1749265112,21.53000000,40.59800000,21.43
1749265112,21.54000000,40.06400000,21.43
1749265112,21.55000000,276.07200000,21.43
1749265112,21.56000000,62.50700000,21.43
1749265112,21.57000000,49.39500000,21.43
1749265112,21.58000000,59.79800000,21.43
1749265112,21.59000000,80.78800000,21.43
1749265112,21.60000000,15.03800000,21.43
1749265112,21.61000000,11.15100000,21.43
1749265112,21.62000000,27.06700000,21.43
1749265112,21.63000000,2.24500000,21.43
1749265112,21.64000000,12.99300000,21.43
1749265112,21.65000000,54.12300000,21.43
1749265112,21.66000000,0.35000000,21.43
1749265112,21.67000000,50.60600000,21.43
1749265112,21.68000000,11.07400000,21.43
1749265112,21.70000000,17.82700000,21.43
1749265112,21.71000000,0.26900000,21.43
1749265112,21.75000000,0.95800000,21.43
1749265112,21.76000000,0.76900000,21.43
1749265112,21.77000000,0.33600000,21.43
1749265112,21.78000000,11.79700000,21.43
1749265112,21.79000000,0.52900000,21.43
1749265112,21.80000000,27.74600000,21.43
1749265112,21.81000000,14.13500000,21.43
1749265112,21.82000000,4.59000000,21.43
1749265112,21.83000000,11.58100000,21.43
1749265112,21.84000000,0.45800000,21.43
1749265112,21.85000000,1.07400000,21.43
1749265112,21.92000000,0.52400000,21.43
1749265112,21.93000000,15.35900000,21.43
1749265112,21.96000000,0.23100000,21.43
1749265112,21.97000000,1.23200000,21.43
1749265112,21.98000000,11.48800000,21.43
1749265112,21.99000000,15.28000000,21.43
1749265112,22.00000000,182.86500000,21.43
1749265112,22.01000000,0.85500000,21.43
1749265112,22.02000000,45.91800000,21.43
1749265112,22.03000000,1.57400000,21.43
1749265112,22.08000000,5.48100000,21.43
1749265112,22.09000000,4.88000000,21.43
1749265112,22.10000000,0.49900000,21.43
1749265112,22.12000000,0.27400000,21.43
1749265112,22.14000000,4.41000000,21.43
1749265112,22.15000000,2.37700000,21.43
1749265112,22.16000000,0.36900000,21.43
1749265112,22.18000000,0.95800000,21.43
1749265112,22.20000000,1.14100000,21.43
1749265112,22.21000000,0.37600000,21.43
1749265112,22.22000000,0.65000000,21.43
1749265112,22.23000000,5.06000000,21.43
1749265112,22.24000000,5.94300000,21.43
1749265112,22.25000000,1.24600000,21.43
1749265112,22.26000000,0.89800000,21.43
1749265112,22.27000000,0.99500000,21.43
1749265112,22.28000000,4.53300000,21.43
1749265112,22.30000000,1.07000000,21.43
1749265112,22.32000000,0.65000000,21.43
1749265112,22.36000000,1.03500000,21.43
1749265112,22.37000000,0.62000000,21.43
1749265112,22.38000000,0.89400000,21.43
1749265112,22.40000000,41.31100000,21.43
1749265112,22.41000000,0.77100000,21.43
1749265112,22.42000000,1.20600000,21.43
1749265112,22.43000000,1.57400000,21.43
1749265112,22.44000000,0.33000000,21.43
1749265112,22.45000000,0.72900000,21.43
1749265112,22.46000000,3.33500000,21.43
1749265112,22.47000000,0.24900000,21.43
1749265112,22.48000000,0.29900000,21.43
1749265112,22.50000000,0.95200000,21.43
1749265112,22.52000000,6.51100000,21.43
1749265112,22.54000000,4.86200000,21.43
1749265112,22.55000000,1.00000000,21.43
1749265112,22.56000000,0.55400000,21.43
1749265112,22.57000000,0.39400000,21.43
1749265112,22.59000000,2.99700000,21.43
1749265112,22.62000000,1.39000000,21.43
1749265112,22.63000000,0.95800000,21.43
1749265112,22.64000000,0.28200000,21.43
1749265112,22.65000000,7.10600000,21.43
1749265112,22.66000000,1.62400000,21.43
1749265112,22.68000000,0.22300000,21.43
1749265112,22.69000000,3.99200000,21.43
1749265112,22.70000000,0.85900000,21.43
1749265112,22.72000000,0.92400000,21.43
1749265112,22.73000000,0.32500000,21.43
1749265112,22.76000000,0.26400000,21.43
1749265112,22.77000000,0.48700000,21.43
1749265112,22.79000000,3.33500000,21.43
1749265112,22.80000000,0.44400000,21.43
1749265413,21.43000000,62.60900000,21.42
1749265413,21.44000000,70.69700000,21.42
1749265413,21.45000000,164.06000000,21.42
1749265413,21.46000000,335.54500000,21.42
1749265413,21.47000000,325.96600000,21.42
1749265413,21.48000000,181.24000000,21.42
1749265413,21.49000000,274.36800000,21.42
1749265413,21.50000000,44.82100000,21.42
1749265413,21.51000000,283.03200000,21.42
1749265413,21.52000000,63.87800000,21.42
1749265413,21.53000000,40.59800000,21.42
1749265413,21.54000000,89.52300000,21.42
1749265413,21.55000000,34.65000000,21.42
1749265413,21.56000000,34.69400000,21.42
1749265413,21.57000000,45.50200000,21.42
1749265413,21.58000000,34.29900000,21.42
1749265413,21.59000000,80.78800000,21.42
1749265413,21.60000000,11.15100000,21.42
1749265413,21.61000000,11.15100000,21.42
1749265413,21.62000000,27.06700000,21.42
1749265413,21.63000000,7.54500000,21.42
1749265413,21.64000000,12.99300000,21.42
1749265413,21.65000000,48.82300000,21.42
1749265413,21.66000000,0.35000000,21.42
1749265413,21.67000000,50.60600000,21.42
1749265413,21.68000000,11.07400000,21.42
1749265413,21.70000000,17.82700000,21.42
1749265413,21.71000000,0.26900000,21.42
1749265413,21.75000000,0.95800000,21.42
1749265413,21.76000000,0.76900000,21.42
1749265413,21.77000000,0.33600000,21.42
1749265413,21.78000000,11.79700000,21.42
1749265413,21.79000000,0.52900000,21.42
1749265413,21.80000000,27.74600000,21.42
1749265413,21.81000000,14.13500000,21.42
1749265413,21.82000000,4.59000000,21.42
1749265413,21.83000000,11.58100000,21.42
1749265413,21.84000000,0.45800000,21.42
1749265413,21.85000000,1.07400000,21.42
1749265413,21.92000000,0.52400000,21.42
1749265413,21.93000000,15.35900000,21.42
1749265413,21.96000000,0.23100000,21.42
1749265413,21.97000000,1.23200000,21.42
1749265413,21.98000000,11.48800000,21.42
1749265413,21.99000000,15.28000000,21.42
1749265413,22.00000000,182.86500000,21.42
1749265413,22.01000000,0.85500000,21.42
1749265413,22.02000000,45.91800000,21.42
1749265413,22.03000000,1.57400000,21.42
1749265413,22.08000000,5.48100000,21.42
1749265413,22.09000000,4.88000000,21.42
1749265413,22.10000000,0.49900000,21.42
1749265413,22.12000000,0.27400000,21.42
1749265413,22.14000000,4.41000000,21.42
1749265413,22.15000000,2.37700000,21.42
1749265413,22.16000000,0.36900000,21.42
1749265413,22.18000000,0.95800000,21.42
1749265413,22.20000000,1.14100000,21.42
1749265413,22.21000000,0.37600000,21.42
1749265413,22.22000000,0.65000000,21.42
1749265413,22.23000000,5.06000000,21.42
1749265413,22.24000000,5.94300000,21.42
1749265413,22.25000000,1.24600000,21.42
1749265413,22.26000000,0.89800000,21.42
1749265413,22.27000000,0.99500000,21.42
1749265413,22.28000000,4.53300000,21.42
1749265413,22.30000000,1.07000000,21.42
1749265413,22.32000000,0.65000000,21.42
1749265413,22.36000000,1.03500000,21.42
1749265413,22.37000000,0.62000000,21.42
1749265413,22.38000000,0.89400000,21.42
1749265413,22.40000000,41.31100000,21.42
1749265413,22.41000000,0.77100000,21.42
1749265413,22.42000000,1.20600000,21.42
1749265413,22.43000000,1.57400000,21.42
1749265413,22.44000000,0.33000000,21.42
1749265413,22.45000000,0.72900000,21.42
1749265413,22.46000000,3.33500000,21.42
1749265413,22.47000000,0.24900000,21.42
1749265413,22.48000000,0.29900000,21.42
1749265413,22.50000000,0.95200000,21.42
1749265413,22.52000000,6.51100000,21.42
1749265413,22.54000000,4.86200000,21.42
1749265413,22.55000000,1.00000000,21.42
1749265413,22.56000000,0.55400000,21.42
1749265413,22.57000000,0.39400000,21.42
1749265413,22.59000000,2.99700000,21.42
1749265413,22.62000000,1.39000000,21.42
1749265413,22.63000000,0.95800000,21.42
1749265413,22.64000000,0.28200000,21.42
1749265413,22.65000000,7.10600000,21.42
1749265413,22.66000000,1.62400000,21.42
1749265413,22.68000000,0.22300000,21.42
1749265413,22.69000000,3.99200000,21.42
1749265413,22.70000000,0.85900000,21.42
1749265413,22.72000000,0.92400000,21.42
1749265413,22.73000000,0.32500000,21.42
1749265413,22.76000000,0.26400000,21.42
1749265413,22.77000000,0.48700000,21.42
1749265413,22.79000000,3.33500000,21.42
1749265718,21.46000000,27.76800000,21.46
1749265718,21.47000000,108.58900000,21.46
1749265718,21.48000000,119.87000000,21.46
1749265718,21.49000000,229.99900000,21.46
1749265718,21.50000000,184.18400000,21.46
1749265718,21.51000000,132.53900000,21.46
1749265718,21.52000000,50.57000000,21.46
1749265718,21.53000000,40.59800000,21.46
1749265718,21.54000000,40.06500000,21.46
1749265718,21.55000000,276.09600000,21.46
1749265718,21.56000000,62.32400000,21.46
1749265718,21.57000000,49.74100000,21.46
1749265718,21.58000000,83.02400000,21.46
1749265718,21.59000000,80.78800000,21.46
1749265718,21.60000000,15.03600000,21.46
1749265718,21.61000000,11.15100000,21.46
1749265718,21.62000000,27.06700000,21.46
1749265718,21.63000000,2.24500000,21.46
1749265718,21.64000000,12.99300000,21.46
1749265718,21.65000000,48.82300000,21.46
1749265718,21.66000000,5.65000000,21.46
1749265718,21.67000000,50.95600000,21.46
1749265718,21.68000000,11.07400000,21.46
1749265718,21.70000000,17.82700000,21.46
1749265718,21.71000000,0.26900000,21.46
1749265718,21.75000000,0.95800000,21.46
1749265718,21.76000000,0.76900000,21.46
1749265718,21.77000000,0.33600000,21.46
1749265718,21.78000000,11.79700000,21.46
1749265718,21.79000000,0.52900000,21.46
1749265718,21.80000000,27.74600000,21.46
1749265718,21.81000000,14.13500000,21.46
1749265718,21.82000000,4.59000000,21.46
1749265718,21.83000000,11.58100000,21.46
1749265718,21.84000000,0.45800000,21.46
1749265718,21.85000000,1.07400000,21.46
1749265718,21.92000000,0.52400000,21.46
1749265718,21.93000000,15.35900000,21.46
1749265718,21.96000000,0.23100000,21.46
1749265718,21.97000000,1.23200000,21.46
1749265718,21.98000000,0.28200000,21.46
1749265718,21.99000000,15.28000000,21.46
1749265718,22.00000000,182.86500000,21.46
1749265718,22.01000000,0.85500000,21.46
1749265718,22.02000000,45.91800000,21.46
1749265718,22.03000000,1.57400000,21.46
1749265718,22.04000000,11.20600000,21.46
1749265718,22.08000000,5.48100000,21.46
1749265718,22.09000000,4.88000000,21.46
1749265718,22.10000000,0.49900000,21.46
1749265718,22.12000000,0.27400000,21.46
1749265718,22.14000000,4.41000000,21.46
1749265718,22.15000000,2.37700000,21.46
1749265718,22.16000000,0.36900000,21.46
1749265718,22.18000000,0.95800000,21.46
1749265718,22.20000000,1.14100000,21.46
1749265718,22.21000000,0.37600000,21.46
1749265718,22.22000000,0.65000000,21.46
1749265718,22.23000000,5.06000000,21.46
1749265718,22.24000000,5.94300000,21.46
1749265718,22.25000000,1.24600000,21.46
1749265718,22.26000000,0.89800000,21.46
1749265718,22.27000000,0.99500000,21.46
1749265718,22.28000000,4.53300000,21.46
1749265718,22.30000000,1.07000000,21.46
1749265718,22.32000000,0.65000000,21.46
1749265718,22.36000000,1.03500000,21.46
1749265718,22.37000000,0.62000000,21.46
1749265718,22.38000000,0.89400000,21.46
1749265718,22.40000000,41.31100000,21.46
1749265718,22.41000000,0.77100000,21.46
1749265718,22.42000000,1.20600000,21.46
1749265718,22.43000000,1.57400000,21.46
1749265718,22.44000000,0.33000000,21.46
1749265718,22.45000000,0.72900000,21.46
1749265718,22.46000000,3.33500000,21.46
1749265718,22.47000000,0.24900000,21.46
1749265718,22.48000000,0.29900000,21.46
1749265718,22.50000000,0.95200000,21.46
1749265718,22.52000000,6.51100000,21.46
1749265718,22.54000000,4.86200000,21.46
1749265718,22.55000000,1.00000000,21.46
1749265718,22.56000000,0.55400000,21.46
1749265718,22.57000000,0.39400000,21.46
1749265718,22.59000000,2.99700000,21.46
1749265718,22.62000000,1.39000000,21.46
1749265718,22.63000000,0.95800000,21.46
1749265718,22.64000000,0.28200000,21.46
1749265718,22.65000000,7.10600000,21.46
1749265718,22.66000000,1.62400000,21.46
1749265718,22.68000000,0.22300000,21.46
1749265718,22.69000000,3.99200000,21.46
1749265718,22.70000000,0.85900000,21.46
1749265718,22.72000000,0.92400000,21.46
1749265718,22.73000000,0.32500000,21.46
1749265718,22.76000000,0.26400000,21.46
1749265718,22.77000000,0.48700000,21.46
1749265718,22.79000000,3.33500000,21.46
1749265718,22.80000000,0.44400000,21.46
1749265718,22.82000000,7.06300000,21.46
1749266021,21.48000000,21.60000000,21.48
1749266021,21.49000000,110.32500000,21.48
1749266021,21.50000000,249.69300000,21.48
1749266021,21.51000000,159.61300000,21.48
1749266021,21.52000000,94.35600000,21.48
1749266021,21.53000000,115.27100000,21.48
1749266021,21.54000000,89.21000000,21.48
1749266021,21.55000000,94.63500000,21.48
1749266021,21.56000000,40.56000000,21.48
1749266021,21.57000000,51.72000000,21.48
1749266021,21.58000000,57.87500000,21.48
1749266021,21.59000000,275.63700000,21.48
1749266021,21.60000000,62.46100000,21.48
1749266021,21.61000000,59.77700000,21.48
1749266021,21.62000000,11.52900000,21.48
1749266021,21.63000000,24.19000000,21.48
1749266021,21.64000000,12.99300000,21.48
1749266021,21.65000000,92.97000000,21.48
1749266021,21.66000000,0.35000000,21.48
1749266021,21.67000000,11.15000000,21.48
1749266021,21.68000000,26.91900000,21.48
1749266021,21.69000000,5.65000000,21.48
1749266021,21.70000000,17.82700000,21.48
1749266021,21.71000000,0.26900000,21.48
1749266021,21.72000000,87.97800000,21.48
1749266021,21.74000000,1.16800000,21.48
1749266021,21.75000000,0.95800000,21.48
1749266021,21.76000000,0.76900000,21.48
1749266021,21.77000000,0.33600000,21.48
1749266021,21.78000000,11.79700000,21.48
1749266021,21.79000000,0.52900000,21.48
1749266021,21.80000000,27.74600000,21.48
1749266021,21.81000000,14.13500000,21.48
1749266021,21.82000000,4.59000000,21.48
1749266021,21.83000000,11.58100000,21.48
1749266021,21.84000000,0.45800000,21.48
1749266021,21.85000000,1.07400000,21.48
1749266021,21.92000000,0.52400000,21.48
1749266021,21.93000000,15.35900000,21.48
1749266021,21.96000000,0.23100000,21.48
1749266021,21.97000000,1.23200000,21.48
1749266021,21.98000000,0.28200000,21.48
1749266021,21.99000000,26.08000000,21.48
1749266021,22.00000000,182.86500000,21.48
1749266021,22.01000000,0.85500000,21.48
1749266021,22.02000000,45.91800000,21.48
1749266021,22.03000000,1.57400000,21.48
1749266021,22.04000000,11.20600000,21.48
1749266021,22.08000000,5.48100000,21.48
1749266021,22.09000000,4.88000000,21.48
1749266021,22.10000000,0.49900000,21.48
1749266021,22.12000000,0.27400000,21.48
1749266021,22.14000000,4.41000000,21.48
1749266021,22.15000000,2.37700000,21.48
1749266021,22.16000000,0.36900000,21.48
1749266021,22.18000000,0.95800000,21.48
1749266021,22.20000000,1.14100000,21.48
1749266021,22.21000000,0.37600000,21.48
1749266021,22.22000000,0.65000000,21.48
1749266021,22.23000000,5.06000000,21.48
1749266021,22.24000000,5.94300000,21.48
1749266021,22.25000000,1.24600000,21.48
1749266021,22.26000000,0.89800000,21.48
1749266021,22.27000000,0.99500000,21.48
1749266021,22.28000000,4.53300000,21.48
1749266021,22.30000000,1.07000000,21.48
1749266021,22.32000000,0.65000000,21.48
1749266021,22.36000000,1.03500000,21.48
1749266021,22.37000000,0.62000000,21.48
1749266021,22.38000000,0.89400000,21.48
1749266021,22.40000000,1.45700000,21.48
1749266021,22.41000000,0.77100000,21.48
1749266021,22.42000000,1.20600000,21.48
1749266021,22.43000000,1.57400000,21.48
1749266021,22.44000000,0.33000000,21.48
1749266021,22.45000000,0.72900000,21.48
1749266021,22.46000000,43.18900000,21.48
1749266021,22.47000000,0.24900000,21.48
1749266021,22.48000000,0.29900000,21.48
1749266021,22.50000000,0.95200000,21.48
1749266021,22.52000000,6.51100000,21.48
1749266021,22.54000000,4.86200000,21.48
1749266021,22.55000000,1.00000000,21.48
1749266021,22.56000000,0.55400000,21.48
1749266021,22.57000000,0.39400000,21.48
1749266021,22.59000000,2.99700000,21.48
1749266021,22.62000000,1.39000000,21.48
1749266021,22.63000000,0.95800000,21.48
1749266021,22.64000000,0.28200000,21.48
1749266021,22.65000000,7.10600000,21.48
1749266021,22.66000000,1.62400000,21.48
1749266021,22.68000000,0.22300000,21.48
1749266021,22.69000000,3.99200000,21.48
1749266021,22.70000000,0.85900000,21.48
1749266021,22.72000000,0.92400000,21.48
1749266021,22.73000000,0.32500000,21.48
1749266021,22.76000000,0.26400000,21.48
1749266021,22.77000000,0.48700000,21.48
1749266021,22.79000000,3.33500000,21.48
1749266021,22.80000000,0.44400000,21.48
1749266322,21.46000000,10.80000000,21.46
1749266322,21.47000000,80.92700000,21.46
1749266322,21.48000000,118.40800000,21.46
1749266322,21.49000000,152.04200000,21.46
1749266322,21.50000000,164.30200000,21.46
1749266322,21.51000000,368.07100000,21.46
1749266322,21.52000000,353.83900000,21.46
1749266322,21.53000000,142.31800000,21.46
1749266322,21.54000000,45.92200000,21.46
1749266322,21.55000000,40.51800000,21.46
1749266322,21.56000000,40.56000000,21.46
1749266322,21.57000000,81.09900000,21.46
1749266322,21.58000000,85.76700000,21.46
1749266322,21.59000000,275.63700000,21.46
1749266322,21.60000000,38.14700000,21.46
1749266322,21.61000000,34.27800000,21.46
1749266322,21.62000000,11.52900000,21.46
1749266322,21.63000000,24.19000000,21.46
1749266322,21.64000000,12.99300000,21.46
1749266322,21.65000000,92.97000000,21.46
1749266322,21.66000000,0.35000000,21.46
1749266322,21.67000000,16.45000000,21.46
1749266322,21.68000000,26.91900000,21.46
1749266322,21.69000000,0.35000000,21.46
1749266322,21.70000000,17.82700000,21.46
1749266322,21.71000000,0.26900000,21.46
1749266322,21.72000000,87.97800000,21.46
1749266322,21.74000000,1.16800000,21.46
1749266322,21.75000000,0.95800000,21.46
1749266322,21.76000000,0.76900000,21.46
1749266322,21.77000000,0.33600000,21.46
1749266322,21.78000000,11.79700000,21.46
1749266322,21.79000000,0.52900000,21.46
1749266322,21.80000000,0.49900000,21.46
1749266322,21.81000000,14.13500000,21.46
1749266322,21.82000000,4.59000000,21.46
1749266322,21.83000000,11.58100000,21.46
1749266322,21.84000000,0.45800000,21.46
1749266322,21.85000000,1.07400000,21.46
1749266322,21.86000000,27.24700000,21.46
1749266322,21.92000000,0.52400000,21.46
1749266322,21.93000000,15.35900000,21.46
1749266322,21.96000000,0.23100000,21.46
1749266322,21.97000000,1.23200000,21.46
1749266322,21.98000000,0.28200000,21.46
1749266322,21.99000000,26.08000000,21.46
1749266322,22.00000000,182.86500000,21.46
1749266322,22.01000000,0.85500000,21.46
1749266322,22.02000000,0.25400000,21.46
1749266322,22.03000000,1.57400000,21.46
1749266322,22.04000000,11.20600000,21.46
1749266322,22.08000000,51.14500000,21.46
1749266322,22.09000000,4.88000000,21.46
1749266322,22.10000000,0.49900000,21.46
1749266322,22.12000000,0.27400000,21.46
1749266322,22.14000000,4.41000000,21.46
1749266322,22.15000000,2.37700000,21.46
1749266322,22.16000000,0.36900000,21.46
1749266322,22.18000000,0.95800000,21.46
1749266322,22.20000000,1.14100000,21.46
1749266322,22.21000000,0.37600000,21.46
1749266322,22.22000000,0.65000000,21.46
1749266322,22.23000000,5.06000000,21.46
1749266322,22.24000000,5.94300000,21.46
1749266322,22.25000000,1.24600000,21.46
1749266322,22.26000000,0.89800000,21.46
1749266322,22.27000000,0.99500000,21.46
1749266322,22.28000000,4.53300000,21.46
1749266322,22.30000000,1.07000000,21.46
1749266322,22.32000000,0.65000000,21.46
1749266322,22.36000000,1.03500000,21.46
1749266322,22.37000000,0.62000000,21.46
1749266322,22.38000000,0.89400000,21.46
1749266322,22.40000000,1.45700000,21.46
1749266322,22.41000000,0.77100000,21.46
1749266322,22.42000000,1.20600000,21.46
1749266322,22.43000000,1.57400000,21.46
1749266322,22.44000000,0.33000000,21.46
1749266322,22.45000000,0.72900000,21.46
1749266322,22.46000000,43.18900000,21.46
1749266322,22.47000000,0.24900000,21.46
1749266322,22.48000000,0.29900000,21.46
1749266322,22.50000000,0.95200000,21.46
1749266322,22.52000000,6.51100000,21.46
1749266322,22.54000000,4.86200000,21.46
1749266322,22.55000000,1.00000000,21.46
1749266322,22.56000000,0.55400000,21.46
1749266322,22.57000000,0.39400000,21.46
1749266322,22.59000000,2.99700000,21.46
1749266322,22.62000000,1.39000000,21.46
1749266322,22.63000000,0.95800000,21.46
1749266322,22.64000000,0.28200000,21.46
1749266322,22.65000000,7.10600000,21.46
1749266322,22.66000000,1.62400000,21.46
1749266322,22.68000000,0.22300000,21.46
1749266322,22.69000000,3.99200000,21.46
1749266322,22.70000000,0.85900000,21.46
1749266322,22.72000000,0.92400000,21.46
1749266322,22.73000000,0.32500000,21.46
1749266322,22.76000000,0.26400000,21.46
1749266632,21.45000000,60.12300000,21.44
1749266632,21.46000000,94.30300000,21.44
1749266632,21.47000000,162.04200000,21.44
1749266632,21.48000000,295.33100000,21.44
1749266632,21.49000000,286.29500000,21.44
1749266632,21.50000000,279.92800000,21.44
1749266632,21.51000000,130.10200000,21.44
1749266632,21.52000000,97.73800000,21.44
1749266632,21.53000000,50.95100000,21.44
1749266632,21.54000000,287.46700000,21.44
1749266632,21.55000000,40.51800000,21.44
1749266632,21.56000000,62.18800000,21.44
1749266632,21.57000000,75.23100000,21.44
1749266632,21.58000000,57.87500000,21.44
1749266632,21.59000000,34.60600000,21.44
1749266632,21.60000000,38.14700000,21.44
1749266632,21.61000000,11.15100000,21.44
1749266632,21.62000000,23.63200000,21.44
1749266632,21.63000000,1.07400000,21.44
1749266632,21.64000000,12.99300000,21.44
1749266632,21.65000000,80.86700000,21.44
1749266632,21.66000000,5.65000000,21.44
1749266632,21.67000000,62.78300000,21.44
1749266632,21.68000000,26.91900000,21.44
1749266632,21.69000000,0.35000000,21.44
1749266632,21.70000000,17.82700000,21.44
1749266632,21.71000000,0.26900000,21.44
1749266632,21.72000000,36.29000000,21.44
1749266632,21.74000000,1.16800000,21.44
1749266632,21.75000000,0.95800000,21.44
1749266632,21.76000000,0.76900000,21.44
1749266632,21.77000000,0.33600000,21.44
1749266632,21.78000000,11.79700000,21.44
1749266632,21.79000000,0.52900000,21.44
1749266632,21.80000000,27.74600000,21.44
1749266632,21.81000000,14.13500000,21.44
1749266632,21.82000000,4.59000000,21.44
1749266632,21.83000000,11.58100000,21.44
1749266632,21.84000000,0.45800000,21.44
1749266632,21.85000000,1.07400000,21.44
1749266632,21.92000000,0.52400000,21.44
1749266632,21.93000000,15.35900000,21.44
1749266632,21.96000000,0.23100000,21.44
1749266632,21.97000000,1.23200000,21.44
1749266632,21.98000000,0.28200000,21.44
1749266632,21.99000000,15.28000000,21.44
1749266632,22.00000000,182.86500000,21.44
1749266632,22.01000000,0.85500000,21.44
1749266632,22.02000000,0.25400000,21.44
1749266632,22.03000000,1.57400000,21.44
1749266632,22.04000000,11.20600000,21.44
1749266632,22.08000000,51.14500000,21.44
1749266632,22.09000000,4.88000000,21.44
1749266632,22.10000000,0.49900000,21.44
1749266632,22.12000000,0.27400000,21.44
1749266632,22.14000000,4.41000000,21.44
1749266632,22.15000000,2.37700000,21.44
1749266632,22.16000000,0.36900000,21.44
1749266632,22.18000000,0.95800000,21.44
1749266632,22.20000000,1.14100000,21.44
1749266632,22.21000000,0.37600000,21.44
1749266632,22.22000000,0.65000000,21.44
1749266632,22.23000000,5.06000000,21.44
1749266632,22.24000000,5.94300000,21.44
1749266632,22.25000000,1.24600000,21.44
1749266632,22.26000000,0.89800000,21.44
1749266632,22.27000000,0.99500000,21.44
1749266632,22.28000000,4.53300000,21.44
1749266632,22.30000000,1.07000000,21.44
1749266632,22.32000000,0.65000000,21.44
1749266632,22.36000000,1.03500000,21.44
1749266632,22.37000000,0.62000000,21.44
1749266632,22.38000000,0.89400000,21.44
1749266632,22.40000000,1.45700000,21.44
1749266632,22.41000000,0.77100000,21.44
1749266632,22.42000000,1.20600000,21.44
1749266632,22.43000000,1.57400000,21.44
1749266632,22.44000000,0.33000000,21.44
1749266632,22.45000000,0.72900000,21.44
1749266632,22.46000000,43.18900000,21.44
1749266632,22.47000000,0.24900000,21.44
1749266632,22.48000000,0.29900000,21.44
1749266632,22.50000000,0.95200000,21.44
1749266632,22.52000000,6.51100000,21.44
1749266632,22.54000000,4.86200000,21.44
1749266632,22.55000000,1.00000000,21.44
1749266632,22.56000000,0.55400000,21.44
1749266632,22.57000000,0.39400000,21.44
1749266632,22.59000000,2.99700000,21.44
1749266632,22.62000000,1.39000000,21.44
1749266632,22.63000000,0.95800000,21.44
1749266632,22.64000000,0.28200000,21.44
1749266632,22.65000000,7.10600000,21.44
1749266632,22.66000000,1.62400000,21.44
1749266632,22.68000000,0.22300000,21.44
1749266632,22.69000000,3.99200000,21.44
1749266632,22.70000000,0.85900000,21.44
1749266632,22.72000000,0.92400000,21.44
1749266632,22.73000000,0.32500000,21.44
1749266632,22.76000000,0.26400000,21.44
1749266934,21.45000000,10.80000000,21.46
1749266934,21.46000000,82.40000000,21.46
1749266934,21.47000000,102.90100000,21.46
1749266934,21.48000000,141.50300000,21.46
1749266934,21.49000000,208.04400000,21.46
1749266934,21.50000000,114.60800000,21.46
1749266934,21.51000000,101.45400000,21.46
1749266934,21.52000000,50.57000000,21.46
1749266934,21.53000000,142.31800000,21.46
1749266934,21.54000000,45.92200000,21.46
1749266934,21.55000000,40.51800000,21.46
1749266934,21.56000000,34.69400000,21.46
1749266934,21.57000000,316.45300000,21.46
1749266934,21.58000000,86.03700000,21.46
1749266934,21.59000000,34.60600000,21.46
1749266934,21.60000000,38.14700000,21.46
1749266934,21.61000000,34.27800000,21.46
1749266934,21.62000000,23.63200000,21.46
1749266934,21.63000000,1.07400000,21.46
1749266934,21.64000000,12.99300000,21.46
1749266934,21.65000000,80.86700000,21.46
1749266934,21.66000000,5.65000000,21.46
1749266934,21.67000000,62.78300000,21.46
1749266934,21.68000000,26.91900000,21.46
1749266934,21.69000000,0.35000000,21.46
1749266934,21.70000000,17.82700000,21.46
1749266934,21.71000000,0.26900000,21.46
1749266934,21.72000000,36.29000000,21.46
1749266934,21.74000000,1.16800000,21.46
1749266934,21.75000000,0.95800000,21.46
1749266934,21.76000000,0.76900000,21.46
1749266934,21.77000000,0.33600000,21.46
1749266934,21.78000000,11.79700000,21.46
1749266934,21.79000000,0.52900000,21.46
1749266934,21.80000000,27.74600000,21.46
1749266934,21.81000000,14.13500000,21.46
1749266934,21.82000000,4.59000000,21.46
1749266934,21.83000000,11.58100000,21.46
1749266934,21.84000000,0.45800000,21.46
1749266934,21.85000000,1.07400000,21.46
1749266934,21.92000000,0.52400000,21.46
1749266934,21.93000000,15.35900000,21.46
1749266934,21.96000000,0.23100000,21.46
1749266934,21.97000000,1.23200000,21.46
1749266934,21.98000000,0.28200000,21.46
1749266934,21.99000000,15.28000000,21.46
1749266934,22.00000000,182.86500000,21.46
1749266934,22.01000000,0.85500000,21.46
1749266934,22.02000000,0.25400000,21.46
1749266934,22.03000000,1.57400000,21.46
1749266934,22.04000000,11.20600000,21.46
1749266934,22.08000000,51.14500000,21.46
1749266934,22.09000000,4.88000000,21.46
1749266934,22.10000000,0.49900000,21.46
1749266934,22.12000000,0.27400000,21.46
1749266934,22.14000000,4.41000000,21.46
1749266934,22.15000000,2.37700000,21.46
1749266934,22.16000000,0.36900000,21.46
1749266934,22.18000000,0.95800000,21.46
1749266934,22.20000000,1.14100000,21.46
1749266934,22.21000000,0.37600000,21.46
1749266934,22.22000000,0.65000000,21.46
1749266934,22.23000000,5.06000000,21.46
1749266934,22.24000000,5.94300000,21.46
1749266934,22.25000000,1.24600000,21.46
1749266934,22.26000000,0.89800000,21.46
1749266934,22.27000000,0.99500000,21.46
1749266934,22.28000000,4.53300000,21.46
1749266934,22.30000000,1.07000000,21.46
1749266934,22.32000000,0.65000000,21.46
1749266934,22.36000000,1.03500000,21.46
1749266934,22.37000000,0.62000000,21.46
1749266934,22.38000000,0.89400000,21.46
1749266934,22.40000000,1.45700000,21.46
1749266934,22.41000000,0.77100000,21.46
1749266934,22.42000000,1.20600000,21.46
1749266934,22.43000000,1.57400000,21.46
1749266934,22.44000000,0.33000000,21.46
1749266934,22.45000000,0.72900000,21.46
1749266934,22.46000000,43.18900000,21.46
1749266934,22.47000000,0.24900000,21.46
1749266934,22.48000000,0.29900000,21.46
1749266934,22.50000000,0.95200000,21.46
1749266934,22.52000000,6.51100000,21.46
1749266934,22.54000000,4.86200000,21.46
1749266934,22.55000000,1.00000000,21.46
1749266934,22.56000000,0.55400000,21.46
1749266934,22.57000000,0.39400000,21.46
1749266934,22.59000000,2.99700000,21.46
1749266934,22.62000000,1.39000000,21.46
1749266934,22.63000000,0.95800000,21.46
1749266934,22.64000000,0.28200000,21.46
1749266934,22.65000000,7.10600000,21.46
1749266934,22.66000000,1.62400000,21.46
1749266934,22.68000000,0.22300000,21.46
1749266934,22.69000000,3.99200000,21.46
1749266934,22.70000000,0.85900000,21.46
1749266934,22.72000000,0.92400000,21.46
1749266934,22.73000000,0.32500000,21.46
1749266934,22.76000000,0.26400000,21.46
1749267235,21.43000000,39.53000000,21.43
1749267235,21.44000000,77.48100000,21.43
1749267235,21.45000000,87.96800000,21.43
1749267235,21.46000000,197.20200000,21.43
1749267235,21.47000000,294.41200000,21.43
1749267235,21.48000000,164.81000000,21.43
1749267235,21.49000000,448.53400000,21.43
1749267235,21.50000000,44.70200000,21.43
1749267235,21.51000000,44.95300000,21.43
1749267235,21.52000000,282.39500000,21.43
1749267235,21.53000000,40.59800000,21.43
1749267235,21.54000000,67.55800000,21.43
1749267235,21.55000000,34.65000000,21.43
1749267235,21.56000000,46.79700000,21.43
1749267235,21.57000000,75.23100000,21.43
1749267235,21.58000000,57.87500000,21.43
1749267235,21.59000000,102.94000000,21.43
1749267235,21.60000000,11.15100000,21.43
1749267235,21.61000000,11.15100000,21.43
1749267235,21.62000000,11.52900000,21.43
1749267235,21.63000000,1.07400000,21.43
1749267235,21.64000000,18.29300000,21.43
1749267235,21.65000000,12.53300000,21.43
1749267235,21.66000000,0.35000000,21.43
1749267235,21.67000000,62.78300000,21.43
1749267235,21.68000000,26.91900000,21.43
1749267235,21.69000000,0.35000000,21.43
1749267235,21.70000000,17.82700000,21.43
1749267235,21.71000000,0.26900000,21.43
1749267235,21.72000000,36.29000000,21.43
1749267235,21.74000000,1.16800000,21.43
1749267235,21.75000000,0.95800000,21.43
1749267235,21.76000000,0.76900000,21.43
1749267235,21.77000000,0.33600000,21.43
1749267235,21.78000000,11.79700000,21.43
1749267235,21.79000000,0.52900000,21.43
1749267235,21.80000000,27.74600000,21.43
1749267235,21.81000000,14.13500000,21.43
1749267235,21.82000000,4.59000000,21.43
1749267235,21.83000000,11.58100000,21.43
1749267235,21.84000000,0.45800000,21.43
1749267235,21.85000000,1.07400000,21.43
1749267235,21.92000000,0.52400000,21.43
1749267235,21.93000000,4.55900000,21.43
1749267235,21.96000000,0.23100000,21.43
1749267235,21.97000000,1.23200000,21.43
1749267235,21.98000000,0.28200000,21.43
1749267235,21.99000000,15.28000000,21.43
1749267235,22.00000000,182.86500000,21.43
1749267235,22.01000000,0.85500000,21.43
1749267235,22.02000000,45.91800000,21.43
1749267235,22.03000000,1.57400000,21.43
1749267235,22.04000000,11.20600000,21.43
1749267235,22.08000000,5.48100000,21.43
1749267235,22.09000000,4.88000000,21.43
1749267235,22.10000000,0.49900000,21.43
1749267235,22.12000000,0.27400000,21.43
1749267235,22.14000000,4.41000000,21.43
1749267235,22.15000000,2.37700000,21.43
1749267235,22.16000000,0.36900000,21.43
1749267235,22.18000000,0.95800000,21.43
1749267235,22.20000000,1.14100000,21.43
1749267235,22.21000000,0.37600000,21.43
1749267235,22.22000000,0.65000000,21.43
1749267235,22.23000000,5.06000000,21.43
1749267235,22.24000000,5.94300000,21.43
1749267235,22.25000000,1.24600000,21.43
1749267235,22.26000000,0.89800000,21.43
1749267235,22.27000000,0.99500000,21.43
1749267235,22.28000000,4.53300000,21.43
1749267235,22.30000000,1.07000000,21.43
1749267235,22.32000000,0.65000000,21.43
1749267235,22.36000000,1.03500000,21.43
1749267235,22.37000000,0.62000000,21.43
1749267235,22.38000000,0.89400000,21.43
1749267235,22.40000000,1.45700000,21.43
1749267235,22.41000000,0.77100000,21.43
1749267235,22.42000000,1.20600000,21.43
1749267235,22.43000000,1.57400000,21.43
1749267235,22.44000000,0.33000000,21.43
1749267235,22.45000000,0.72900000,21.43
1749267235,22.46000000,43.18900000,21.43
1749267235,22.47000000,0.24900000,21.43
1749267235,22.48000000,0.29900000,21.43
1749267235,22.50000000,0.95200000,21.43
1749267235,22.52000000,6.51100000,21.43
1749267235,22.54000000,4.86200000,21.43
1749267235,22.55000000,1.00000000,21.43
1749267235,22.56000000,0.55400000,21.43
1749267235,22.57000000,0.39400000,21.43
1749267235,22.59000000,2.99700000,21.43
1749267235,22.62000000,1.39000000,21.43
1749267235,22.63000000,0.95800000,21.43
1749267235,22.64000000,0.28200000,21.43
1749267235,22.65000000,7.10600000,21.43
1749267235,22.66000000,1.62400000,21.43
1749267235,22.68000000,0.22300000,21.43
1749267235,22.69000000,3.99200000,21.43
1749267235,22.70000000,0.85900000,21.43
1749267235,22.72000000,0.92400000,21.43
1749267537,21.46000000,51.29800000,21.46
1749267537,21.47000000,224.48100000,21.46
1749267537,21.48000000,82.89600000,21.46
1749267537,21.49000000,181.56200000,21.46
1749267537,21.50000000,96.14500000,21.46
1749267537,21.51000000,41.06400000,21.46
1749267537,21.52000000,141.93700000,21.46
1749267537,21.53000000,40.59800000,21.46
1749267537,21.54000000,46.12400000,21.46
1749267537,21.55000000,276.09600000,21.46
1749267537,21.56000000,74.86400000,21.46
1749267537,21.57000000,75.23100000,21.46
1749267537,21.58000000,57.87500000,21.46
1749267537,21.59000000,102.94000000,21.46
1749267537,21.60000000,15.03600000,21.46
1749267537,21.61000000,11.15100000,21.46
1749267537,21.62000000,11.52900000,21.46
1749267537,21.63000000,1.07400000,21.46
1749267537,21.64000000,12.99300000,21.46
1749267537,21.65000000,12.53300000,21.46
1749267537,21.66000000,5.65000000,21.46
1749267537,21.67000000,62.78300000,21.46
1749267537,21.68000000,26.91900000,21.46
1749267537,21.69000000,0.35000000,21.46
1749267537,21.70000000,17.82700000,21.46
1749267537,21.71000000,0.26900000,21.46
1749267537,21.72000000,36.29000000,21.46
1749267537,21.74000000,1.16800000,21.46
1749267537,21.75000000,0.95800000,21.46
1749267537,21.76000000,0.76900000,21.46
1749267537,21.77000000,0.33600000,21.46
1749267537,21.78000000,11.79700000,21.46
1749267537,21.79000000,0.52900000,21.46
1749267537,21.80000000,27.74600000,21.46
1749267537,21.81000000,14.13500000,21.46
1749267537,21.82000000,4.59000000,21.46
1749267537,21.83000000,11.58100000,21.46
1749267537,21.84000000,0.45800000,21.46
1749267537,21.85000000,1.07400000,21.46
1749267537,21.92000000,0.52400000,21.46
1749267537,21.93000000,15.35900000,21.46
1749267537,21.96000000,0.23100000,21.46
1749267537,21.97000000,1.23200000,21.46
1749267537,21.98000000,0.28200000,21.46
1749267537,21.99000000,15.28000000,21.46
1749267537,22.00000000,182.86500000,21.46
1749267537,22.01000000,0.85500000,21.46
1749267537,22.02000000,45.91800000,21.46
1749267537,22.03000000,1.57400000,21.46
1749267537,22.04000000,11.20600000,21.46
1749267537,22.08000000,5.48100000,21.46
1749267537,22.09000000,4.88000000,21.46
1749267537,22.10000000,0.49900000,21.46
1749267537,22.12000000,0.27400000,21.46
1749267537,22.14000000,4.41000000,21.46
1749267537,22.15000000,2.37700000,21.46
1749267537,22.16000000,0.36900000,21.46
1749267537,22.18000000,0.95800000,21.46
1749267537,22.20000000,1.14100000,21.46
1749267537,22.21000000,0.37600000,21.46
1749267537,22.22000000,0.65000000,21.46
1749267537,22.23000000,5.06000000,21.46
1749267537,22.24000000,5.94300000,21.46
1749267537,22.25000000,1.24600000,21.46
1749267537,22.26000000,0.89800000,21.46
1749267537,22.27000000,0.99500000,21.46
1749267537,22.28000000,4.53300000,21.46
1749267537,22.30000000,1.07000000,21.46
1749267537,22.32000000,0.65000000,21.46
1749267537,22.36000000,1.03500000,21.46
1749267537,22.37000000,0.62000000,21.46
1749267537,22.38000000,0.89400000,21.46
1749267537,22.40000000,1.45700000,21.46
1749267537,22.41000000,0.77100000,21.46
1749267537,22.42000000,1.20600000,21.46
1749267537,22.43000000,1.57400000,21.46
1749267537,22.44000000,0.33000000,21.46
1749267537,22.45000000,0.72900000,21.46
1749267537,22.46000000,43.18900000,21.46
1749267537,22.47000000,0.24900000,21.46
1749267537,22.48000000,0.29900000,21.46
1749267537,22.50000000,0.95200000,21.46
1749267537,22.52000000,6.51100000,21.46
1749267537,22.54000000,4.86200000,21.46
1749267537,22.55000000,1.00000000,21.46
1749267537,22.56000000,0.55400000,21.46
1749267537,22.57000000,0.39400000,21.46
1749267537,22.59000000,2.99700000,21.46
1749267537,22.62000000,1.39000000,21.46
1749267537,22.63000000,0.95800000,21.46
1749267537,22.64000000,0.28200000,21.46
1749267537,22.65000000,7.10600000,21.46
1749267537,22.66000000,1.62400000,21.46
1749267537,22.68000000,0.22300000,21.46
1749267537,22.69000000,3.99200000,21.46
1749267537,22.70000000,0.85900000,21.46
1749267537,22.72000000,0.92400000,21.46
1749267537,22.73000000,0.32500000,21.46
1749267537,22.76000000,0.26400000,21.46
1749267537,22.77000000,0.48700000,21.46
1749267839,21.48000000,66.90600000,21.47
1749267839,21.49000000,160.23000000,21.47
1749267839,21.50000000,236.29700000,21.47
1749267839,21.51000000,153.76200000,21.47
1749267839,21.52000000,77.04800000,21.47
1749267839,21.53000000,50.95100000,21.47
1749267839,21.54000000,137.49100000,21.47
1749267839,21.55000000,40.68800000,21.47
1749267839,21.56000000,276.04100000,21.47
1749267839,21.57000000,75.23100000,21.47
1749267839,21.58000000,85.53100000,21.47
1749267839,21.59000000,102.94000000,21.47
1749267839,21.60000000,15.03100000,21.47
1749267839,21.61000000,34.26700000,21.47
1749267839,21.62000000,23.63200000,21.47
1749267839,21.63000000,1.07400000,21.47
1749267839,21.64000000,12.99300000,21.47
1749267839,21.65000000,12.53300000,21.47
1749267839,21.66000000,0.35000000,21.47
1749267839,21.67000000,62.78300000,21.47
1749267839,21.68000000,32.21900000,21.47
1749267839,21.69000000,0.35000000,21.47
1749267839,21.70000000,17.82700000,21.47
1749267839,21.71000000,0.26900000,21.47
1749267839,21.72000000,36.29000000,21.47
1749267839,21.74000000,1.16800000,21.47
1749267839,21.75000000,0.95800000,21.47
1749267839,21.76000000,0.76900000,21.47
1749267839,21.77000000,0.33600000,21.47
1749267839,21.78000000,11.79700000,21.47
1749267839,21.79000000,0.52900000,21.47
1749267839,21.80000000,27.74600000,21.47
1749267839,21.81000000,14.13500000,21.47
1749267839,21.82000000,4.59000000,21.47
1749267839,21.83000000,11.58100000,21.47
1749267839,21.84000000,0.45800000,21.47
1749267839,21.85000000,1.07400000,21.47
1749267839,21.92000000,0.52400000,21.47
1749267839,21.93000000,15.35900000,21.47
1749267839,21.96000000,0.23100000,21.47
1749267839,21.97000000,1.23200000,21.47
1749267839,21.98000000,0.28200000,21.47
1749267839,21.99000000,15.28000000,21.47
1749267839,22.00000000,182.86500000,21.47
1749267839,22.01000000,0.85500000,21.47
1749267839,22.02000000,45.91800000,21.47
1749267839,22.03000000,1.57400000,21.47
1749267839,22.04000000,11.20600000,21.47
1749267839,22.08000000,5.48100000,21.47
1749267839,22.09000000,4.88000000,21.47
1749267839,22.10000000,0.49900000,21.47
1749267839,22.12000000,0.27400000,21.47
1749267839,22.14000000,4.41000000,21.47
1749267839,22.15000000,2.37700000,21.47
1749267839,22.16000000,0.36900000,21.47
1749267839,22.18000000,0.95800000,21.47
1749267839,22.20000000,1.14100000,21.47
1749267839,22.21000000,0.37600000,21.47
1749267839,22.22000000,0.65000000,21.47
1749267839,22.23000000,5.06000000,21.47
1749267839,22.24000000,5.94300000,21.47
1749267839,22.25000000,1.24600000,21.47
1749267839,22.26000000,0.89800000,21.47
1749267839,22.27000000,0.99500000,21.47
1749267839,22.28000000,4.53300000,21.47
1749267839,22.30000000,1.07000000,21.47
1749267839,22.32000000,0.65000000,21.47
1749267839,22.36000000,1.03500000,21.47
1749267839,22.37000000,0.62000000,21.47
1749267839,22.38000000,0.89400000,21.47
1749267839,22.40000000,1.45700000,21.47
1749267839,22.41000000,0.77100000,21.47
1749267839,22.42000000,1.20600000,21.47
1749267839,22.43000000,1.57400000,21.47
1749267839,22.44000000,0.33000000,21.47
1749267839,22.45000000,0.72900000,21.47
1749267839,22.46000000,43.18900000,21.47
1749267839,22.47000000,0.24900000,21.47
1749267839,22.48000000,0.29900000,21.47
1749267839,22.50000000,0.95200000,21.47
1749267839,22.52000000,6.51100000,21.47
1749267839,22.54000000,4.86200000,21.47
1749267839,22.55000000,1.00000000,21.47
1749267839,22.56000000,0.55400000,21.47
1749267839,22.57000000,0.39400000,21.47
1749267839,22.59000000,2.99700000,21.47
1749267839,22.62000000,1.39000000,21.47
1749267839,22.63000000,0.95800000,21.47
1749267839,22.64000000,0.28200000,21.47
1749267839,22.65000000,7.10600000,21.47
1749267839,22.66000000,1.62400000,21.47
1749267839,22.68000000,0.22300000,21.47
1749267839,22.69000000,3.99200000,21.47
1749267839,22.70000000,0.85900000,21.47
1749267839,22.72000000,0.92400000,21.47
1749267839,22.73000000,0.32500000,21.47
1749267839,22.76000000,0.26400000,21.47
1749267839,22.77000000,0.48700000,21.47
1749267839,22.79000000,3.33500000,21.47
1749267839,22.80000000,0.44400000,21.47
1749268140,21.48000000,61.35000000,21.49
1749268140,21.49000000,87.72400000,21.49
1749268140,21.50000000,361.15700000,21.49
1749268140,21.51000000,714.18500000,21.49
1749268140,21.52000000,61.83700000,21.49
1749268140,21.53000000,50.95100000,21.49
1749268140,21.54000000,137.48900000,21.49
1749268140,21.55000000,40.68800000,21.49
1749268140,21.56000000,279.93200000,21.49
1749268140,21.57000000,45.85200000,21.49
1749268140,21.58000000,89.40900000,21.49
1749268140,21.59000000,128.43900000,21.49
1749268140,21.60000000,11.15100000,21.49
1749268140,21.61000000,34.26700000,21.49
