timestamp,price,volume,current_price
1749254689,14.80000000,8.95100000,14.78
1749254689,14.81000000,18.57500000,14.78
1749254689,14.82000000,37.96200000,14.78
1749254689,14.83000000,46.25200000,14.78
1749254689,14.84000000,285.69800000,14.78
1749254689,14.85000000,11.81100000,14.78
1749254689,14.86000000,53.65000000,14.78
1749254689,14.87000000,124.46800000,14.78
1749254689,14.88000000,411.28700000,14.78
1749254689,14.89000000,31.22600000,14.78
1749254689,14.90000000,466.71900000,14.78
1749254689,14.91000000,57.47700000,14.78
1749254689,14.92000000,55.00300000,14.78
1749254689,14.93000000,5.03500000,14.78
1749254689,14.94000000,25.77600000,14.78
1749254689,14.95000000,5.10100000,14.78
1749254689,14.96000000,2.15400000,14.78
1749254689,14.97000000,16.69400000,14.78
1749254689,14.98000000,1.80700000,14.78
1749254689,15.00000000,74.02100000,14.78
1749254689,15.01000000,17.04000000,14.78
1749254689,15.03000000,4.00000000,14.78
1749254689,15.04000000,56.51000000,14.78
1749254689,15.05000000,3.62100000,14.78
1749254689,15.06000000,10.60900000,14.78
1749254689,15.07000000,185.07900000,14.78
1749254689,15.08000000,37.26300000,14.78
1749254689,15.09000000,16.72100000,14.78
1749254689,15.11000000,0.82000000,14.78
1749254689,15.13000000,3.33700000,14.78
1749254689,15.14000000,4.71700000,14.78
1749254689,15.15000000,16.88600000,14.78
1749254689,15.16000000,32.90900000,14.78
1749254689,15.18000000,65.34500000,14.78
1749254689,15.20000000,969.07100000,14.78
1749254689,15.21000000,294.44700000,14.78
1749254689,15.23000000,419.43100000,14.78
1749254689,15.24000000,0.81300000,14.78
1749254689,15.25000000,5.01700000,14.78
1749254689,15.26000000,422.75100000,14.78
1749254689,15.27000000,0.39400000,14.78
1749254689,15.29000000,4.56400000,14.78
1749254689,15.31000000,103.67300000,14.78
1749254689,15.33000000,5.46800000,14.78
1749254689,15.34000000,0.80800000,14.78
1749254689,15.35000000,23.96900000,14.78
1749254689,15.37000000,0.63100000,14.78
1749254689,15.39000000,1.96200000,14.78
1749254689,15.40000000,381.50400000,14.78
1749254689,15.42000000,6.01400000,14.78
1749254689,15.43000000,1.85100000,14.78
1749254689,15.44000000,67.71900000,14.78
1749254689,15.45000000,0.36000000,14.78
1749254689,15.50000000,5.41300000,14.78
1749254689,15.52000000,1.39600000,14.78
1749254689,15.53000000,1.56600000,14.78
1749254689,15.54000000,0.79700000,14.78
1749254689,15.55000000,32.89700000,14.78
1749254689,15.56000000,375.64300000,14.78
1749254689,15.58000000,9.56400000,14.78
1749254689,15.59000000,9.19400000,14.78
1749254689,15.60000000,0.63100000,14.78
1749254689,15.64000000,0.79200000,14.78
1749254689,15.66000000,2.42300000,14.78
1749254689,15.67000000,33.08800000,14.78
1749254689,15.68000000,13.29600000,14.78
1749254689,15.70000000,3.28700000,14.78
1749254689,15.72000000,55.86900000,14.78
1749254689,15.73000000,1.00000000,14.78
1749254689,15.75000000,30.78700000,14.78
1749254689,15.76000000,4.85500000,14.78
1749254689,15.77000000,1.30000000,14.78
1749254689,15.78000000,11.60700000,14.78
1749254689,15.80000000,16.83300000,14.78
1749254689,15.81000000,11.60700000,14.78
1749254689,15.83000000,0.87100000,14.78
1749254689,15.84000000,84.00000000,14.78
1749254689,15.85000000,46.09800000,14.78
1749254689,15.86000000,0.78100000,14.78
1749254689,15.87000000,11.60700000,14.78
1749254689,15.88000000,9.56400000,14.78
1749254689,15.89000000,3.41000000,14.78
1749254689,15.90000000,12.60700000,14.78
1749254689,15.93000000,31.00000000,14.78
1749254689,15.94000000,5.87200000,14.78
1749254689,15.97000000,0.77600000,14.78
1749254689,15.98000000,7.10100000,14.78
1749254689,16.00000000,182.19300000,14.78
1749254689,16.01000000,7.37300000,14.78
1749254689,16.03000000,4.77300000,14.78
1749254689,16.04000000,0.58900000,14.78
1749254689,16.05000000,37.18800000,14.78
1749254689,16.06000000,0.37300000,14.78
1749254689,16.08000000,0.77100000,14.78
1749254689,16.09000000,0.63100000,14.78
1749254689,16.10000000,1.00000000,14.78
1749254689,16.11000000,6.40700000,14.78
1749254689,16.14000000,33.47800000,14.78
1749254689,16.15000000,33.04000000,14.78
1749254689,16.17000000,4.56400000,14.78
1749255014,14.83000000,21.15900000,14.83
1749255014,14.84000000,14.18800000,14.83
1749255014,14.85000000,14.67600000,14.83
1749255014,14.86000000,35.36000000,14.83
1749255014,14.87000000,70.34900000,14.83
1749255014,14.88000000,38.41200000,14.83
1749255014,14.89000000,402.11700000,14.83
1749255014,14.90000000,65.64000000,14.83
1749255014,14.91000000,404.23900000,14.83
1749255014,14.92000000,58.36400000,14.83
1749255014,14.93000000,458.87900000,14.83
1749255014,14.94000000,5.90700000,14.83
1749255014,14.95000000,2.79900000,14.83
1749255014,14.96000000,1.42100000,14.83
1749255014,14.97000000,36.99400000,14.83
1749255014,14.98000000,6.89800000,14.83
1749255014,14.99000000,0.71000000,14.83
1749255014,15.00000000,74.02100000,14.83
1749255014,15.01000000,17.04000000,14.83
1749255014,15.03000000,4.00000000,14.83
1749255014,15.04000000,52.99700000,14.83
1749255014,15.05000000,7.13400000,14.83
1749255014,15.06000000,10.60900000,14.83
1749255014,15.07000000,185.07900000,14.83
1749255014,15.08000000,37.26300000,14.83
1749255014,15.09000000,16.72100000,14.83
1749255014,15.11000000,0.82000000,14.83
1749255014,15.14000000,4.78700000,14.83
1749255014,15.15000000,20.15300000,14.83
1749255014,15.16000000,16.26100000,14.83
1749255014,15.17000000,90.82100000,14.83
1749255014,15.18000000,65.34500000,14.83
1749255014,15.20000000,985.71900000,14.83
1749255014,15.21000000,294.44700000,14.83
1749255014,15.23000000,419.43100000,14.83
1749255014,15.24000000,0.81300000,14.83
1749255014,15.25000000,5.01700000,14.83
1749255014,15.26000000,422.75100000,14.83
1749255014,15.27000000,0.39400000,14.83
1749255014,15.29000000,4.56400000,14.83
1749255014,15.31000000,103.67300000,14.83
1749255014,15.33000000,5.46800000,14.83
1749255014,15.34000000,0.80800000,14.83
1749255014,15.35000000,23.96900000,14.83
1749255014,15.37000000,0.63100000,14.83
1749255014,15.39000000,1.96200000,14.83
1749255014,15.40000000,381.50400000,14.83
1749255014,15.42000000,6.01400000,14.83
1749255014,15.43000000,1.85100000,14.83
1749255014,15.44000000,67.71900000,14.83
1749255014,15.45000000,0.36000000,14.83
1749255014,15.50000000,5.41300000,14.83
1749255014,15.52000000,1.39600000,14.83
1749255014,15.53000000,376.13700000,14.83
1749255014,15.54000000,0.79700000,14.83
1749255014,15.55000000,32.89700000,14.83
1749255014,15.56000000,1.07200000,14.83
1749255014,15.58000000,9.56400000,14.83
1749255014,15.59000000,9.19400000,14.83
1749255014,15.60000000,0.63100000,14.83
1749255014,15.61000000,79.63800000,14.83
1749255014,15.64000000,0.79200000,14.83
1749255014,15.66000000,2.42300000,14.83
1749255014,15.67000000,33.08800000,14.83
1749255014,15.68000000,13.29600000,14.83
1749255014,15.70000000,3.28700000,14.83
1749255014,15.72000000,55.86900000,14.83
1749255014,15.73000000,1.00000000,14.83
1749255014,15.75000000,30.78700000,14.83
1749255014,15.76000000,4.85500000,14.83
1749255014,15.77000000,1.30000000,14.83
1749255014,15.78000000,11.60700000,14.83
1749255014,15.80000000,16.83300000,14.83
1749255014,15.81000000,11.60700000,14.83
1749255014,15.83000000,0.87100000,14.83
1749255014,15.84000000,84.00000000,14.83
1749255014,15.85000000,46.09800000,14.83
1749255014,15.86000000,0.78100000,14.83
1749255014,15.87000000,11.60700000,14.83
1749255014,15.88000000,9.56400000,14.83
1749255014,15.89000000,3.41000000,14.83
1749255014,15.90000000,12.60700000,14.83
1749255014,15.93000000,31.00000000,14.83
1749255014,15.94000000,5.87200000,14.83
1749255014,15.97000000,0.77600000,14.83
1749255014,15.98000000,7.10100000,14.83
1749255014,16.00000000,182.19300000,14.83
1749255014,16.01000000,7.37300000,14.83
1749255014,16.03000000,4.77300000,14.83
1749255014,16.04000000,0.58900000,14.83
1749255014,16.05000000,37.18800000,14.83
1749255014,16.06000000,0.37300000,14.83
1749255014,16.08000000,0.77100000,14.83
1749255014,16.09000000,0.63100000,14.83
1749255014,16.10000000,1.00000000,14.83
1749255014,16.11000000,6.40700000,14.83
1749255014,16.14000000,33.47800000,14.83
1749255014,16.15000000,33.04000000,14.83
1749255014,16.17000000,4.56400000,14.83
1749255014,16.19000000,5.49100000,14.83
