timestamp,price,volume,current_price
1749260833,14.96000000,7.35700000,14.95
1749260833,14.97000000,19.37500000,14.95
1749260833,14.98000000,32.43000000,14.95
1749260833,14.99000000,33.43100000,14.95
1749260833,15.00000000,56.68900000,14.95
1749260833,15.01000000,38.61100000,14.95
1749260833,15.02000000,355.86600000,14.95
1749260833,15.03000000,18.61600000,14.95
1749260833,15.04000000,403.43100000,14.95
1749260833,15.05000000,54.24100000,14.95
1749260833,15.06000000,16.09600000,14.95
1749260833,15.07000000,4.42200000,14.95
1749260833,15.08000000,65.85500000,14.95
1749260833,15.09000000,16.72100000,14.95
1749260833,15.10000000,20.30000000,14.95
1749260833,15.11000000,17.36300000,14.95
1749260833,15.12000000,0.71600000,14.95
1749260833,15.14000000,70.08000000,14.95
1749260833,15.15000000,20.39900000,14.95
1749260833,15.16000000,16.26100000,14.95
1749260833,15.17000000,23.38300000,14.95
1749260833,15.18000000,4.69300000,14.95
1749260833,15.20000000,7.06100000,14.95
1749260833,15.21000000,237.25200000,14.95
1749260833,15.23000000,19.74200000,14.95
1749260833,15.24000000,15.69200000,14.95
1749260833,15.25000000,5.01700000,14.95
1749260833,15.26000000,0.37500000,14.95
1749260833,15.27000000,0.39400000,14.95
1749260833,15.29000000,11.38000000,14.95
1749260833,15.30000000,32.47200000,14.95
1749260833,15.32000000,64.27300000,14.95
1749260833,15.33000000,424.89900000,14.95
1749260833,15.34000000,848.06200000,14.95
1749260833,15.35000000,23.96900000,14.95
1749260833,15.37000000,0.63100000,14.95
1749260833,15.39000000,424.33800000,14.95
1749260833,15.42000000,6.01400000,14.95
1749260833,15.43000000,40.14800000,14.95
1749260833,15.44000000,1.54500000,14.95
1749260833,15.45000000,64.89000000,14.95
1749260833,15.50000000,5.41300000,14.95
1749260833,15.52000000,380.26900000,14.95
1749260833,15.53000000,1.56600000,14.95
1749260833,15.54000000,0.79700000,14.95
1749260833,15.55000000,32.89700000,14.95
1749260833,15.56000000,1.07200000,14.95
1749260833,15.58000000,75.73800000,14.95
1749260833,15.59000000,9.19400000,14.95
1749260833,15.60000000,0.63100000,14.95
1749260833,15.61000000,79.63800000,14.95
1749260833,15.64000000,0.79200000,14.95
1749260833,15.66000000,2.42300000,14.95
1749260833,15.67000000,33.08800000,14.95
1749260833,15.68000000,13.29600000,14.95
1749260833,15.69000000,374.57100000,14.95
1749260833,15.70000000,3.28700000,14.95
1749260833,15.72000000,55.86900000,14.95
1749260833,15.73000000,1.00000000,14.95
1749260833,15.75000000,30.78700000,14.95
1749260833,15.76000000,4.85500000,14.95
1749260833,15.77000000,1.30000000,14.95
1749260833,15.78000000,11.60700000,14.95
1749260833,15.80000000,16.83300000,14.95
1749260833,15.81000000,11.60700000,14.95
1749260833,15.83000000,0.87100000,14.95
1749260833,15.84000000,12.23800000,14.95
1749260833,15.85000000,46.09800000,14.95
1749260833,15.86000000,0.78100000,14.95
1749260833,15.87000000,11.60700000,14.95
1749260833,15.88000000,9.56400000,14.95
1749260833,15.89000000,3.41000000,14.95
1749260833,15.90000000,12.60700000,14.95
1749260833,15.93000000,31.00000000,14.95
1749260833,15.94000000,5.87200000,14.95
1749260833,15.97000000,70.98800000,14.95
1749260833,15.98000000,7.10100000,14.95
1749260833,16.00000000,182.19300000,14.95
1749260833,16.01000000,7.37300000,14.95
1749260833,16.03000000,4.77300000,14.95
1749260833,16.04000000,99.26900000,14.95
1749260833,16.05000000,37.18800000,14.95
1749260833,16.06000000,0.37300000,14.95
1749260833,16.08000000,0.77100000,14.95
1749260833,16.09000000,0.63100000,14.95
1749260833,16.10000000,1.00000000,14.95
1749260833,16.11000000,6.40700000,14.95
1749260833,16.14000000,33.47800000,14.95
1749260833,16.15000000,33.04000000,14.95
1749260833,16.16000000,377.13800000,14.95
1749260833,16.17000000,4.56400000,14.95
1749260833,16.19000000,5.49100000,14.95
1749260833,16.20000000,48.02900000,14.95
1749260833,16.22000000,1.25600000,14.95
1749260833,16.23000000,2.89700000,14.95
1749260833,16.25000000,10.00000000,14.95
1749260833,16.27000000,27.15100000,14.95
1749260833,16.28000000,75.84600000,14.95
1749260833,16.29000000,18.27900000,14.95
1749260833,16.30000000,32.48700000,14.95
1749261159,14.96000000,5.17200000,14.93
1749261159,14.97000000,19.99200000,14.93
1749261159,14.98000000,32.43000000,14.93
1749261159,14.99000000,33.43100000,14.93
1749261159,15.00000000,65.17300000,14.93
1749261159,15.01000000,33.63600000,14.93
1749261159,15.02000000,93.86600000,14.93
1749261159,15.03000000,280.57300000,14.93
1749261159,15.04000000,145.09200000,14.93
1749261159,15.05000000,312.52600000,14.93
1749261159,15.06000000,3.88000000,14.93
1749261159,15.07000000,16.63500000,14.93
1749261159,15.08000000,15.98000000,14.93
1749261159,15.09000000,16.72100000,14.93
1749261159,15.10000000,20.30000000,14.93
1749261159,15.11000000,6.02100000,14.93
1749261159,15.12000000,66.40100000,14.93
1749261159,15.13000000,5.21100000,14.93
1749261159,15.14000000,70.08000000,14.93
1749261159,15.15000000,20.39900000,14.93
1749261159,15.16000000,16.26100000,14.93
1749261159,15.17000000,3.54800000,14.93
1749261159,15.18000000,4.69300000,14.93
1749261159,15.19000000,19.81800000,14.93
1749261159,15.20000000,7.06100000,14.93
1749261159,15.21000000,237.25200000,14.93
1749261159,15.23000000,3.33700000,14.93
1749261159,15.24000000,4.08000000,14.93
1749261159,15.25000000,21.40600000,14.93
1749261159,15.26000000,0.37500000,14.93
1749261159,15.27000000,0.39400000,14.93
1749261159,15.28000000,11.61200000,14.93
1749261159,15.29000000,11.38000000,14.93
1749261159,15.30000000,32.47200000,14.93
1749261159,15.32000000,64.27300000,14.93
1749261159,15.33000000,424.89900000,14.93
1749261159,15.34000000,848.06200000,14.93
1749261159,15.35000000,424.11600000,14.93
1749261159,15.37000000,0.63100000,14.93
1749261159,15.39000000,424.33800000,14.93
1749261159,15.42000000,6.01400000,14.93
1749261159,15.43000000,40.14800000,14.93
1749261159,15.44000000,1.54500000,14.93
1749261159,15.45000000,64.89000000,14.93
1749261159,15.50000000,5.41300000,14.93
1749261159,15.52000000,1.39600000,14.93
1749261159,15.53000000,1.56600000,14.93
1749261159,15.54000000,0.79700000,14.93
1749261159,15.55000000,411.77000000,14.93
1749261159,15.56000000,1.07200000,14.93
1749261159,15.58000000,75.73800000,14.93
1749261159,15.59000000,9.19400000,14.93
1749261159,15.60000000,0.63100000,14.93
1749261159,15.61000000,79.63800000,14.93
1749261159,15.64000000,0.79200000,14.93
1749261159,15.66000000,2.42300000,14.93
1749261159,15.67000000,33.08800000,14.93
1749261159,15.68000000,13.29600000,14.93
1749261159,15.70000000,377.85800000,14.93
1749261159,15.72000000,55.86900000,14.93
1749261159,15.73000000,1.00000000,14.93
1749261159,15.75000000,30.78700000,14.93
1749261159,15.76000000,4.85500000,14.93
1749261159,15.77000000,1.30000000,14.93
1749261159,15.78000000,11.60700000,14.93
1749261159,15.80000000,16.83300000,14.93
1749261159,15.81000000,11.60700000,14.93
1749261159,15.83000000,0.87100000,14.93
1749261159,15.84000000,12.23800000,14.93
1749261159,15.85000000,46.09800000,14.93
1749261159,15.86000000,0.78100000,14.93
1749261159,15.87000000,11.60700000,14.93
1749261159,15.88000000,9.56400000,14.93
1749261159,15.89000000,3.41000000,14.93
1749261159,15.90000000,12.60700000,14.93
1749261159,15.93000000,31.00000000,14.93
1749261159,15.94000000,5.87200000,14.93
1749261159,15.97000000,70.98800000,14.93
1749261159,15.98000000,7.10100000,14.93
1749261159,16.00000000,182.19300000,14.93
1749261159,16.01000000,7.37300000,14.93
1749261159,16.03000000,4.77300000,14.93
1749261159,16.04000000,99.26900000,14.93
1749261159,16.05000000,37.18800000,14.93
1749261159,16.06000000,0.37300000,14.93
1749261159,16.08000000,0.77100000,14.93
1749261159,16.09000000,0.63100000,14.93
1749261159,16.10000000,1.00000000,14.93
1749261159,16.11000000,6.40700000,14.93
1749261159,16.14000000,33.47800000,14.93
1749261159,16.15000000,33.04000000,14.93
1749261159,16.17000000,4.56400000,14.93
1749261159,16.19000000,5.49100000,14.93
1749261159,16.20000000,48.02900000,14.93
1749261159,16.22000000,1.25600000,14.93
1749261159,16.23000000,2.89700000,14.93
1749261159,16.25000000,10.00000000,14.93
1749261159,16.27000000,27.15100000,14.93
1749261159,16.28000000,75.84600000,14.93
1749261159,16.29000000,18.27900000,14.93
1749261474,14.95000000,7.82700000,14.92
1749261474,14.96000000,9.16800000,14.92
1749261474,14.97000000,15.99600000,14.92
1749261474,14.98000000,36.30700000,14.92
1749261474,14.99000000,34.45700000,14.92
1749261474,15.00000000,61.08100000,14.92
1749261474,15.01000000,378.60200000,14.92
1749261474,15.02000000,98.27700000,14.92
1749261474,15.03000000,271.43000000,14.92
1749261474,15.04000000,116.80100000,14.92
1749261474,15.05000000,12.21900000,14.92
1749261474,15.06000000,3.88000000,14.92
1749261474,15.07000000,4.42200000,14.92
1749261474,15.08000000,65.85500000,14.92
1749261474,15.09000000,37.02100000,14.92
1749261474,15.11000000,6.02100000,14.92
1749261474,15.12000000,16.52600000,14.92
1749261474,15.13000000,5.21100000,14.92
1749261474,15.14000000,73.70100000,14.92
1749261474,15.15000000,23.76000000,14.92
1749261474,15.16000000,16.26100000,14.92
1749261474,15.17000000,3.54800000,14.92
1749261474,15.18000000,1.07200000,14.92
1749261474,15.19000000,16.45700000,14.92
1749261474,15.20000000,7.06100000,14.92
1749261474,15.21000000,237.25200000,14.92
1749261474,15.23000000,3.33700000,14.92
1749261474,15.24000000,4.08000000,14.92
1749261474,15.25000000,21.40600000,14.92
1749261474,15.26000000,0.37500000,14.92
1749261474,15.27000000,0.39400000,14.92
1749261474,15.28000000,11.61200000,14.92
1749261474,15.29000000,11.38000000,14.92
1749261474,15.30000000,16.64800000,14.92
1749261474,15.31000000,15.35600000,14.92
1749261474,15.32000000,64.27300000,14.92
1749261474,15.33000000,719.34600000,14.92
1749261474,15.34000000,553.61500000,14.92
1749261474,15.35000000,424.11600000,14.92
1749261474,15.37000000,0.63100000,14.92
1749261474,15.38000000,422.37600000,14.92
1749261474,15.39000000,1.96200000,14.92
1749261474,15.42000000,6.01400000,14.92
1749261474,15.43000000,40.14800000,14.92
1749261474,15.44000000,1.54500000,14.92
1749261474,15.45000000,64.89000000,14.92
1749261474,15.50000000,5.41300000,14.92
1749261474,15.52000000,1.39600000,14.92
1749261474,15.53000000,1.56600000,14.92
1749261474,15.54000000,0.79700000,14.92
1749261474,15.55000000,411.77000000,14.92
1749261474,15.56000000,1.07200000,14.92
1749261474,15.58000000,75.73800000,14.92
1749261474,15.59000000,9.19400000,14.92
1749261474,15.60000000,0.63100000,14.92
1749261474,15.64000000,0.79200000,14.92
1749261474,15.66000000,2.42300000,14.92
1749261474,15.67000000,33.08800000,14.92
1749261474,15.68000000,13.29600000,14.92
1749261474,15.70000000,377.85800000,14.92
1749261474,15.72000000,55.86900000,14.92
1749261474,15.73000000,1.00000000,14.92
1749261474,15.75000000,30.78700000,14.92
1749261474,15.76000000,4.85500000,14.92
1749261474,15.77000000,1.30000000,14.92
1749261474,15.78000000,11.60700000,14.92
1749261474,15.80000000,16.83300000,14.92
1749261474,15.81000000,11.60700000,14.92
1749261474,15.83000000,0.87100000,14.92
1749261474,15.84000000,12.23800000,14.92
1749261474,15.85000000,46.09800000,14.92
1749261474,15.86000000,0.78100000,14.92
1749261474,15.87000000,11.60700000,14.92
1749261474,15.88000000,9.56400000,14.92
1749261474,15.89000000,3.41000000,14.92
1749261474,15.90000000,12.60700000,14.92
1749261474,15.93000000,31.00000000,14.92
1749261474,15.94000000,5.87200000,14.92
1749261474,15.97000000,70.98800000,14.92
1749261474,15.98000000,7.10100000,14.92
1749261474,16.00000000,182.19300000,14.92
1749261474,16.01000000,7.37300000,14.92
1749261474,16.03000000,4.77300000,14.92
1749261474,16.04000000,99.26900000,14.92
1749261474,16.05000000,37.18800000,14.92
1749261474,16.06000000,0.37300000,14.92
1749261474,16.08000000,0.77100000,14.92
1749261474,16.09000000,0.63100000,14.92
1749261474,16.10000000,1.00000000,14.92
1749261474,16.11000000,6.40700000,14.92
1749261474,16.14000000,33.47800000,14.92
1749261474,16.15000000,33.04000000,14.92
1749261474,16.17000000,4.56400000,14.92
1749261474,16.19000000,5.49100000,14.92
1749261474,16.20000000,48.02900000,14.92
1749261474,16.22000000,1.25600000,14.92
1749261474,16.23000000,2.89700000,14.92
1749261474,16.25000000,10.00000000,14.92
1749261474,16.27000000,27.15100000,14.92
1749261474,16.28000000,75.84600000,14.92
1749261780,14.93000000,7.49300000,14.9
1749261780,14.94000000,30.59400000,14.9
1749261780,14.95000000,36.28000000,14.9
1749261780,14.96000000,287.07800000,14.9
1749261780,14.97000000,41.45100000,14.9
1749261780,14.98000000,19.46700000,14.9
1749261780,14.99000000,127.20600000,14.9
1749261780,15.00000000,71.66700000,14.9
1749261780,15.01000000,82.94100000,14.9
1749261780,15.02000000,5.26500000,14.9
1749261780,15.03000000,316.70700000,14.9
1749261780,15.04000000,4.74500000,14.9
1749261780,15.05000000,12.21900000,14.9
1749261780,15.06000000,3.88000000,14.9
1749261780,15.07000000,24.72200000,14.9
1749261780,15.08000000,65.85500000,14.9
1749261780,15.09000000,17.44900000,14.9
1749261780,15.11000000,9.38200000,14.9
1749261780,15.12000000,16.52600000,14.9
1749261780,15.14000000,73.70100000,14.9
1749261780,15.15000000,20.39900000,14.9
1749261780,15.16000000,16.26100000,14.9
1749261780,15.18000000,1.07200000,14.9
1749261780,15.19000000,16.45700000,14.9
1749261780,15.20000000,7.06100000,14.9
1749261780,15.21000000,185.07900000,14.9
1749261780,15.23000000,3.33700000,14.9
1749261780,15.24000000,15.69200000,14.9
1749261780,15.25000000,21.40600000,14.9
1749261780,15.26000000,0.37500000,14.9
1749261780,15.27000000,0.39400000,14.9
1749261780,15.29000000,4.56400000,14.9
1749261780,15.30000000,77.18800000,14.9
1749261780,15.31000000,15.35600000,14.9
1749261780,15.32000000,67.82100000,14.9
1749261780,15.33000000,852.72200000,14.9
1749261780,15.34000000,420.23900000,14.9
1749261780,15.35000000,424.11600000,14.9
1749261780,15.37000000,0.63100000,14.9
1749261780,15.38000000,422.37600000,14.9
1749261780,15.39000000,1.96200000,14.9
1749261780,15.42000000,6.01400000,14.9
1749261780,15.43000000,40.14800000,14.9
1749261780,15.44000000,1.54500000,14.9
1749261780,15.45000000,64.89000000,14.9
1749261780,15.50000000,5.41300000,14.9
1749261780,15.51000000,378.87300000,14.9
1749261780,15.52000000,1.39600000,14.9
1749261780,15.53000000,1.56600000,14.9
1749261780,15.54000000,0.79700000,14.9
1749261780,15.55000000,32.89700000,14.9
1749261780,15.56000000,1.07200000,14.9
1749261780,15.58000000,75.73800000,14.9
1749261780,15.59000000,9.19400000,14.9
1749261780,15.60000000,0.63100000,14.9
1749261780,15.64000000,0.79200000,14.9
1749261780,15.66000000,2.42300000,14.9
1749261780,15.67000000,33.08800000,14.9
1749261780,15.68000000,13.29600000,14.9
1749261780,15.70000000,377.85800000,14.9
1749261780,15.72000000,55.86900000,14.9
1749261780,15.73000000,1.00000000,14.9
1749261780,15.75000000,30.78700000,14.9
1749261780,15.76000000,4.85500000,14.9
1749261780,15.77000000,1.30000000,14.9
1749261780,15.78000000,11.60700000,14.9
1749261780,15.80000000,16.83300000,14.9
1749261780,15.81000000,11.60700000,14.9
1749261780,15.83000000,0.87100000,14.9
1749261780,15.84000000,12.23800000,14.9
1749261780,15.85000000,46.09800000,14.9
1749261780,15.86000000,0.78100000,14.9
1749261780,15.87000000,11.60700000,14.9
1749261780,15.88000000,9.56400000,14.9
1749261780,15.89000000,3.41000000,14.9
1749261780,15.90000000,12.60700000,14.9
1749261780,15.93000000,31.00000000,14.9
1749261780,15.94000000,5.87200000,14.9
1749261780,15.97000000,70.98800000,14.9
1749261780,15.98000000,7.10100000,14.9
1749261780,16.00000000,182.19300000,14.9
1749261780,16.01000000,7.37300000,14.9
1749261780,16.03000000,4.77300000,14.9
1749261780,16.04000000,99.26900000,14.9
1749261780,16.05000000,37.18800000,14.9
1749261780,16.06000000,0.37300000,14.9
1749261780,16.08000000,0.77100000,14.9
1749261780,16.09000000,0.63100000,14.9
1749261780,16.10000000,1.00000000,14.9
1749261780,16.11000000,6.40700000,14.9
1749261780,16.14000000,33.47800000,14.9
1749261780,16.15000000,33.04000000,14.9
1749261780,16.17000000,4.56400000,14.9
1749261780,16.19000000,5.49100000,14.9
1749261780,16.20000000,48.02900000,14.9
1749261780,16.22000000,1.25600000,14.9
1749261780,16.23000000,2.89700000,14.9
1749261780,16.25000000,10.00000000,14.9
1749261780,16.27000000,27.15100000,14.9
1749261780,16.28000000,75.84600000,14.9
1749262083,14.92000000,28.94500000,14.89
1749262083,14.93000000,21.61000000,14.89
1749262083,14.94000000,52.71100000,14.89
1749262083,14.95000000,39.42100000,14.89
1749262083,14.96000000,300.35200000,14.89
1749262083,14.97000000,302.02100000,14.89
1749262083,14.98000000,95.41800000,14.89
1749262083,14.99000000,24.80800000,14.89
1749262083,15.00000000,120.40100000,14.89
1749262083,15.01000000,86.84700000,14.89
1749262083,15.02000000,5.26500000,14.89
1749262083,15.03000000,9.01000000,14.89
1749262083,15.04000000,56.02900000,14.89
1749262083,15.05000000,6.41500000,14.89
1749262083,15.06000000,24.18000000,14.89
1749262083,15.08000000,27.55800000,14.89
1749262083,15.09000000,16.72100000,14.89
1749262083,15.11000000,7.69400000,14.89
1749262083,15.14000000,90.20200000,14.89
1749262083,15.15000000,16.88600000,14.89
1749262083,15.16000000,16.26100000,14.89
1749262083,15.18000000,1.07200000,14.89
1749262083,15.19000000,3.33700000,14.89
1749262083,15.20000000,13.87600000,14.89
1749262083,15.21000000,201.51100000,14.89
1749262083,15.24000000,12.42500000,14.89
1749262083,15.25000000,5.01700000,14.89
1749262083,15.26000000,52.54800000,14.89
1749262083,15.27000000,0.39400000,14.89
1749262083,15.29000000,4.56400000,14.89
1749262083,15.30000000,77.18800000,14.89
1749262083,15.31000000,415.50300000,14.89
1749262083,15.32000000,64.27300000,14.89
1749262083,15.33000000,852.72200000,14.89
1749262083,15.34000000,420.23900000,14.89
1749262083,15.35000000,23.96900000,14.89
1749262083,15.37000000,0.63100000,14.89
1749262083,15.38000000,422.37600000,14.89
1749262083,15.39000000,1.96200000,14.89
1749262083,15.42000000,6.01400000,14.89
1749262083,15.43000000,40.14800000,14.89
1749262083,15.44000000,1.54500000,14.89
1749262083,15.45000000,64.89000000,14.89
1749262083,15.50000000,5.41300000,14.89
1749262083,15.51000000,378.87300000,14.89
1749262083,15.52000000,1.39600000,14.89
1749262083,15.53000000,1.56600000,14.89
1749262083,15.54000000,0.79700000,14.89
1749262083,15.55000000,32.89700000,14.89
1749262083,15.56000000,1.07200000,14.89
1749262083,15.58000000,75.73800000,14.89
1749262083,15.59000000,9.19400000,14.89
1749262083,15.60000000,0.63100000,14.89
1749262083,15.61000000,79.63800000,14.89
1749262083,15.64000000,0.79200000,14.89
1749262083,15.65000000,374.57100000,14.89
1749262083,15.66000000,2.42300000,14.89
1749262083,15.67000000,33.08800000,14.89
1749262083,15.68000000,13.29600000,14.89
1749262083,15.70000000,3.28700000,14.89
1749262083,15.72000000,55.86900000,14.89
1749262083,15.73000000,1.00000000,14.89
1749262083,15.75000000,30.78700000,14.89
1749262083,15.76000000,4.85500000,14.89
1749262083,15.77000000,1.30000000,14.89
1749262083,15.78000000,11.60700000,14.89
1749262083,15.80000000,16.83300000,14.89
1749262083,15.81000000,11.60700000,14.89
1749262083,15.83000000,0.87100000,14.89
1749262083,15.84000000,12.23800000,14.89
1749262083,15.85000000,46.09800000,14.89
1749262083,15.86000000,0.78100000,14.89
1749262083,15.87000000,11.60700000,14.89
1749262083,15.88000000,9.56400000,14.89
1749262083,15.89000000,3.41000000,14.89
1749262083,15.90000000,12.60700000,14.89
1749262083,15.93000000,31.00000000,14.89
1749262083,15.94000000,5.87200000,14.89
1749262083,15.97000000,70.98800000,14.89
1749262083,15.98000000,7.10100000,14.89
1749262083,16.00000000,182.19300000,14.89
1749262083,16.01000000,7.37300000,14.89
1749262083,16.03000000,4.77300000,14.89
1749262083,16.04000000,99.26900000,14.89
1749262083,16.05000000,37.18800000,14.89
1749262083,16.06000000,0.37300000,14.89
1749262083,16.08000000,0.77100000,14.89
1749262083,16.09000000,0.63100000,14.89
1749262083,16.10000000,1.00000000,14.89
1749262083,16.11000000,6.40700000,14.89
1749262083,16.14000000,33.47800000,14.89
1749262083,16.15000000,33.04000000,14.89
1749262083,16.17000000,4.56400000,14.89
1749262083,16.19000000,5.49100000,14.89
1749262083,16.20000000,48.02900000,14.89
1749262083,16.22000000,1.25600000,14.89
1749262083,16.23000000,2.89700000,14.89
1749262083,16.25000000,10.00000000,14.89
1749262083,16.27000000,27.15100000,14.89
1749262083,16.28000000,75.84600000,14.89
1749262389,14.92000000,5.27700000,14.91
1749262389,14.93000000,14.62900000,14.91
1749262389,14.94000000,56.71100000,14.91
1749262389,14.95000000,62.10500000,14.91
1749262389,14.96000000,3.39300000,14.91
1749262389,14.97000000,40.85900000,14.91
1749262389,14.98000000,381.93300000,14.91
1749262389,14.99000000,72.14100000,14.91
1749262389,15.00000000,403.67200000,14.91
1749262389,15.01000000,4.30000000,14.91
1749262389,15.02000000,5.26500000,14.91
1749262389,15.03000000,9.01000000,14.91
1749262389,15.04000000,7.21400000,14.91
1749262389,15.05000000,20.30000000,14.91
1749262389,15.07000000,5.99500000,14.91
1749262389,15.08000000,77.43300000,14.91
1749262389,15.09000000,16.72100000,14.91
1749262389,15.10000000,7.13400000,14.91
1749262389,15.11000000,0.82000000,14.91
1749262389,15.14000000,86.58100000,14.91
1749262389,15.15000000,16.88600000,14.91
1749262389,15.16000000,16.26100000,14.91
1749262389,15.17000000,3.36100000,14.91
1749262389,15.18000000,1.07200000,14.91
1749262389,15.19000000,3.33700000,14.91
1749262389,15.20000000,13.87600000,14.91
1749262389,15.21000000,201.51100000,14.91
1749262389,15.24000000,12.42500000,14.91
1749262389,15.25000000,5.01700000,14.91
1749262389,15.26000000,52.54800000,14.91
1749262389,15.27000000,15.13500000,14.91
1749262389,15.29000000,4.56400000,14.91
1749262389,15.30000000,791.06600000,14.91
1749262389,15.31000000,400.14700000,14.91
1749262389,15.32000000,64.27300000,14.91
1749262389,15.33000000,558.27500000,14.91
1749262389,15.34000000,0.80800000,14.91
1749262389,15.35000000,23.96900000,14.91
1749262389,15.36000000,422.37600000,14.91
1749262389,15.37000000,0.63100000,14.91
1749262389,15.39000000,1.96200000,14.91
1749262389,15.42000000,6.01400000,14.91
1749262389,15.43000000,40.14800000,14.91
1749262389,15.44000000,1.54500000,14.91
1749262389,15.45000000,64.89000000,14.91
1749262389,15.50000000,5.41300000,14.91
1749262389,15.51000000,378.87300000,14.91
1749262389,15.52000000,1.39600000,14.91
1749262389,15.53000000,1.56600000,14.91
1749262389,15.54000000,0.79700000,14.91
1749262389,15.55000000,32.89700000,14.91
1749262389,15.56000000,1.07200000,14.91
1749262389,15.58000000,75.73800000,14.91
1749262389,15.59000000,9.19400000,14.91
1749262389,15.60000000,0.63100000,14.91
1749262389,15.61000000,79.63800000,14.91
1749262389,15.64000000,0.79200000,14.91
1749262389,15.65000000,374.57100000,14.91
1749262389,15.66000000,2.42300000,14.91
1749262389,15.67000000,33.08800000,14.91
1749262389,15.68000000,13.29600000,14.91
1749262389,15.70000000,3.28700000,14.91
1749262389,15.72000000,55.86900000,14.91
1749262389,15.73000000,1.00000000,14.91
1749262389,15.75000000,30.78700000,14.91
1749262389,15.76000000,4.85500000,14.91
1749262389,15.77000000,1.30000000,14.91
1749262389,15.78000000,11.60700000,14.91
1749262389,15.80000000,16.83300000,14.91
1749262389,15.81000000,11.60700000,14.91
1749262389,15.83000000,0.87100000,14.91
1749262389,15.84000000,12.23800000,14.91
1749262389,15.85000000,46.09800000,14.91
1749262389,15.86000000,0.78100000,14.91
1749262389,15.87000000,11.60700000,14.91
1749262389,15.88000000,9.56400000,14.91
1749262389,15.89000000,3.41000000,14.91
1749262389,15.90000000,12.60700000,14.91
1749262389,15.93000000,31.00000000,14.91
1749262389,15.94000000,5.87200000,14.91
1749262389,15.97000000,70.98800000,14.91
1749262389,15.98000000,7.10100000,14.91
1749262389,16.00000000,182.19300000,14.91
1749262389,16.01000000,7.37300000,14.91
1749262389,16.03000000,4.77300000,14.91
1749262389,16.04000000,99.26900000,14.91
1749262389,16.05000000,37.18800000,14.91
1749262389,16.06000000,0.37300000,14.91
1749262389,16.08000000,0.77100000,14.91
1749262389,16.09000000,0.63100000,14.91
1749262389,16.10000000,1.00000000,14.91
1749262389,16.11000000,6.40700000,14.91
1749262389,16.14000000,33.47800000,14.91
1749262389,16.15000000,33.04000000,14.91
1749262389,16.17000000,4.56400000,14.91
1749262389,16.19000000,5.49100000,14.91
1749262389,16.20000000,48.02900000,14.91
1749262389,16.22000000,1.25600000,14.91
1749262389,16.23000000,2.89700000,14.91
1749262389,16.25000000,10.00000000,14.91
1749262692,14.92000000,17.66000000,14.9
1749262692,14.93000000,5.99400000,14.9
1749262692,14.94000000,26.52700000,14.9
1749262692,14.95000000,23.45500000,14.9
1749262692,14.96000000,47.97400000,14.9
1749262692,14.97000000,37.02600000,14.9
1749262692,14.98000000,122.48000000,14.9
1749262692,14.99000000,299.05900000,14.9
1749262692,15.00000000,202.94800000,14.9
1749262692,15.01000000,262.77000000,14.9
1749262692,15.02000000,5.26500000,14.9
1749262692,15.03000000,4.00000000,14.9
1749262692,15.04000000,6.15400000,14.9
1749262692,15.05000000,6.39500000,14.9
1749262692,15.07000000,25.29700000,14.9
1749262692,15.08000000,77.43300000,14.9
1749262692,15.09000000,17.44900000,14.9
1749262692,15.11000000,0.82000000,14.9
1749262692,15.14000000,93.71500000,14.9
1749262692,15.15000000,16.88600000,14.9
1749262692,15.16000000,16.26100000,14.9
1749262692,15.17000000,3.36100000,14.9
1749262692,15.18000000,1.07200000,14.9
1749262692,15.19000000,3.33700000,14.9
1749262692,15.20000000,13.87600000,14.9
1749262692,15.21000000,201.51100000,14.9
1749262692,15.24000000,12.42500000,14.9
1749262692,15.25000000,5.01700000,14.9
1749262692,15.26000000,52.54800000,14.9
1749262692,15.27000000,15.13500000,14.9
1749262692,15.29000000,4.56400000,14.9
1749262692,15.30000000,791.06600000,14.9
1749262692,15.31000000,952.95400000,14.9
1749262692,15.32000000,64.27300000,14.9
1749262692,15.33000000,5.46800000,14.9
1749262692,15.34000000,0.80800000,14.9
1749262692,15.35000000,23.96900000,14.9
1749262692,15.36000000,422.37600000,14.9
1749262692,15.37000000,0.63100000,14.9
1749262692,15.39000000,1.96200000,14.9
1749262692,15.42000000,6.01400000,14.9
1749262692,15.43000000,40.14800000,14.9
1749262692,15.44000000,1.54500000,14.9
1749262692,15.45000000,64.89000000,14.9
1749262692,15.50000000,5.41300000,14.9
1749262692,15.52000000,1.39600000,14.9
1749262692,15.53000000,380.43900000,14.9
1749262692,15.54000000,0.79700000,14.9
1749262692,15.55000000,32.89700000,14.9
1749262692,15.56000000,1.07200000,14.9
1749262692,15.58000000,75.73800000,14.9
1749262692,15.59000000,9.19400000,14.9
1749262692,15.60000000,0.63100000,14.9
1749262692,15.61000000,79.63800000,14.9
1749262692,15.64000000,0.79200000,14.9
1749262692,15.65000000,374.57100000,14.9
1749262692,15.66000000,2.42300000,14.9
1749262692,15.67000000,33.08800000,14.9
1749262692,15.68000000,13.29600000,14.9
1749262692,15.70000000,3.28700000,14.9
1749262692,15.72000000,55.86900000,14.9
1749262692,15.73000000,1.00000000,14.9
1749262692,15.75000000,30.78700000,14.9
1749262692,15.76000000,4.85500000,14.9
1749262692,15.77000000,1.30000000,14.9
1749262692,15.78000000,11.60700000,14.9
1749262692,15.80000000,16.83300000,14.9
1749262692,15.81000000,11.60700000,14.9
1749262692,15.83000000,0.87100000,14.9
1749262692,15.84000000,12.23800000,14.9
1749262692,15.85000000,46.09800000,14.9
1749262692,15.86000000,0.78100000,14.9
1749262692,15.87000000,11.60700000,14.9
1749262692,15.88000000,9.56400000,14.9
1749262692,15.89000000,3.41000000,14.9
1749262692,15.90000000,12.60700000,14.9
1749262692,15.93000000,31.00000000,14.9
1749262692,15.94000000,5.87200000,14.9
1749262692,15.97000000,70.98800000,14.9
1749262692,15.98000000,7.10100000,14.9
1749262692,16.00000000,182.19300000,14.9
1749262692,16.01000000,7.37300000,14.9
1749262692,16.03000000,4.77300000,14.9
1749262692,16.04000000,99.26900000,14.9
1749262692,16.05000000,37.18800000,14.9
1749262692,16.06000000,0.37300000,14.9
1749262692,16.08000000,0.77100000,14.9
1749262692,16.09000000,0.63100000,14.9
1749262692,16.10000000,1.00000000,14.9
1749262692,16.11000000,6.40700000,14.9
1749262692,16.14000000,33.47800000,14.9
1749262692,16.15000000,33.04000000,14.9
1749262692,16.17000000,4.56400000,14.9
1749262692,16.19000000,5.49100000,14.9
1749262692,16.20000000,48.02900000,14.9
1749262692,16.22000000,1.25600000,14.9
1749262692,16.23000000,2.89700000,14.9
1749262692,16.25000000,10.00000000,14.9
1749262692,16.27000000,27.15100000,14.9
1749262692,16.28000000,75.84600000,14.9
1749263000,14.94000000,8.00000000,14.92
1749263000,14.95000000,18.48700000,14.92
1749263000,14.96000000,28.52200000,14.92
1749263000,14.97000000,34.86600000,14.92
1749263000,14.98000000,314.51700000,14.92
1749263000,14.99000000,27.72700000,14.92
1749263000,15.00000000,485.95900000,14.92
1749263000,15.01000000,62.10000000,14.92
1749263000,15.02000000,5.26500000,14.92
1749263000,15.03000000,4.00000000,14.92
1749263000,15.04000000,6.16000000,14.92
1749263000,15.05000000,3.77600000,14.92
1749263000,15.06000000,16.59300000,14.92
1749263000,15.07000000,4.99700000,14.92
1749263000,15.08000000,81.87700000,14.92
1749263000,15.09000000,16.72100000,14.92
1749263000,15.10000000,3.51300000,14.92
1749263000,15.11000000,0.82000000,14.92
1749263000,15.13000000,20.13300000,14.92
1749263000,15.14000000,70.08000000,14.92
1749263000,15.15000000,16.88600000,14.92
1749263000,15.16000000,16.26100000,14.92
1749263000,15.18000000,1.07200000,14.92
1749263000,15.19000000,3.33700000,14.92
1749263000,15.20000000,30.32000000,14.92
1749263000,15.21000000,188.44000000,14.92
1749263000,15.24000000,12.42500000,14.92
1749263000,15.25000000,5.01700000,14.92
1749263000,15.26000000,52.54800000,14.92
1749263000,15.27000000,15.13500000,14.92
1749263000,15.29000000,4.56400000,14.92
1749263000,15.30000000,1191.21300000,14.92
1749263000,15.31000000,552.80700000,14.92
1749263000,15.32000000,64.27300000,14.92
1749263000,15.33000000,5.46800000,14.92
1749263000,15.34000000,0.80800000,14.92
1749263000,15.35000000,23.96900000,14.92
1749263000,15.36000000,422.37600000,14.92
1749263000,15.37000000,0.63100000,14.92
1749263000,15.39000000,1.96200000,14.92
1749263000,15.42000000,6.01400000,14.92
1749263000,15.43000000,40.14800000,14.92
1749263000,15.44000000,1.54500000,14.92
1749263000,15.45000000,64.89000000,14.92
1749263000,15.50000000,5.41300000,14.92
1749263000,15.52000000,1.39600000,14.92
1749263000,15.53000000,380.43900000,14.92
1749263000,15.54000000,0.79700000,14.92
1749263000,15.55000000,32.89700000,14.92
1749263000,15.56000000,1.07200000,14.92
1749263000,15.58000000,75.73800000,14.92
1749263000,15.59000000,9.19400000,14.92
1749263000,15.60000000,0.63100000,14.92
1749263000,15.64000000,0.79200000,14.92
1749263000,15.65000000,374.57100000,14.92
1749263000,15.66000000,2.42300000,14.92
1749263000,15.67000000,33.08800000,14.92
1749263000,15.68000000,13.29600000,14.92
1749263000,15.70000000,3.28700000,14.92
1749263000,15.72000000,55.86900000,14.92
1749263000,15.73000000,1.00000000,14.92
1749263000,15.75000000,30.78700000,14.92
1749263000,15.76000000,4.85500000,14.92
1749263000,15.77000000,1.30000000,14.92
1749263000,15.78000000,11.60700000,14.92
1749263000,15.80000000,16.83300000,14.92
1749263000,15.81000000,11.60700000,14.92
1749263000,15.83000000,0.87100000,14.92
1749263000,15.84000000,12.23800000,14.92
1749263000,15.85000000,46.09800000,14.92
1749263000,15.86000000,0.78100000,14.92
1749263000,15.87000000,11.60700000,14.92
1749263000,15.88000000,9.56400000,14.92
1749263000,15.89000000,3.41000000,14.92
1749263000,15.90000000,12.60700000,14.92
1749263000,15.93000000,31.00000000,14.92
1749263000,15.94000000,5.87200000,14.92
1749263000,15.97000000,70.98800000,14.92
1749263000,15.98000000,7.10100000,14.92
1749263000,16.00000000,182.19300000,14.92
1749263000,16.01000000,7.37300000,14.92
1749263000,16.03000000,4.77300000,14.92
1749263000,16.04000000,99.26900000,14.92
1749263000,16.05000000,37.18800000,14.92
1749263000,16.06000000,0.37300000,14.92
1749263000,16.08000000,0.77100000,14.92
1749263000,16.09000000,0.63100000,14.92
1749263000,16.10000000,1.00000000,14.92
1749263000,16.11000000,6.40700000,14.92
1749263000,16.14000000,33.47800000,14.92
1749263000,16.15000000,33.04000000,14.92
1749263000,16.17000000,4.56400000,14.92
1749263000,16.19000000,5.49100000,14.92
1749263000,16.20000000,48.02900000,14.92
1749263000,16.22000000,1.25600000,14.92
1749263000,16.23000000,2.89700000,14.92
1749263000,16.25000000,10.00000000,14.92
1749263000,16.27000000,27.15100000,14.92
1749263000,16.28000000,75.84600000,14.92
1749263000,16.29000000,18.27900000,14.92
1749263308,14.93000000,3.23900000,14.91
1749263308,14.94000000,5.11200000,14.91
1749263308,14.95000000,12.84100000,14.91
1749263308,14.96000000,33.29100000,14.91
1749263308,14.97000000,32.74500000,14.91
1749263308,14.98000000,61.03700000,14.91
1749263308,14.99000000,121.36900000,14.91
1749263308,15.00000000,292.93800000,14.91
1749263308,15.01000000,412.22900000,14.91
1749263308,15.02000000,59.55100000,14.91
1749263308,15.03000000,4.00000000,14.91
1749263308,15.04000000,6.14600000,14.91
1749263308,15.05000000,3.77600000,14.91
1749263308,15.06000000,16.59300000,14.91
1749263308,15.07000000,25.29700000,14.91
1749263308,15.08000000,60.86200000,14.91
1749263308,15.09000000,17.44900000,14.91
1749263308,15.11000000,0.82000000,14.91
1749263308,15.12000000,12.42500000,14.91
1749263308,15.13000000,16.51200000,14.91
1749263308,15.14000000,70.08000000,14.91
1749263308,15.15000000,16.88600000,14.91
1749263308,15.16000000,16.26100000,14.91
1749263308,15.18000000,1.07200000,14.91
1749263308,15.19000000,6.60400000,14.91
1749263308,15.20000000,27.05300000,14.91
1749263308,15.21000000,188.44000000,14.91
1749263308,15.24000000,0.81300000,14.91
1749263308,15.25000000,5.01700000,14.91
1749263308,15.26000000,52.54800000,14.91
1749263308,15.27000000,0.39400000,14.91
1749263308,15.28000000,11.61200000,14.91
1749263308,15.29000000,227.45100000,14.91
1749263308,15.30000000,477.33500000,14.91
1749263308,15.31000000,847.25400000,14.91
1749263308,15.32000000,483.70400000,14.91
1749263308,15.33000000,5.46800000,14.91
1749263308,15.34000000,0.80800000,14.91
1749263308,15.35000000,23.96900000,14.91
1749263308,15.37000000,423.00700000,14.91
1749263308,15.39000000,1.96200000,14.91
1749263308,15.42000000,6.01400000,14.91
1749263308,15.43000000,40.14800000,14.91
1749263308,15.44000000,1.54500000,14.91
1749263308,15.45000000,64.89000000,14.91
1749263308,15.50000000,5.41300000,14.91
1749263308,15.52000000,1.39600000,14.91
1749263308,15.53000000,380.43900000,14.91
1749263308,15.54000000,0.79700000,14.91
1749263308,15.55000000,32.89700000,14.91
1749263308,15.56000000,1.07200000,14.91
1749263308,15.58000000,9.56400000,14.91
1749263308,15.59000000,9.19400000,14.91
1749263308,15.60000000,0.63100000,14.91
1749263308,15.62000000,66.17400000,14.91
1749263308,15.64000000,0.79200000,14.91
1749263308,15.65000000,374.57100000,14.91
1749263308,15.66000000,2.42300000,14.91
1749263308,15.67000000,33.08800000,14.91
1749263308,15.68000000,13.29600000,14.91
1749263308,15.70000000,3.28700000,14.91
1749263308,15.72000000,55.86900000,14.91
1749263308,15.73000000,1.00000000,14.91
1749263308,15.75000000,30.78700000,14.91
1749263308,15.76000000,4.85500000,14.91
1749263308,15.77000000,1.30000000,14.91
1749263308,15.78000000,11.60700000,14.91
1749263308,15.80000000,16.83300000,14.91
1749263308,15.81000000,11.60700000,14.91
1749263308,15.83000000,0.87100000,14.91
1749263308,15.84000000,12.23800000,14.91
1749263308,15.85000000,46.09800000,14.91
1749263308,15.86000000,0.78100000,14.91
1749263308,15.87000000,11.60700000,14.91
1749263308,15.88000000,9.56400000,14.91
1749263308,15.89000000,3.41000000,14.91
1749263308,15.90000000,12.60700000,14.91
1749263308,15.93000000,31.00000000,14.91
1749263308,15.94000000,5.87200000,14.91
1749263308,15.97000000,70.98800000,14.91
1749263308,15.98000000,7.10100000,14.91
1749263308,16.00000000,182.19300000,14.91
1749263308,16.01000000,7.37300000,14.91
1749263308,16.03000000,4.77300000,14.91
1749263308,16.04000000,99.26900000,14.91
1749263308,16.05000000,37.18800000,14.91
1749263308,16.06000000,0.37300000,14.91
1749263308,16.08000000,0.77100000,14.91
1749263308,16.09000000,0.63100000,14.91
1749263308,16.10000000,1.00000000,14.91
1749263308,16.11000000,6.40700000,14.91
1749263308,16.14000000,33.47800000,14.91
1749263308,16.15000000,33.04000000,14.91
1749263308,16.17000000,4.56400000,14.91
1749263308,16.19000000,5.49100000,14.91
1749263308,16.20000000,48.02900000,14.91
1749263308,16.22000000,1.25600000,14.91
1749263308,16.23000000,2.89700000,14.91
1749263308,16.25000000,10.00000000,14.91
1749263308,16.27000000,27.15100000,14.91
1749263610,14.92000000,2.11300000,14.92
1749263610,14.93000000,12.83100000,14.92
1749263610,14.94000000,28.99600000,14.92
1749263610,14.95000000,33.26800000,14.92
1749263610,14.96000000,5.74300000,14.92
1749263610,14.97000000,64.02100000,14.92
1749263610,14.98000000,390.31200000,14.92
1749263610,14.99000000,93.47700000,14.92
1749263610,15.00000000,384.00300000,14.92
1749263610,15.01000000,13.31500000,14.92
1749263610,15.02000000,5.26500000,14.92
1749263610,15.03000000,4.00000000,14.92
1749263610,15.04000000,6.14600000,14.92
1749263610,15.05000000,3.77600000,14.92
1749263610,15.06000000,36.89300000,14.92
1749263610,15.07000000,4.99700000,14.92
1749263610,15.08000000,61.59100000,14.92
1749263610,15.09000000,16.72100000,14.92
1749263610,15.11000000,0.82000000,14.92
1749263610,15.12000000,7.13400000,14.92
1749263610,15.13000000,16.51200000,14.92
1749263610,15.14000000,70.08000000,14.92
1749263610,15.15000000,16.88600000,14.92
1749263610,15.16000000,71.79500000,14.92
1749263610,15.18000000,1.07200000,14.92
1749263610,15.19000000,6.60400000,14.92
1749263610,15.20000000,27.05300000,14.92
1749263610,15.21000000,185.07900000,14.92
1749263610,15.24000000,12.42500000,14.92
1749263610,15.25000000,5.01700000,14.92
1749263610,15.26000000,0.37500000,14.92
1749263610,15.27000000,0.39400000,14.92
1749263610,15.29000000,227.45100000,14.92
1749263610,15.30000000,1030.14200000,14.92
1749263610,15.31000000,294.44700000,14.92
1749263610,15.32000000,483.70400000,14.92
1749263610,15.33000000,5.46800000,14.92
1749263610,15.34000000,0.80800000,14.92
1749263610,15.35000000,23.96900000,14.92
1749263610,15.37000000,423.00700000,14.92
1749263610,15.39000000,1.96200000,14.92
1749263610,15.42000000,6.01400000,14.92
1749263610,15.43000000,40.14800000,14.92
1749263610,15.44000000,1.54500000,14.92
1749263610,15.45000000,64.89000000,14.92
1749263610,15.50000000,5.41300000,14.92
1749263610,15.51000000,378.87300000,14.92
1749263610,15.52000000,1.39600000,14.92
1749263610,15.53000000,1.56600000,14.92
1749263610,15.54000000,0.79700000,14.92
1749263610,15.55000000,32.89700000,14.92
1749263610,15.56000000,1.07200000,14.92
1749263610,15.58000000,75.73800000,14.92
1749263610,15.59000000,9.19400000,14.92
1749263610,15.60000000,0.63100000,14.92
1749263610,15.64000000,0.79200000,14.92
1749263610,15.65000000,374.57100000,14.92
1749263610,15.66000000,2.42300000,14.92
1749263610,15.67000000,33.08800000,14.92
1749263610,15.68000000,13.29600000,14.92
1749263610,15.70000000,3.28700000,14.92
1749263610,15.72000000,55.86900000,14.92
1749263610,15.73000000,1.00000000,14.92
1749263610,15.75000000,30.78700000,14.92
1749263610,15.76000000,4.85500000,14.92
1749263610,15.77000000,1.30000000,14.92
1749263610,15.78000000,11.60700000,14.92
1749263610,15.80000000,16.83300000,14.92
1749263610,15.81000000,11.60700000,14.92
1749263610,15.83000000,0.87100000,14.92
1749263610,15.84000000,12.23800000,14.92
1749263610,15.85000000,46.09800000,14.92
1749263610,15.86000000,0.78100000,14.92
1749263610,15.87000000,11.60700000,14.92
1749263610,15.88000000,9.56400000,14.92
1749263610,15.89000000,3.41000000,14.92
1749263610,15.90000000,12.60700000,14.92
1749263610,15.93000000,31.00000000,14.92
1749263610,15.94000000,5.87200000,14.92
1749263610,15.97000000,70.98800000,14.92
1749263610,15.98000000,7.10100000,14.92
1749263610,16.00000000,182.19300000,14.92
1749263610,16.01000000,7.37300000,14.92
1749263610,16.03000000,4.77300000,14.92
1749263610,16.04000000,99.26900000,14.92
1749263610,16.05000000,37.18800000,14.92
1749263610,16.06000000,0.37300000,14.92
1749263610,16.08000000,0.77100000,14.92
1749263610,16.09000000,0.63100000,14.92
1749263610,16.10000000,1.00000000,14.92
1749263610,16.11000000,6.40700000,14.92
1749263610,16.14000000,33.47800000,14.92
1749263610,16.15000000,33.04000000,14.92
1749263610,16.17000000,4.56400000,14.92
1749263610,16.19000000,5.49100000,14.92
1749263610,16.20000000,48.02900000,14.92
1749263610,16.22000000,1.25600000,14.92
1749263610,16.23000000,2.89700000,14.92
1749263610,16.25000000,10.00000000,14.92
1749263610,16.27000000,27.15100000,14.92
1749263912,14.93000000,16.98700000,14.93
1749263912,14.94000000,5.11200000,14.93
1749263912,14.95000000,16.57300000,14.93
1749263912,14.96000000,56.12400000,14.93
1749263912,14.97000000,36.52900000,14.93
1749263912,14.98000000,61.03700000,14.93
1749263912,14.99000000,88.91600000,14.93
1749263912,15.00000000,292.93800000,14.93
1749263912,15.01000000,412.27700000,14.93
1749263912,15.02000000,59.55100000,14.93
1749263912,15.03000000,4.00000000,14.93
1749263912,15.04000000,6.14600000,14.93
1749263912,15.05000000,3.77600000,14.93
1749263912,15.06000000,6.29200000,14.93
1749263912,15.07000000,41.87900000,14.93
1749263912,15.08000000,60.86200000,14.93
1749263912,15.09000000,16.72100000,14.93
1749263912,15.11000000,0.82000000,14.93
1749263912,15.12000000,7.13400000,14.93
1749263912,15.13000000,16.51200000,14.93
1749263912,15.14000000,70.08000000,14.93
1749263912,15.15000000,16.88600000,14.93
1749263912,15.16000000,71.79500000,14.93
1749263912,15.18000000,1.07200000,14.93
1749263912,15.19000000,6.60400000,14.93
1749263912,15.20000000,27.05300000,14.93
1749263912,15.21000000,185.07900000,14.93
1749263912,15.24000000,0.81300000,14.93
1749263912,15.25000000,5.01700000,14.93
1749263912,15.26000000,0.37500000,14.93
1749263912,15.27000000,0.39400000,14.93
1749263912,15.28000000,11.61200000,14.93
1749263912,15.29000000,227.45100000,14.93
1749263912,15.30000000,1030.14200000,14.93
1749263912,15.31000000,294.44700000,14.93
1749263912,15.32000000,483.70400000,14.93
1749263912,15.33000000,5.46800000,14.93
1749263912,15.34000000,0.80800000,14.93
1749263912,15.35000000,23.96900000,14.93
1749263912,15.37000000,423.00700000,14.93
1749263912,15.39000000,1.96200000,14.93
1749263912,15.42000000,6.01400000,14.93
1749263912,15.43000000,40.14800000,14.93
1749263912,15.44000000,1.54500000,14.93
1749263912,15.45000000,64.89000000,14.93
1749263912,15.50000000,5.41300000,14.93
1749263912,15.51000000,378.87300000,14.93
1749263912,15.52000000,1.39600000,14.93
1749263912,15.53000000,1.56600000,14.93
1749263912,15.54000000,0.79700000,14.93
1749263912,15.55000000,32.89700000,14.93
1749263912,15.56000000,1.07200000,14.93
1749263912,15.58000000,75.73800000,14.93
1749263912,15.59000000,9.19400000,14.93
1749263912,15.60000000,0.63100000,14.93
1749263912,15.61000000,79.63800000,14.93
1749263912,15.64000000,0.79200000,14.93
1749263912,15.65000000,374.57100000,14.93
1749263912,15.66000000,2.42300000,14.93
1749263912,15.67000000,16.24800000,14.93
1749263912,15.68000000,13.29600000,14.93
1749263912,15.70000000,3.28700000,14.93
1749263912,15.72000000,55.86900000,14.93
1749263912,15.73000000,1.00000000,14.93
1749263912,15.75000000,30.78700000,14.93
1749263912,15.76000000,4.85500000,14.93
1749263912,15.77000000,1.30000000,14.93
1749263912,15.78000000,11.60700000,14.93
1749263912,15.80000000,16.83300000,14.93
1749263912,15.81000000,11.60700000,14.93
1749263912,15.83000000,0.87100000,14.93
1749263912,15.84000000,12.23800000,14.93
1749263912,15.85000000,46.09800000,14.93
1749263912,15.86000000,0.78100000,14.93
1749263912,15.87000000,11.60700000,14.93
1749263912,15.88000000,9.56400000,14.93
1749263912,15.89000000,3.41000000,14.93
1749263912,15.90000000,12.60700000,14.93
1749263912,15.93000000,31.00000000,14.93
1749263912,15.94000000,5.87200000,14.93
1749263912,15.97000000,70.98800000,14.93
1749263912,15.98000000,7.10100000,14.93
1749263912,16.00000000,182.19300000,14.93
1749263912,16.01000000,7.37300000,14.93
1749263912,16.03000000,4.77300000,14.93
1749263912,16.04000000,99.26900000,14.93
1749263912,16.05000000,37.18800000,14.93
1749263912,16.06000000,0.37300000,14.93
1749263912,16.08000000,0.77100000,14.93
1749263912,16.09000000,0.63100000,14.93
1749263912,16.10000000,1.00000000,14.93
1749263912,16.11000000,6.40700000,14.93
1749263912,16.14000000,33.47800000,14.93
1749263912,16.15000000,33.04000000,14.93
1749263912,16.17000000,4.56400000,14.93
1749263912,16.19000000,5.49100000,14.93
1749263912,16.20000000,48.02900000,14.93
1749263912,16.22000000,1.25600000,14.93
1749263912,16.23000000,2.89700000,14.93
1749263912,16.25000000,10.00000000,14.93
1749264214,14.96000000,21.17800000,14.96
1749264214,14.97000000,13.09300000,14.96
1749264214,14.98000000,338.68100000,14.96
1749264214,14.99000000,264.23800000,14.96
1749264214,15.00000000,66.54800000,14.96
1749264214,15.01000000,37.91800000,14.96
1749264214,15.02000000,87.53000000,14.96
1749264214,15.03000000,14.46400000,14.96
1749264214,15.04000000,204.67700000,14.96
1749264214,15.05000000,3.77600000,14.96
1749264214,15.06000000,5.23200000,14.96
1749264214,15.07000000,21.57900000,14.96
1749264214,15.08000000,60.86200000,14.96
1749264214,15.09000000,16.72100000,14.96
1749264214,15.10000000,20.30000000,14.96
1749264214,15.11000000,6.01600000,14.96
1749264214,15.12000000,0.72700000,14.96
1749264214,15.13000000,16.51200000,14.96
1749264214,15.14000000,70.08000000,14.96
1749264214,15.15000000,16.88600000,14.96
1749264214,15.16000000,71.79500000,14.96
1749264214,15.17000000,7.13400000,14.96
1749264214,15.18000000,1.07200000,14.96
1749264214,15.20000000,27.05300000,14.96
1749264214,15.21000000,185.07900000,14.96
1749264214,15.24000000,7.41700000,14.96
1749264214,15.25000000,5.01700000,14.96
1749264214,15.26000000,0.37500000,14.96
1749264214,15.27000000,0.39400000,14.96
1749264214,15.28000000,11.61200000,14.96
1749264214,15.29000000,19.21800000,14.96
1749264214,15.30000000,952.95400000,14.96
1749264214,15.31000000,294.44700000,14.96
1749264214,15.32000000,483.70400000,14.96
1749264214,15.33000000,5.46800000,14.96
1749264214,15.34000000,17.45600000,14.96
1749264214,15.35000000,23.96900000,14.96
1749264214,15.36000000,422.37600000,14.96
1749264214,15.37000000,0.63100000,14.96
1749264214,15.39000000,1.96200000,14.96
1749264214,15.42000000,6.01400000,14.96
1749264214,15.43000000,40.14800000,14.96
1749264214,15.44000000,1.54500000,14.96
1749264214,15.45000000,64.89000000,14.96
1749264214,15.50000000,5.41300000,14.96
1749264214,15.51000000,378.87300000,14.96
1749264214,15.52000000,1.39600000,14.96
1749264214,15.53000000,1.56600000,14.96
1749264214,15.54000000,0.79700000,14.96
1749264214,15.55000000,32.89700000,14.96
1749264214,15.56000000,1.07200000,14.96
1749264214,15.58000000,9.56400000,14.96
1749264214,15.59000000,9.19400000,14.96
1749264214,15.60000000,0.63100000,14.96
1749264214,15.61000000,79.63800000,14.96
1749264214,15.62000000,66.17400000,14.96
1749264214,15.64000000,0.79200000,14.96
1749264214,15.65000000,374.57100000,14.96
1749264214,15.66000000,2.42300000,14.96
1749264214,15.67000000,16.24800000,14.96
1749264214,15.68000000,13.29600000,14.96
1749264214,15.70000000,3.28700000,14.96
1749264214,15.72000000,55.86900000,14.96
1749264214,15.73000000,1.00000000,14.96
1749264214,15.75000000,30.78700000,14.96
1749264214,15.76000000,4.85500000,14.96
1749264214,15.77000000,1.30000000,14.96
1749264214,15.78000000,11.60700000,14.96
1749264214,15.80000000,16.83300000,14.96
1749264214,15.81000000,11.60700000,14.96
1749264214,15.83000000,0.87100000,14.96
1749264214,15.84000000,12.23800000,14.96
1749264214,15.85000000,46.09800000,14.96
1749264214,15.86000000,0.78100000,14.96
1749264214,15.87000000,11.60700000,14.96
1749264214,15.88000000,9.56400000,14.96
1749264214,15.89000000,3.41000000,14.96
1749264214,15.90000000,12.60700000,14.96
1749264214,15.93000000,31.00000000,14.96
1749264214,15.94000000,5.87200000,14.96
1749264214,15.97000000,70.98800000,14.96
1749264214,15.98000000,7.10100000,14.96
1749264214,16.00000000,182.19300000,14.96
1749264214,16.01000000,7.37300000,14.96
1749264214,16.03000000,4.77300000,14.96
1749264214,16.04000000,99.26900000,14.96
1749264214,16.05000000,37.18800000,14.96
1749264214,16.06000000,0.37300000,14.96
1749264214,16.08000000,0.77100000,14.96
1749264214,16.09000000,0.63100000,14.96
1749264214,16.10000000,1.00000000,14.96
1749264214,16.11000000,6.40700000,14.96
1749264214,16.14000000,33.47800000,14.96
1749264214,16.15000000,33.04000000,14.96
1749264214,16.17000000,4.56400000,14.96
1749264214,16.19000000,5.49100000,14.96
1749264214,16.20000000,48.02900000,14.96
1749264214,16.22000000,1.25600000,14.96
1749264214,16.23000000,2.89700000,14.96
1749264214,16.25000000,10.00000000,14.96
1749264515,14.93000000,3.38600000,14.9
1749264515,14.94000000,11.26600000,14.9
1749264515,14.95000000,29.51300000,14.9
1749264515,14.96000000,16.17400000,14.9
1749264515,14.97000000,57.16300000,14.9
1749264515,14.98000000,312.86000000,14.9
1749264515,14.99000000,92.45400000,14.9
1749264515,15.00000000,46.32900000,14.9
1749264515,15.01000000,462.64500000,14.9
1749264515,15.02000000,5.26500000,14.9
1749264515,15.03000000,4.00000000,14.9
1749264515,15.04000000,4.73100000,14.9
1749264515,15.05000000,3.77600000,14.9
1749264515,15.06000000,5.23200000,14.9
1749264515,15.07000000,41.87900000,14.9
1749264515,15.08000000,60.86200000,14.9
1749264515,15.09000000,17.43700000,14.9
1749264515,15.11000000,0.82000000,14.9
1749264515,15.12000000,3.51300000,14.9
1749264515,15.13000000,20.13300000,14.9
1749264515,15.14000000,70.08000000,14.9
1749264515,15.15000000,19.53400000,14.9
1749264515,15.16000000,68.43400000,14.9
1749264515,15.18000000,4.43300000,14.9
1749264515,15.19000000,3.33700000,14.9
1749264515,15.20000000,30.32000000,14.9
1749264515,15.21000000,185.07900000,14.9
1749264515,15.24000000,12.42500000,14.9
1749264515,15.25000000,5.01700000,14.9
1749264515,15.26000000,0.37500000,14.9
1749264515,15.27000000,0.39400000,14.9
1749264515,15.29000000,19.21800000,14.9
1749264515,15.30000000,416.79500000,14.9
1749264515,15.31000000,294.44700000,14.9
1749264515,15.32000000,64.27300000,14.9
1749264515,15.33000000,558.27500000,14.9
1749264515,15.34000000,0.80800000,14.9
1749264515,15.35000000,443.40000000,14.9
1749264515,15.36000000,422.37600000,14.9
1749264515,15.37000000,0.63100000,14.9
1749264515,15.39000000,1.96200000,14.9
1749264515,15.42000000,6.01400000,14.9
1749264515,15.43000000,40.14800000,14.9
1749264515,15.44000000,1.54500000,14.9
1749264515,15.45000000,64.89000000,14.9
1749264515,15.50000000,5.41300000,14.9
1749264515,15.52000000,1.39600000,14.9
1749264515,15.53000000,1.56600000,14.9
1749264515,15.54000000,379.67000000,14.9
1749264515,15.55000000,32.89700000,14.9
1749264515,15.56000000,1.07200000,14.9
1749264515,15.58000000,75.73800000,14.9
1749264515,15.59000000,9.19400000,14.9
1749264515,15.60000000,0.63100000,14.9
1749264515,15.61000000,79.63800000,14.9
1749264515,15.64000000,0.79200000,14.9
1749264515,15.65000000,374.57100000,14.9
1749264515,15.66000000,2.42300000,14.9
1749264515,15.67000000,16.24800000,14.9
1749264515,15.68000000,13.29600000,14.9
1749264515,15.70000000,3.28700000,14.9
1749264515,15.72000000,55.86900000,14.9
1749264515,15.73000000,1.00000000,14.9
1749264515,15.75000000,30.78700000,14.9
1749264515,15.76000000,4.85500000,14.9
1749264515,15.77000000,1.30000000,14.9
1749264515,15.78000000,11.60700000,14.9
1749264515,15.80000000,16.83300000,14.9
1749264515,15.81000000,11.60700000,14.9
1749264515,15.83000000,0.87100000,14.9
1749264515,15.84000000,12.23800000,14.9
1749264515,15.85000000,46.09800000,14.9
1749264515,15.86000000,0.78100000,14.9
1749264515,15.87000000,11.60700000,14.9
1749264515,15.88000000,9.56400000,14.9
1749264515,15.89000000,3.41000000,14.9
1749264515,15.90000000,12.60700000,14.9
1749264515,15.93000000,31.00000000,14.9
1749264515,15.94000000,5.87200000,14.9
1749264515,15.97000000,70.98800000,14.9
1749264515,15.98000000,7.10100000,14.9
1749264515,16.00000000,182.19300000,14.9
1749264515,16.01000000,7.37300000,14.9
1749264515,16.03000000,4.77300000,14.9
1749264515,16.04000000,99.26900000,14.9
1749264515,16.05000000,37.18800000,14.9
1749264515,16.06000000,0.37300000,14.9
1749264515,16.08000000,0.77100000,14.9
1749264515,16.09000000,0.63100000,14.9
1749264515,16.10000000,1.00000000,14.9
1749264515,16.11000000,6.40700000,14.9
1749264515,16.14000000,33.47800000,14.9
1749264515,16.15000000,33.04000000,14.9
1749264515,16.17000000,4.56400000,14.9
1749264515,16.19000000,5.49100000,14.9
1749264515,16.20000000,48.02900000,14.9
1749264515,16.22000000,1.25600000,14.9
1749264515,16.23000000,2.89700000,14.9
1749264515,16.25000000,10.00000000,14.9
1749264515,16.27000000,27.15100000,14.9
1749264817,15.00000000,29.76100000,14.98
1749264817,15.01000000,6.72900000,14.98
1749264817,15.02000000,43.24200000,14.98
1749264817,15.03000000,57.33500000,14.98
1749264817,15.04000000,34.64900000,14.98
1749264817,15.05000000,385.44300000,14.98
1749264817,15.06000000,10.09500000,14.98
1749264817,15.07000000,355.08600000,14.98
1749264817,15.08000000,139.54400000,14.98
1749264817,15.09000000,16.72100000,14.98
1749264817,15.11000000,6.05500000,14.98
1749264817,15.12000000,55.07400000,14.98
1749264817,15.13000000,5.27100000,14.98
1749264817,15.14000000,38.25100000,14.98
1749264817,15.15000000,19.53400000,14.98
1749264817,15.16000000,69.15900000,14.98
1749264817,15.18000000,69.38700000,14.98
1749264817,15.20000000,14.12200000,14.98
1749264817,15.21000000,20.05300000,14.98
1749264817,15.24000000,0.81300000,14.98
1749264817,15.25000000,190.09600000,14.98
1749264817,15.26000000,3.73600000,14.98
1749264817,15.27000000,3.73100000,14.98
1749264817,15.28000000,3.26700000,14.98
1749264817,15.29000000,19.21800000,14.98
1749264817,15.30000000,58.78000000,14.98
1749264817,15.31000000,313.98600000,14.98
1749264817,15.32000000,11.61200000,14.98
1749264817,15.33000000,558.27500000,14.98
1749264817,15.34000000,17.45600000,14.98
1749264817,15.35000000,443.40000000,14.98
1749264817,15.36000000,486.64900000,14.98
1749264817,15.37000000,0.63100000,14.98
1749264817,15.39000000,1.96200000,14.98
1749264817,15.42000000,6.01400000,14.98
1749264817,15.43000000,40.14800000,14.98
1749264817,15.44000000,1.54500000,14.98
1749264817,15.45000000,0.36000000,14.98
1749264817,15.49000000,64.53000000,14.98
1749264817,15.50000000,5.41300000,14.98
1749264817,15.52000000,1.39600000,14.98
1749264817,15.53000000,1.56600000,14.98
1749264817,15.54000000,379.67000000,14.98
1749264817,15.55000000,32.89700000,14.98
1749264817,15.56000000,1.07200000,14.98
1749264817,15.58000000,9.56400000,14.98
1749264817,15.59000000,9.19400000,14.98
1749264817,15.60000000,0.63100000,14.98
1749264817,15.61000000,79.63800000,14.98
1749264817,15.62000000,66.17400000,14.98
1749264817,15.64000000,0.79200000,14.98
1749264817,15.66000000,376.99400000,14.98
1749264817,15.67000000,16.24800000,14.98
1749264817,15.68000000,13.29600000,14.98
1749264817,15.70000000,3.28700000,14.98
1749264817,15.72000000,55.86900000,14.98
1749264817,15.73000000,1.00000000,14.98
1749264817,15.75000000,30.78700000,14.98
1749264817,15.76000000,4.85500000,14.98
1749264817,15.77000000,1.30000000,14.98
1749264817,15.78000000,11.60700000,14.98
1749264817,15.80000000,16.83300000,14.98
1749264817,15.81000000,11.60700000,14.98
1749264817,15.83000000,0.87100000,14.98
1749264817,15.84000000,12.23800000,14.98
1749264817,15.85000000,46.09800000,14.98
1749264817,15.86000000,0.78100000,14.98
1749264817,15.87000000,11.60700000,14.98
1749264817,15.88000000,9.56400000,14.98
1749264817,15.89000000,3.41000000,14.98
1749264817,15.90000000,12.60700000,14.98
1749264817,15.93000000,31.00000000,14.98
1749264817,15.94000000,5.87200000,14.98
1749264817,15.97000000,70.98800000,14.98
1749264817,15.98000000,7.10100000,14.98
1749264817,16.00000000,182.19300000,14.98
1749264817,16.01000000,7.37300000,14.98
1749264817,16.03000000,4.77300000,14.98
1749264817,16.04000000,99.26900000,14.98
1749264817,16.05000000,37.18800000,14.98
1749264817,16.06000000,0.37300000,14.98
1749264817,16.08000000,0.77100000,14.98
1749264817,16.09000000,0.63100000,14.98
1749264817,16.10000000,1.00000000,14.98
1749264817,16.11000000,6.40700000,14.98
1749264817,16.13000000,380.60700000,14.98
1749264817,16.14000000,33.47800000,14.98
1749264817,16.15000000,33.04000000,14.98
1749264817,16.17000000,4.56400000,14.98
1749264817,16.19000000,5.49100000,14.98
1749264817,16.20000000,48.02900000,14.98
1749264817,16.22000000,1.25600000,14.98
1749264817,16.23000000,2.89700000,14.98
1749264817,16.25000000,10.00000000,14.98
1749264817,16.27000000,27.15100000,14.98
1749264817,16.28000000,75.84600000,14.98
1749264817,16.29000000,18.27900000,14.98
1749264817,16.30000000,32.48700000,14.98
1749264817,16.32000000,1.07200000,14.98
1749264817,16.33000000,7.01800000,14.98
1749265118,15.00000000,3.35000000,14.98
1749265118,15.01000000,5.46100000,14.98
1749265118,15.02000000,25.69400000,14.98
1749265118,15.03000000,58.63600000,14.98
1749265118,15.04000000,33.25100000,14.98
1749265118,15.05000000,134.80900000,14.98
1749265118,15.06000000,14.25100000,14.98
1749265118,15.07000000,348.14800000,14.98
1749265118,15.08000000,348.99200000,14.98
1749265118,15.09000000,70.91300000,14.98
1749265118,15.11000000,5.80300000,14.98
1749265118,15.12000000,55.07400000,14.98
1749265118,15.13000000,6.33100000,14.98
1749265118,15.14000000,17.95100000,14.98
1749265118,15.15000000,39.83400000,14.98
1749265118,15.16000000,68.43400000,14.98
1749265118,15.17000000,0.71800000,14.98
1749265118,15.18000000,16.30200000,14.98
1749265118,15.20000000,3.51300000,14.98
1749265118,15.21000000,20.05300000,14.98
1749265118,15.22000000,53.08500000,14.98
1749265118,15.24000000,0.81300000,14.98
1749265118,15.25000000,5.01700000,14.98
1749265118,15.26000000,3.73600000,14.98
1749265118,15.27000000,3.73100000,14.98
1749265118,15.28000000,13.87600000,14.98
1749265118,15.29000000,189.64300000,14.98
1749265118,15.30000000,58.78000000,14.98
1749265118,15.31000000,19.53900000,14.98
1749265118,15.32000000,11.61200000,14.98
1749265118,15.33000000,558.27500000,14.98
1749265118,15.34000000,0.80800000,14.98
1749265118,15.35000000,443.40000000,14.98
1749265118,15.37000000,15.57800000,14.98
1749265118,15.38000000,311.09500000,14.98
1749265118,15.39000000,1.96200000,14.98
1749265118,15.40000000,64.27300000,14.98
1749265118,15.42000000,6.01400000,14.98
1749265118,15.43000000,40.14800000,14.98
1749265118,15.44000000,29.64300000,14.98
1749265118,15.45000000,0.36000000,14.98
1749265118,15.50000000,5.41300000,14.98
1749265118,15.52000000,1.39600000,14.98
1749265118,15.53000000,66.09600000,14.98
1749265118,15.54000000,379.67000000,14.98
1749265118,15.55000000,32.89700000,14.98
1749265118,15.56000000,1.07200000,14.98
1749265118,15.58000000,9.56400000,14.98
1749265118,15.59000000,9.19400000,14.98
1749265118,15.60000000,0.63100000,14.98
1749265118,15.61000000,79.63800000,14.98
1749265118,15.64000000,0.79200000,14.98
1749265118,15.66000000,443.16800000,14.98
1749265118,15.67000000,16.24800000,14.98
1749265118,15.68000000,13.29600000,14.98
1749265118,15.70000000,3.28700000,14.98
1749265118,15.72000000,55.86900000,14.98
1749265118,15.73000000,1.00000000,14.98
1749265118,15.75000000,30.78700000,14.98
1749265118,15.76000000,4.85500000,14.98
1749265118,15.77000000,1.30000000,14.98
1749265118,15.78000000,11.60700000,14.98
1749265118,15.80000000,16.83300000,14.98
1749265118,15.81000000,11.60700000,14.98
1749265118,15.83000000,0.87100000,14.98
1749265118,15.84000000,12.23800000,14.98
1749265118,15.85000000,46.09800000,14.98
1749265118,15.86000000,0.78100000,14.98
1749265118,15.87000000,11.60700000,14.98
1749265118,15.88000000,9.56400000,14.98
1749265118,15.89000000,3.41000000,14.98
1749265118,15.90000000,12.60700000,14.98
1749265118,15.93000000,31.00000000,14.98
1749265118,15.94000000,5.87200000,14.98
1749265118,15.97000000,70.98800000,14.98
1749265118,15.98000000,7.10100000,14.98
1749265118,16.00000000,182.19300000,14.98
1749265118,16.01000000,7.37300000,14.98
1749265118,16.03000000,4.77300000,14.98
1749265118,16.04000000,99.26900000,14.98
1749265118,16.05000000,37.18800000,14.98
1749265118,16.06000000,0.37300000,14.98
1749265118,16.08000000,0.77100000,14.98
1749265118,16.09000000,0.63100000,14.98
1749265118,16.10000000,1.00000000,14.98
1749265118,16.11000000,6.40700000,14.98
1749265118,16.13000000,380.60700000,14.98
1749265118,16.14000000,33.47800000,14.98
1749265118,16.15000000,33.04000000,14.98
1749265118,16.17000000,4.56400000,14.98
1749265118,16.19000000,5.49100000,14.98
1749265118,16.20000000,48.02900000,14.98
1749265118,16.22000000,1.25600000,14.98
1749265118,16.23000000,2.89700000,14.98
1749265118,16.25000000,10.00000000,14.98
1749265118,16.27000000,27.15100000,14.98
1749265118,16.28000000,75.84600000,14.98
1749265118,16.29000000,18.27900000,14.98
1749265118,16.30000000,32.48700000,14.98
1749265118,16.32000000,1.07200000,14.98
1749265420,15.02000000,7.03800000,14.99
1749265420,15.03000000,7.80100000,14.99
1749265420,15.04000000,34.03600000,14.99
1749265420,15.05000000,28.97700000,14.99
1749265420,15.06000000,30.81400000,14.99
1749265420,15.07000000,324.28500000,14.99
1749265420,15.08000000,378.24300000,14.99
1749265420,15.09000000,26.57800000,14.99
1749265420,15.10000000,62.86800000,14.99
1749265420,15.11000000,93.94500000,14.99
1749265420,15.12000000,112.87400000,14.99
1749265420,15.13000000,5.27100000,14.99
1749265420,15.14000000,17.95100000,14.99
1749265420,15.15000000,19.90800000,14.99
1749265420,15.16000000,16.26100000,14.99
1749265420,15.17000000,20.30000000,14.99
1749265420,15.18000000,1.07200000,14.99
1749265420,15.19000000,5.28600000,14.99
1749265420,15.20000000,0.72300000,14.99
1749265420,15.21000000,16.43200000,14.99
1749265420,15.22000000,68.35200000,14.99
1749265420,15.24000000,0.81300000,14.99
1749265420,15.25000000,12.15100000,14.99
1749265420,15.26000000,52.54800000,14.99
1749265420,15.27000000,0.39400000,14.99
1749265420,15.28000000,13.87600000,14.99
1749265420,15.29000000,189.64300000,14.99
1749265420,15.30000000,3.36100000,14.99
1749265420,15.31000000,22.87600000,14.99
1749265420,15.33000000,5.46800000,14.99
1749265420,15.34000000,0.80800000,14.99
1749265420,15.35000000,23.96900000,14.99
1749265420,15.36000000,11.61200000,14.99
1749265420,15.37000000,15.57800000,14.99
1749265420,15.38000000,311.09500000,14.99
1749265420,15.39000000,554.76900000,14.99
1749265420,15.40000000,483.70400000,14.99
1749265420,15.42000000,6.01400000,14.99
1749265420,15.43000000,40.14800000,14.99
1749265420,15.44000000,29.64300000,14.99
1749265420,15.45000000,0.36000000,14.99
1749265420,15.50000000,5.41300000,14.99
1749265420,15.52000000,1.39600000,14.99
1749265420,15.53000000,66.09600000,14.99
1749265420,15.54000000,0.79700000,14.99
1749265420,15.55000000,32.89700000,14.99
1749265420,15.56000000,1.07200000,14.99
1749265420,15.58000000,9.56400000,14.99
1749265420,15.59000000,9.19400000,14.99
1749265420,15.60000000,0.63100000,14.99
1749265420,15.61000000,79.63800000,14.99
1749265420,15.63000000,378.87300000,14.99
1749265420,15.64000000,0.79200000,14.99
1749265420,15.66000000,443.16800000,14.99
1749265420,15.67000000,16.24800000,14.99
1749265420,15.68000000,13.29600000,14.99
1749265420,15.70000000,3.28700000,14.99
1749265420,15.72000000,55.86900000,14.99
1749265420,15.73000000,1.00000000,14.99
1749265420,15.75000000,30.78700000,14.99
1749265420,15.76000000,4.85500000,14.99
1749265420,15.77000000,1.30000000,14.99
1749265420,15.78000000,11.60700000,14.99
1749265420,15.80000000,16.83300000,14.99
1749265420,15.81000000,11.60700000,14.99
1749265420,15.83000000,0.87100000,14.99
1749265420,15.84000000,12.23800000,14.99
1749265420,15.85000000,46.09800000,14.99
1749265420,15.86000000,0.78100000,14.99
1749265420,15.87000000,11.60700000,14.99
1749265420,15.88000000,9.56400000,14.99
1749265420,15.89000000,3.41000000,14.99
1749265420,15.90000000,12.60700000,14.99
1749265420,15.93000000,31.00000000,14.99
1749265420,15.94000000,5.87200000,14.99
1749265420,15.97000000,70.98800000,14.99
1749265420,15.98000000,7.10100000,14.99
1749265420,16.00000000,182.19300000,14.99
1749265420,16.01000000,7.37300000,14.99
1749265420,16.03000000,4.77300000,14.99
1749265420,16.04000000,99.26900000,14.99
1749265420,16.05000000,37.18800000,14.99
1749265420,16.06000000,0.37300000,14.99
1749265420,16.08000000,0.77100000,14.99
1749265420,16.09000000,0.63100000,14.99
1749265420,16.10000000,1.00000000,14.99
1749265420,16.11000000,6.40700000,14.99
1749265420,16.13000000,380.60700000,14.99
1749265420,16.14000000,33.47800000,14.99
1749265420,16.15000000,33.04000000,14.99
1749265420,16.17000000,4.56400000,14.99
1749265420,16.19000000,5.49100000,14.99
1749265420,16.20000000,48.02900000,14.99
1749265420,16.22000000,1.25600000,14.99
1749265420,16.23000000,2.89700000,14.99
1749265420,16.25000000,10.00000000,14.99
1749265420,16.27000000,27.15100000,14.99
1749265420,16.28000000,75.84600000,14.99
1749265420,16.29000000,18.27900000,14.99
1749265420,16.30000000,32.48700000,14.99
1749265726,15.03000000,7.24400000,15.0
1749265726,15.04000000,7.25300000,15.0
1749265726,15.05000000,25.60000000,15.0
1749265726,15.06000000,34.19400000,15.0
1749265726,15.07000000,291.84100000,15.0
1749265726,15.08000000,338.34300000,15.0
1749265726,15.09000000,115.70400000,15.0
1749265726,15.10000000,67.29800000,15.0
1749265726,15.11000000,88.35000000,15.0
1749265726,15.12000000,59.33600000,15.0
1749265726,15.13000000,5.27100000,15.0
1749265726,15.14000000,6.86000000,15.0
1749265726,15.15000000,19.90800000,15.0
1749265726,15.16000000,67.19600000,15.0
1749265726,15.17000000,16.47700000,15.0
1749265726,15.18000000,21.37200000,15.0
1749265726,15.19000000,6.01000000,15.0
1749265726,15.20000000,5.41000000,15.0
1749265726,15.21000000,3.51300000,15.0
1749265726,15.22000000,68.35200000,15.0
1749265726,15.24000000,17.21500000,15.0
1749265726,15.25000000,11.99900000,15.0
1749265726,15.26000000,52.54800000,15.0
1749265726,15.27000000,3.73100000,15.0
1749265726,15.28000000,13.87600000,15.0
1749265726,15.29000000,189.64300000,15.0
1749265726,15.30000000,16.33400000,15.0
1749265726,15.33000000,5.46800000,15.0
1749265726,15.34000000,0.80800000,15.0
1749265726,15.35000000,23.96900000,15.0
1749265726,15.36000000,11.61200000,15.0
1749265726,15.37000000,80.94200000,15.0
1749265726,15.38000000,311.09500000,15.0
1749265726,15.39000000,554.76900000,15.0
1749265726,15.40000000,483.70400000,15.0
1749265726,15.42000000,6.01400000,15.0
1749265726,15.43000000,1.85100000,15.0
1749265726,15.44000000,29.64300000,15.0
1749265726,15.45000000,0.36000000,15.0
1749265726,15.50000000,5.41300000,15.0
1749265726,15.52000000,1.39600000,15.0
1749265726,15.53000000,104.68000000,15.0
1749265726,15.54000000,0.79700000,15.0
1749265726,15.55000000,32.89700000,15.0
1749265726,15.56000000,1.07200000,15.0
1749265726,15.58000000,9.56400000,15.0
1749265726,15.59000000,9.19400000,15.0
1749265726,15.60000000,0.63100000,15.0
1749265726,15.61000000,79.63800000,15.0
1749265726,15.63000000,378.87300000,15.0
1749265726,15.64000000,0.79200000,15.0
1749265726,15.66000000,68.59700000,15.0
1749265726,15.67000000,16.24800000,15.0
1749265726,15.68000000,13.29600000,15.0
1749265726,15.70000000,3.28700000,15.0
1749265726,15.72000000,55.86900000,15.0
1749265726,15.73000000,1.00000000,15.0
1749265726,15.75000000,30.78700000,15.0
1749265726,15.76000000,379.42600000,15.0
1749265726,15.77000000,1.30000000,15.0
1749265726,15.78000000,11.60700000,15.0
1749265726,15.80000000,16.83300000,15.0
1749265726,15.81000000,11.60700000,15.0
1749265726,15.83000000,0.87100000,15.0
1749265726,15.84000000,12.23800000,15.0
1749265726,15.85000000,46.09800000,15.0
1749265726,15.86000000,0.78100000,15.0
1749265726,15.87000000,11.60700000,15.0
1749265726,15.88000000,9.56400000,15.0
1749265726,15.89000000,3.41000000,15.0
1749265726,15.90000000,12.60700000,15.0
1749265726,15.93000000,31.00000000,15.0
1749265726,15.94000000,5.87200000,15.0
1749265726,15.97000000,70.98800000,15.0
1749265726,15.98000000,7.10100000,15.0
1749265726,16.00000000,182.19300000,15.0
1749265726,16.01000000,7.37300000,15.0
1749265726,16.03000000,4.77300000,15.0
1749265726,16.04000000,99.26900000,15.0
1749265726,16.05000000,37.18800000,15.0
1749265726,16.06000000,0.37300000,15.0
1749265726,16.08000000,0.77100000,15.0
1749265726,16.09000000,0.63100000,15.0
1749265726,16.10000000,1.00000000,15.0
1749265726,16.11000000,6.40700000,15.0
1749265726,16.14000000,33.47800000,15.0
1749265726,16.15000000,33.04000000,15.0
1749265726,16.17000000,4.56400000,15.0
1749265726,16.19000000,5.49100000,15.0
1749265726,16.20000000,48.02900000,15.0
1749265726,16.22000000,381.05200000,15.0
1749265726,16.23000000,2.89700000,15.0
1749265726,16.25000000,10.00000000,15.0
1749265726,16.27000000,27.15100000,15.0
1749265726,16.28000000,75.84600000,15.0
1749265726,16.29000000,18.27900000,15.0
1749265726,16.30000000,32.48700000,15.0
1749265726,16.32000000,1.07200000,15.0
1749265726,16.33000000,7.01800000,15.0
1749265726,16.35000000,25.00000000,15.0
1749266028,15.04000000,3.24700000,15.01
1749266028,15.05000000,7.71300000,15.01
1749266028,15.06000000,7.61200000,15.01
1749266028,15.07000000,25.54000000,15.01
1749266028,15.08000000,68.82800000,15.01
1749266028,15.09000000,290.55000000,15.01
1749266028,15.10000000,386.03100000,15.01
1749266028,15.11000000,25.86600000,15.01
1749266028,15.12000000,145.54600000,15.01
1749266028,15.13000000,9.09400000,15.01
1749266028,15.14000000,6.31300000,15.01
1749266028,15.15000000,78.92900000,15.01
1749266028,15.16000000,68.04900000,15.01
1749266028,15.17000000,16.47700000,15.01
1749266028,15.18000000,1.07200000,15.01
1749266028,15.19000000,25.65500000,15.01
1749266028,15.20000000,6.13300000,15.01
1749266028,15.21000000,7.13400000,15.01
1749266028,15.22000000,68.35200000,15.01
1749266028,15.24000000,17.21500000,15.01
1749266028,15.25000000,5.01700000,15.01
1749266028,15.26000000,55.88500000,15.01
1749266028,15.27000000,3.66100000,15.01
1749266028,15.28000000,10.60900000,15.01
1749266028,15.29000000,4.56400000,15.01
1749266028,15.30000000,19.69500000,15.01
1749266028,15.33000000,190.54700000,15.01
1749266028,15.34000000,0.80800000,15.01
1749266028,15.35000000,7.53200000,15.01
1749266028,15.36000000,11.61200000,15.01
1749266028,15.37000000,80.65400000,15.01
1749266028,15.39000000,554.76900000,15.01
1749266028,15.40000000,483.70400000,15.01
1749266028,15.41000000,294.44700000,15.01
1749266028,15.42000000,22.66200000,15.01
1749266028,15.43000000,1.85100000,15.01
1749266028,15.44000000,29.15900000,15.01
1749266028,15.45000000,0.36000000,15.01
1749266028,15.50000000,5.41300000,15.01
1749266028,15.52000000,1.39600000,15.01
1749266028,15.53000000,40.15000000,15.01
1749266028,15.54000000,0.79700000,15.01
1749266028,15.55000000,32.89700000,15.01
1749266028,15.56000000,1.07200000,15.01
1749266028,15.57000000,64.53000000,15.01
1749266028,15.58000000,9.56400000,15.01
1749266028,15.59000000,9.19400000,15.01
1749266028,15.60000000,0.63100000,15.01
1749266028,15.61000000,79.63800000,15.01
1749266028,15.63000000,378.87300000,15.01
1749266028,15.64000000,0.79200000,15.01
1749266028,15.66000000,2.42300000,15.01
1749266028,15.67000000,16.24800000,15.01
1749266028,15.68000000,13.29600000,15.01
1749266028,15.70000000,69.46100000,15.01
1749266028,15.72000000,55.86900000,15.01
1749266028,15.73000000,1.00000000,15.01
1749266028,15.75000000,30.78700000,15.01
1749266028,15.76000000,379.42600000,15.01
1749266028,15.77000000,1.30000000,15.01
1749266028,15.78000000,11.60700000,15.01
1749266028,15.80000000,16.83300000,15.01
1749266028,15.81000000,11.60700000,15.01
1749266028,15.83000000,0.87100000,15.01
1749266028,15.84000000,12.23800000,15.01
1749266028,15.85000000,46.09800000,15.01
1749266028,15.86000000,0.78100000,15.01
1749266028,15.87000000,11.60700000,15.01
1749266028,15.88000000,9.56400000,15.01
1749266028,15.89000000,3.41000000,15.01
1749266028,15.90000000,12.60700000,15.01
1749266028,15.93000000,31.00000000,15.01
1749266028,15.94000000,5.87200000,15.01
1749266028,15.97000000,70.98800000,15.01
1749266028,15.98000000,7.10100000,15.01
1749266028,16.00000000,182.19300000,15.01
1749266028,16.01000000,7.37300000,15.01
1749266028,16.03000000,4.77300000,15.01
1749266028,16.04000000,99.26900000,15.01
1749266028,16.05000000,37.18800000,15.01
1749266028,16.06000000,0.37300000,15.01
1749266028,16.08000000,0.77100000,15.01
1749266028,16.09000000,0.63100000,15.01
1749266028,16.10000000,1.00000000,15.01
1749266028,16.11000000,6.40700000,15.01
1749266028,16.14000000,33.47800000,15.01
1749266028,16.15000000,33.04000000,15.01
1749266028,16.17000000,4.56400000,15.01
1749266028,16.19000000,5.49100000,15.01
1749266028,16.20000000,48.02900000,15.01
1749266028,16.22000000,381.05200000,15.01
1749266028,16.23000000,2.89700000,15.01
1749266028,16.25000000,10.00000000,15.01
1749266028,16.27000000,27.15100000,15.01
1749266028,16.28000000,75.84600000,15.01
1749266028,16.29000000,18.27900000,15.01
1749266028,16.30000000,32.48700000,15.01
1749266028,16.32000000,1.07200000,15.01
1749266028,16.33000000,7.01800000,15.01
1749266028,16.35000000,25.00000000,15.01
1749266329,15.05000000,10.33300000,15.03
1749266329,15.06000000,7.56900000,15.03
1749266329,15.07000000,2.38000000,15.03
1749266329,15.08000000,34.66500000,15.03
1749266329,15.09000000,47.05900000,15.03
1749266329,15.10000000,48.46900000,15.03
1749266329,15.11000000,90.90700000,15.03
1749266329,15.12000000,552.21900000,15.03
1749266329,15.13000000,170.71000000,15.03
1749266329,15.14000000,6.31300000,15.03
1749266329,15.15000000,73.98000000,15.03
1749266329,15.16000000,18.17400000,15.03
1749266329,15.17000000,16.47700000,15.03
1749266329,15.18000000,1.07200000,15.03
1749266329,15.19000000,11.37200000,15.03
1749266329,15.20000000,55.28500000,15.03
1749266329,15.21000000,21.02100000,15.03
1749266329,15.22000000,15.26700000,15.03
1749266329,15.24000000,17.21500000,15.03
1749266329,15.25000000,5.01700000,15.03
1749266329,15.26000000,59.68200000,15.03
1749266329,15.27000000,53.47900000,15.03
1749266329,15.29000000,4.56400000,15.03
1749266329,15.30000000,19.69500000,15.03
1749266329,15.31000000,3.33700000,15.03
1749266329,15.32000000,13.87600000,15.03
1749266329,15.33000000,190.54700000,15.03
1749266329,15.34000000,0.80800000,15.03
1749266329,15.35000000,7.53200000,15.03
1749266329,15.37000000,15.29000000,15.03
1749266329,15.39000000,1.96200000,15.03
1749266329,15.40000000,11.61200000,15.03
1749266329,15.41000000,294.44700000,15.03
1749266329,15.42000000,22.66200000,15.03
1749266329,15.43000000,554.65800000,15.03
1749266329,15.44000000,448.59000000,15.03
1749266329,15.45000000,64.63300000,15.03
1749266329,15.50000000,5.41300000,15.03
1749266329,15.52000000,1.39600000,15.03
1749266329,15.53000000,40.15000000,15.03
1749266329,15.54000000,0.79700000,15.03
1749266329,15.55000000,32.89700000,15.03
1749266329,15.56000000,1.07200000,15.03
1749266329,15.57000000,64.53000000,15.03
1749266329,15.58000000,9.56400000,15.03
1749266329,15.59000000,9.19400000,15.03
1749266329,15.60000000,0.63100000,15.03
1749266329,15.64000000,0.79200000,15.03
1749266329,15.65000000,378.87300000,15.03
1749266329,15.66000000,2.42300000,15.03
1749266329,15.67000000,16.24800000,15.03
1749266329,15.68000000,13.29600000,15.03
1749266329,15.70000000,69.46100000,15.03
1749266329,15.72000000,55.86900000,15.03
1749266329,15.73000000,1.00000000,15.03
1749266329,15.75000000,30.78700000,15.03
1749266329,15.76000000,379.42600000,15.03
1749266329,15.77000000,1.30000000,15.03
1749266329,15.78000000,11.60700000,15.03
1749266329,15.80000000,16.83300000,15.03
1749266329,15.81000000,11.60700000,15.03
1749266329,15.83000000,0.87100000,15.03
1749266329,15.84000000,12.23800000,15.03
1749266329,15.85000000,46.09800000,15.03
1749266329,15.86000000,0.78100000,15.03
1749266329,15.87000000,11.60700000,15.03
1749266329,15.88000000,9.56400000,15.03
1749266329,15.89000000,3.41000000,15.03
1749266329,15.90000000,12.60700000,15.03
1749266329,15.93000000,31.00000000,15.03
1749266329,15.94000000,5.87200000,15.03
1749266329,15.97000000,70.98800000,15.03
1749266329,15.98000000,7.10100000,15.03
1749266329,16.00000000,182.19300000,15.03
1749266329,16.01000000,7.37300000,15.03
1749266329,16.03000000,4.77300000,15.03
1749266329,16.04000000,99.26900000,15.03
1749266329,16.05000000,37.18800000,15.03
1749266329,16.06000000,0.37300000,15.03
1749266329,16.08000000,0.77100000,15.03
1749266329,16.09000000,0.63100000,15.03
1749266329,16.10000000,1.00000000,15.03
1749266329,16.11000000,6.40700000,15.03
1749266329,16.14000000,33.47800000,15.03
1749266329,16.15000000,33.04000000,15.03
1749266329,16.17000000,4.56400000,15.03
1749266329,16.19000000,5.49100000,15.03
1749266329,16.20000000,48.02900000,15.03
1749266329,16.22000000,381.05200000,15.03
1749266329,16.23000000,2.89700000,15.03
1749266329,16.25000000,10.00000000,15.03
1749266329,16.27000000,27.15100000,15.03
1749266329,16.28000000,75.84600000,15.03
1749266329,16.29000000,18.27900000,15.03
1749266329,16.30000000,32.48700000,15.03
1749266329,16.32000000,1.07200000,15.03
1749266329,16.33000000,7.01800000,15.03
1749266329,16.35000000,25.00000000,15.03
1749266329,16.37000000,0.36600000,15.03
1749266329,16.38000000,6.54500000,15.03
1749266639,15.02000000,9.91500000,14.99
1749266639,15.03000000,5.28300000,14.99
1749266639,15.04000000,10.09600000,14.99
1749266639,15.05000000,12.16100000,14.99
1749266639,15.06000000,33.15900000,14.99
1749266639,15.07000000,582.53600000,14.99
1749266639,15.08000000,119.76600000,14.99
1749266639,15.09000000,127.73500000,14.99
1749266639,15.10000000,62.66300000,14.99
1749266639,15.11000000,55.00300000,14.99
1749266639,15.12000000,5.19900000,14.99
1749266639,15.13000000,9.09400000,14.99
1749266639,15.14000000,1.45000000,14.99
1749266639,15.15000000,20.96800000,14.99
1749266639,15.16000000,68.04900000,14.99
1749266639,15.17000000,20.30000000,14.99
1749266639,15.18000000,1.79600000,14.99
1749266639,15.19000000,10.31200000,14.99
1749266639,15.20000000,5.41000000,14.99
1749266639,15.21000000,16.42700000,14.99
1749266639,15.22000000,22.40100000,14.99
1749266639,15.23000000,53.08500000,14.99
1749266639,15.24000000,0.81300000,14.99
1749266639,15.25000000,8.37800000,14.99
1749266639,15.26000000,52.54800000,14.99
1749266639,15.27000000,3.73100000,14.99
1749266639,15.28000000,19.62600000,14.99
1749266639,15.29000000,189.64300000,14.99
1749266639,15.32000000,10.60900000,14.99
1749266639,15.33000000,5.46800000,14.99
1749266639,15.34000000,17.09800000,14.99
1749266639,15.35000000,7.53200000,14.99
1749266639,15.36000000,11.61200000,14.99
1749266639,15.37000000,15.29000000,14.99
1749266639,15.38000000,81.98300000,14.99
1749266639,15.39000000,1.96200000,14.99
1749266639,15.41000000,358.72000000,14.99
1749266639,15.42000000,6.01400000,14.99
1749266639,15.43000000,554.65800000,14.99
1749266639,15.44000000,448.59000000,14.99
1749266639,15.45000000,400.50700000,14.99
1749266639,15.50000000,5.41300000,14.99
1749266639,15.52000000,1.39600000,14.99
1749266639,15.53000000,104.68000000,14.99
1749266639,15.54000000,0.79700000,14.99
1749266639,15.55000000,32.89700000,14.99
1749266639,15.56000000,1.07200000,14.99
1749266639,15.58000000,9.56400000,14.99
1749266639,15.59000000,9.19400000,14.99
1749266639,15.60000000,0.63100000,14.99
1749266639,15.64000000,0.79200000,14.99
1749266639,15.65000000,378.87300000,14.99
1749266639,15.66000000,2.42300000,14.99
1749266639,15.67000000,16.24800000,14.99
1749266639,15.68000000,13.29600000,14.99
1749266639,15.70000000,69.46100000,14.99
1749266639,15.72000000,55.86900000,14.99
1749266639,15.73000000,1.00000000,14.99
1749266639,15.75000000,30.78700000,14.99
1749266639,15.76000000,4.85500000,14.99
1749266639,15.77000000,1.30000000,14.99
1749266639,15.78000000,11.60700000,14.99
1749266639,15.80000000,391.40400000,14.99
1749266639,15.81000000,11.60700000,14.99
1749266639,15.83000000,0.87100000,14.99
1749266639,15.84000000,12.23800000,14.99
1749266639,15.85000000,46.09800000,14.99
1749266639,15.86000000,0.78100000,14.99
1749266639,15.87000000,11.60700000,14.99
1749266639,15.88000000,9.56400000,14.99
1749266639,15.89000000,3.41000000,14.99
1749266639,15.90000000,12.60700000,14.99
1749266639,15.93000000,31.00000000,14.99
1749266639,15.94000000,5.87200000,14.99
1749266639,15.97000000,70.98800000,14.99
1749266639,15.98000000,7.10100000,14.99
1749266639,16.00000000,182.19300000,14.99
1749266639,16.01000000,7.37300000,14.99
1749266639,16.03000000,4.77300000,14.99
1749266639,16.04000000,99.26900000,14.99
1749266639,16.05000000,37.18800000,14.99
1749266639,16.06000000,0.37300000,14.99
1749266639,16.08000000,0.77100000,14.99
1749266639,16.09000000,0.63100000,14.99
1749266639,16.10000000,1.00000000,14.99
1749266639,16.11000000,6.40700000,14.99
1749266639,16.14000000,33.47800000,14.99
1749266639,16.15000000,33.04000000,14.99
1749266639,16.17000000,4.56400000,14.99
1749266639,16.19000000,5.49100000,14.99
1749266639,16.20000000,104.93200000,14.99
1749266639,16.22000000,1.25600000,14.99
1749266639,16.23000000,2.89700000,14.99
1749266639,16.25000000,10.00000000,14.99
1749266639,16.27000000,27.15100000,14.99
1749266639,16.28000000,75.84600000,14.99
1749266639,16.29000000,18.27900000,14.99
1749266639,16.30000000,32.48700000,14.99
1749266639,16.32000000,1.07200000,14.99
1749266639,16.33000000,7.01800000,14.99
1749266940,15.03000000,8.27800000,15.0
1749266940,15.04000000,5.28100000,15.0
1749266940,15.05000000,12.16100000,15.0
1749266940,15.06000000,32.99900000,15.0
1749266940,15.07000000,48.17000000,15.0
1749266940,15.08000000,55.18100000,15.0
1749266940,15.09000000,393.31900000,15.0
1749266940,15.10000000,63.39500000,15.0
1749266940,15.11000000,341.17800000,15.0
1749266940,15.12000000,59.33600000,15.0
1749266940,15.13000000,13.95700000,15.0
1749266940,15.14000000,1.45000000,15.0
1749266940,15.15000000,30.00700000,15.0
1749266940,15.16000000,68.04900000,15.0
1749266940,15.18000000,26.72200000,15.0
1749266940,15.19000000,6.07900000,15.0
1749266940,15.20000000,5.41000000,15.0
1749266940,15.21000000,16.42700000,15.0
1749266940,15.22000000,22.40100000,15.0
1749266940,15.23000000,53.08500000,15.0
1749266940,15.24000000,0.81300000,15.0
1749266940,15.25000000,8.37800000,15.0
1749266940,15.26000000,52.54800000,15.0
1749266940,15.27000000,3.73100000,15.0
1749266940,15.28000000,30.23500000,15.0
1749266940,15.29000000,189.64300000,15.0
1749266940,15.33000000,5.46800000,15.0
1749266940,15.34000000,17.09800000,15.0
1749266940,15.35000000,7.53200000,15.0
1749266940,15.36000000,11.61200000,15.0
1749266940,15.37000000,0.63100000,15.0
1749266940,15.39000000,67.28100000,15.0
1749266940,15.40000000,309.14400000,15.0
1749266940,15.41000000,64.27300000,15.0
1749266940,15.42000000,22.66200000,15.0
1749266940,15.43000000,573.24100000,15.0
1749266940,15.44000000,1.54500000,15.0
1749266940,15.45000000,400.50700000,15.0
1749266940,15.46000000,27.31500000,15.0
1749266940,15.50000000,5.41300000,15.0
1749266940,15.52000000,1.39600000,15.0
1749266940,15.53000000,40.15000000,15.0
1749266940,15.54000000,0.79700000,15.0
1749266940,15.55000000,32.89700000,15.0
1749266940,15.56000000,1.07200000,15.0
1749266940,15.57000000,64.53000000,15.0
1749266940,15.58000000,9.56400000,15.0
1749266940,15.59000000,9.19400000,15.0
1749266940,15.60000000,0.63100000,15.0
1749266940,15.64000000,0.79200000,15.0
1749266940,15.65000000,378.87300000,15.0
1749266940,15.66000000,2.42300000,15.0
1749266940,15.67000000,16.24800000,15.0
1749266940,15.68000000,13.29600000,15.0
1749266940,15.70000000,69.46100000,15.0
1749266940,15.72000000,55.86900000,15.0
1749266940,15.73000000,1.00000000,15.0
1749266940,15.75000000,30.78700000,15.0
1749266940,15.76000000,4.85500000,15.0
1749266940,15.77000000,1.30000000,15.0
1749266940,15.78000000,11.60700000,15.0
1749266940,15.80000000,391.40400000,15.0
1749266940,15.81000000,11.60700000,15.0
1749266940,15.83000000,0.87100000,15.0
1749266940,15.84000000,12.23800000,15.0
1749266940,15.85000000,46.09800000,15.0
1749266940,15.86000000,0.78100000,15.0
1749266940,15.87000000,11.60700000,15.0
1749266940,15.88000000,9.56400000,15.0
1749266940,15.89000000,3.41000000,15.0
1749266940,15.90000000,12.60700000,15.0
1749266940,15.93000000,31.00000000,15.0
1749266940,15.94000000,5.87200000,15.0
1749266940,15.97000000,70.98800000,15.0
1749266940,15.98000000,7.10100000,15.0
1749266940,16.00000000,182.19300000,15.0
1749266940,16.01000000,7.37300000,15.0
1749266940,16.03000000,4.77300000,15.0
1749266940,16.04000000,99.26900000,15.0
1749266940,16.05000000,37.18800000,15.0
1749266940,16.06000000,0.37300000,15.0
1749266940,16.08000000,0.77100000,15.0
1749266940,16.09000000,0.63100000,15.0
1749266940,16.10000000,1.00000000,15.0
1749266940,16.11000000,6.40700000,15.0
1749266940,16.14000000,33.47800000,15.0
1749266940,16.15000000,33.04000000,15.0
1749266940,16.17000000,4.56400000,15.0
1749266940,16.19000000,5.49100000,15.0
1749266940,16.20000000,104.93200000,15.0
1749266940,16.22000000,1.25600000,15.0
1749266940,16.23000000,403.74400000,15.0
1749266940,16.25000000,10.00000000,15.0
1749266940,16.27000000,27.15100000,15.0
1749266940,16.28000000,75.84600000,15.0
1749266940,16.29000000,18.27900000,15.0
1749266940,16.30000000,32.48700000,15.0
1749266940,16.32000000,1.07200000,15.0
1749266940,16.33000000,7.01800000,15.0
1749266940,16.35000000,25.00000000,15.0
1749267242,14.99000000,3.86500000,14.98
1749267242,15.00000000,9.39400000,14.98
1749267242,15.01000000,10.00600000,14.98
1749267242,15.02000000,15.02300000,14.98
1749267242,15.03000000,31.85800000,14.98
1749267242,15.04000000,52.04200000,14.98
1749267242,15.05000000,119.39000000,14.98
1749267242,15.06000000,300.74800000,14.98
1749267242,15.07000000,5.32100000,14.98
1749267242,15.08000000,103.69400000,14.98
1749267242,15.09000000,399.69100000,14.98
1749267242,15.10000000,3.88800000,14.98
1749267242,15.11000000,6.12400000,14.98
1749267242,15.12000000,5.19900000,14.98
1749267242,15.14000000,2.51000000,14.98
1749267242,15.15000000,49.93300000,14.98
1749267242,15.16000000,68.04900000,14.98
1749267242,15.17000000,0.72500000,14.98
1749267242,15.18000000,1.07200000,14.98
1749267242,15.19000000,10.49500000,14.98
1749267242,15.21000000,16.42700000,14.98
1749267242,15.22000000,15.26700000,14.98
1749267242,15.23000000,53.08500000,14.98
1749267242,15.24000000,0.81300000,14.98
1749267242,15.25000000,8.35400000,14.98
1749267242,15.26000000,3.64200000,14.98
1749267242,15.27000000,0.39400000,14.98
1749267242,15.28000000,201.43800000,14.98
1749267242,15.29000000,4.56400000,14.98
1749267242,15.30000000,52.17300000,14.98
1749267242,15.32000000,10.60900000,14.98
1749267242,15.33000000,5.46800000,14.98
1749267242,15.34000000,17.09800000,14.98
1749267242,15.35000000,7.53200000,14.98
1749267242,15.36000000,11.61200000,14.98
1749267242,15.37000000,17.27900000,14.98
1749267242,15.39000000,131.55400000,14.98
1749267242,15.40000000,309.14400000,14.98
1749267242,15.42000000,6.01400000,14.98
1749267242,15.43000000,573.24100000,14.98
1749267242,15.44000000,1.54500000,14.98
1749267242,15.45000000,400.50700000,14.98
1749267242,15.46000000,27.31500000,14.98
1749267242,15.50000000,5.41300000,14.98
1749267242,15.52000000,65.92600000,14.98
1749267242,15.53000000,40.15000000,14.98
1749267242,15.54000000,0.79700000,14.98
1749267242,15.55000000,32.89700000,14.98
1749267242,15.56000000,1.07200000,14.98
1749267242,15.58000000,9.56400000,14.98
1749267242,15.59000000,9.19400000,14.98
1749267242,15.60000000,0.63100000,14.98
1749267242,15.64000000,379.66500000,14.98
1749267242,15.66000000,68.59700000,14.98
1749267242,15.67000000,16.24800000,14.98
1749267242,15.68000000,13.29600000,14.98
1749267242,15.70000000,3.28700000,14.98
1749267242,15.72000000,55.86900000,14.98
1749267242,15.73000000,1.00000000,14.98
1749267242,15.75000000,30.78700000,14.98
1749267242,15.76000000,4.85500000,14.98
1749267242,15.77000000,1.30000000,14.98
1749267242,15.78000000,11.60700000,14.98
1749267242,15.80000000,391.40400000,14.98
1749267242,15.81000000,11.60700000,14.98
1749267242,15.83000000,0.87100000,14.98
1749267242,15.84000000,12.23800000,14.98
1749267242,15.85000000,46.09800000,14.98
1749267242,15.86000000,0.78100000,14.98
1749267242,15.87000000,11.60700000,14.98
1749267242,15.88000000,9.56400000,14.98
1749267242,15.89000000,3.41000000,14.98
1749267242,15.90000000,12.60700000,14.98
1749267242,15.93000000,31.00000000,14.98
1749267242,15.94000000,5.87200000,14.98
1749267242,15.97000000,70.98800000,14.98
1749267242,15.98000000,7.10100000,14.98
1749267242,16.00000000,182.19300000,14.98
1749267242,16.01000000,7.37300000,14.98
1749267242,16.03000000,4.77300000,14.98
1749267242,16.04000000,99.26900000,14.98
1749267242,16.05000000,37.18800000,14.98
1749267242,16.06000000,0.37300000,14.98
1749267242,16.08000000,0.77100000,14.98
1749267242,16.09000000,0.63100000,14.98
1749267242,16.10000000,1.00000000,14.98
1749267242,16.11000000,6.40700000,14.98
1749267242,16.14000000,33.47800000,14.98
1749267242,16.15000000,33.04000000,14.98
1749267242,16.17000000,4.56400000,14.98
1749267242,16.19000000,5.49100000,14.98
1749267242,16.20000000,104.93200000,14.98
1749267242,16.22000000,1.25600000,14.98
1749267242,16.23000000,403.74400000,14.98
1749267242,16.25000000,10.00000000,14.98
1749267242,16.27000000,27.15100000,14.98
1749267242,16.28000000,75.84600000,14.98
1749267242,16.29000000,18.27900000,14.98
1749267242,16.30000000,32.48700000,14.98
1749267242,16.32000000,1.07200000,14.98
1749267543,15.02000000,8.68500000,15.01
1749267543,15.03000000,17.88600000,15.01
1749267543,15.04000000,35.65300000,15.01
1749267543,15.05000000,29.09400000,15.01
1749267543,15.06000000,7.42500000,15.01
1749267543,15.07000000,303.41200000,15.01
1749267543,15.08000000,438.30400000,15.01
1749267543,15.09000000,108.58400000,15.01
1749267543,15.10000000,3.88800000,15.01
1749267543,15.11000000,54.97200000,15.01
1749267543,15.12000000,10.06200000,15.01
1749267543,15.13000000,3.01900000,15.01
1749267543,15.14000000,4.61700000,15.01
1749267543,15.15000000,46.50600000,15.01
1749267543,15.16000000,68.04900000,15.01
1749267543,15.17000000,21.02500000,15.01
1749267543,15.18000000,1.07200000,15.01
1749267543,15.19000000,7.13400000,15.01
1749267543,15.21000000,16.43000000,15.01
1749267543,15.22000000,15.26700000,15.01
1749267543,15.23000000,53.08500000,15.01
1749267543,15.24000000,0.81300000,15.01
1749267543,15.25000000,11.71500000,15.01
1749267543,15.26000000,3.64200000,15.01
1749267543,15.27000000,27.36400000,15.01
1749267543,15.28000000,185.07900000,15.01
1749267543,15.29000000,4.56400000,15.01
1749267543,15.30000000,52.17300000,15.01
1749267543,15.33000000,5.46800000,15.01
1749267543,15.34000000,0.80800000,15.01
1749267543,15.35000000,7.53200000,15.01
1749267543,15.36000000,11.61200000,15.01
1749267543,15.37000000,17.27900000,15.01
1749267543,15.38000000,19.69200000,15.01
1749267543,15.39000000,131.55400000,15.01
1749267543,15.40000000,309.14400000,15.01
1749267543,15.42000000,6.01400000,15.01
1749267543,15.43000000,573.24100000,15.01
1749267543,15.44000000,1.54500000,15.01
1749267543,15.45000000,0.36000000,15.01
1749267543,15.46000000,27.31500000,15.01
1749267543,15.50000000,62.31600000,15.01
1749267543,15.52000000,65.92600000,15.01
1749267543,15.53000000,40.15000000,15.01
1749267543,15.54000000,0.79700000,15.01
1749267543,15.55000000,32.89700000,15.01
1749267543,15.56000000,1.07200000,15.01
1749267543,15.58000000,9.56400000,15.01
1749267543,15.59000000,9.19400000,15.01
1749267543,15.60000000,0.63100000,15.01
1749267543,15.64000000,379.66500000,15.01
1749267543,15.66000000,68.59700000,15.01
1749267543,15.67000000,16.24800000,15.01
1749267543,15.68000000,13.29600000,15.01
1749267543,15.70000000,3.28700000,15.01
1749267543,15.72000000,55.86900000,15.01
1749267543,15.73000000,375.57100000,15.01
1749267543,15.75000000,30.78700000,15.01
1749267543,15.76000000,4.85500000,15.01
1749267543,15.77000000,1.30000000,15.01
1749267543,15.78000000,11.60700000,15.01
1749267543,15.80000000,16.83300000,15.01
1749267543,15.81000000,11.60700000,15.01
1749267543,15.83000000,0.87100000,15.01
1749267543,15.84000000,12.23800000,15.01
1749267543,15.85000000,46.09800000,15.01
1749267543,15.86000000,0.78100000,15.01
1749267543,15.87000000,11.60700000,15.01
1749267543,15.88000000,9.56400000,15.01
1749267543,15.89000000,3.41000000,15.01
1749267543,15.90000000,12.60700000,15.01
1749267543,15.93000000,31.00000000,15.01
1749267543,15.94000000,5.87200000,15.01
1749267543,15.97000000,70.98800000,15.01
1749267543,15.98000000,7.10100000,15.01
1749267543,16.00000000,182.19300000,15.01
1749267543,16.01000000,7.37300000,15.01
1749267543,16.03000000,4.77300000,15.01
1749267543,16.04000000,99.26900000,15.01
1749267543,16.05000000,37.18800000,15.01
1749267543,16.06000000,0.37300000,15.01
1749267543,16.08000000,0.77100000,15.01
1749267543,16.09000000,0.63100000,15.01
1749267543,16.10000000,1.00000000,15.01
1749267543,16.11000000,6.40700000,15.01
1749267543,16.14000000,33.47800000,15.01
1749267543,16.15000000,33.04000000,15.01
1749267543,16.17000000,4.56400000,15.01
1749267543,16.19000000,5.49100000,15.01
1749267543,16.20000000,428.48300000,15.01
1749267543,16.22000000,1.25600000,15.01
1749267543,16.23000000,403.74400000,15.01
1749267543,16.25000000,10.00000000,15.01
1749267543,16.27000000,27.15100000,15.01
1749267543,16.28000000,75.84600000,15.01
1749267543,16.29000000,18.27900000,15.01
1749267543,16.30000000,32.48700000,15.01
1749267543,16.32000000,1.07200000,15.01
1749267543,16.33000000,7.01800000,15.01
1749267543,16.35000000,25.00000000,15.01
1749267845,15.03000000,9.10600000,15.01
1749267845,15.04000000,9.32500000,15.01
1749267845,15.05000000,11.12600000,15.01
1749267845,15.06000000,52.66000000,15.01
1749267845,15.07000000,32.31300000,15.01
1749267845,15.08000000,62.36200000,15.01
1749267845,15.09000000,305.84400000,15.01
1749267845,15.10000000,345.84200000,15.01
1749267845,15.11000000,200.20300000,15.01
1749267845,15.12000000,5.19900000,15.01
1749267845,15.13000000,6.83800000,15.01
1749267845,15.14000000,1.45000000,15.01
1749267845,15.15000000,46.50600000,15.01
1749267845,15.16000000,68.04900000,15.01
1749267845,15.18000000,6.40100000,15.01
1749267845,15.19000000,0.72400000,15.01
1749267845,15.20000000,5.32100000,15.01
1749267845,15.21000000,16.43000000,15.01
1749267845,15.22000000,15.26700000,15.01
1749267845,15.23000000,53.08500000,15.01
1749267845,15.24000000,7.94700000,15.01
1749267845,15.25000000,8.37800000,15.01
1749267845,15.26000000,0.37500000,15.01
1749267845,15.27000000,23.81600000,15.01
1749267845,15.29000000,7.90100000,15.01
1749267845,15.30000000,55.44000000,15.01
1749267845,15.31000000,3.54800000,15.01
1749267845,15.32000000,185.07900000,15.01
1749267845,15.33000000,5.46800000,15.01
1749267845,15.34000000,0.80800000,15.01
1749267845,15.35000000,7.53200000,15.01
1749267845,15.36000000,11.61200000,15.01
1749267845,15.37000000,65.93700000,15.01
1749267845,15.38000000,19.69200000,15.01
1749267845,15.39000000,296.40900000,15.01
1749267845,15.40000000,14.69700000,15.01
1749267845,15.42000000,22.66200000,15.01
1749267845,15.43000000,637.51400000,15.01
1749267845,15.44000000,1.54500000,15.01
1749267845,15.45000000,0.36000000,15.01
1749267845,15.47000000,27.49400000,15.01
1749267845,15.50000000,62.31600000,15.01
1749267845,15.52000000,1.39600000,15.01
1749267845,15.53000000,40.15000000,15.01
1749267845,15.54000000,0.79700000,15.01
1749267845,15.55000000,32.89700000,15.01
1749267845,15.56000000,1.07200000,15.01
1749267845,15.57000000,64.53000000,15.01
1749267845,15.58000000,9.56400000,15.01
1749267845,15.59000000,9.19400000,15.01
1749267845,15.60000000,0.63100000,15.01
1749267845,15.61000000,79.63800000,15.01
1749267845,15.64000000,379.66500000,15.01
1749267845,15.66000000,2.42300000,15.01
1749267845,15.67000000,16.24800000,15.01
1749267845,15.68000000,13.29600000,15.01
1749267845,15.70000000,69.46100000,15.01
1749267845,15.72000000,55.86900000,15.01
1749267845,15.73000000,375.57100000,15.01
1749267845,15.75000000,30.78700000,15.01
1749267845,15.76000000,4.85500000,15.01
1749267845,15.77000000,1.30000000,15.01
1749267845,15.78000000,11.60700000,15.01
1749267845,15.80000000,16.83300000,15.01
1749267845,15.81000000,11.60700000,15.01
1749267845,15.83000000,0.87100000,15.01
1749267845,15.84000000,12.23800000,15.01
1749267845,15.85000000,46.09800000,15.01
1749267845,15.86000000,0.78100000,15.01
1749267845,15.87000000,11.60700000,15.01
1749267845,15.88000000,9.56400000,15.01
1749267845,15.89000000,3.41000000,15.01
1749267845,15.90000000,12.60700000,15.01
1749267845,15.93000000,31.00000000,15.01
1749267845,15.94000000,5.87200000,15.01
1749267845,15.97000000,70.98800000,15.01
1749267845,15.98000000,7.10100000,15.01
1749267845,16.00000000,182.19300000,15.01
1749267845,16.01000000,7.37300000,15.01
1749267845,16.03000000,4.77300000,15.01
1749267845,16.04000000,99.26900000,15.01
1749267845,16.05000000,37.18800000,15.01
1749267845,16.06000000,0.37300000,15.01
1749267845,16.08000000,0.77100000,15.01
1749267845,16.09000000,0.63100000,15.01
1749267845,16.10000000,1.00000000,15.01
1749267845,16.11000000,6.40700000,15.01
1749267845,16.14000000,33.47800000,15.01
1749267845,16.15000000,33.04000000,15.01
1749267845,16.17000000,4.56400000,15.01
1749267845,16.19000000,5.49100000,15.01
1749267845,16.20000000,428.48300000,15.01
1749267845,16.22000000,1.25600000,15.01
1749267845,16.23000000,2.89700000,15.01
1749267845,16.25000000,10.00000000,15.01
1749267845,16.27000000,27.15100000,15.01
1749267845,16.28000000,75.84600000,15.01
1749267845,16.29000000,18.27900000,15.01
1749267845,16.30000000,32.48700000,15.01
1749267845,16.32000000,1.07200000,15.01
1749268147,15.04000000,7.48300000,15.04
1749268147,15.05000000,15.12200000,15.04
1749268147,15.06000000,47.84500000,15.04
1749268147,15.07000000,35.72700000,15.04
1749268147,15.08000000,39.33700000,15.04
1749268147,15.09000000,583.72300000,15.04
1749268147,15.10000000,87.08800000,15.04
1749268147,15.11000000,151.62400000,15.04
1749268147,15.12000000,5.19900000,15.04
1749268147,15.13000000,6.83800000,15.04
