timestamp,price,volume,current_price
1749254531,10.47700000,0.96000000,10.477
1749254531,10.47800000,0.96000000,10.477
1749254531,10.47900000,0.96000000,10.477
1749254531,10.48000000,0.96000000,10.477
1749254531,10.48100000,4.44000000,10.477
1749254531,10.48200000,12.07000000,10.477
1749254531,10.48300000,12.07000000,10.477
1749254531,10.48400000,0.96000000,10.477
1749254531,10.48500000,0.96000000,10.477
1749254531,10.48600000,14.87000000,10.477
1749254531,10.48700000,21.97000000,10.477
1749254531,10.48800000,12.07000000,10.477
1749254531,10.48900000,43.16000000,10.477
1749254531,10.49000000,86.89000000,10.477
1749254531,10.49100000,58.66000000,10.477
1749254531,10.49200000,69.83000000,10.477
1749254531,10.49300000,0.96000000,10.477
1749254531,10.49400000,0.96000000,10.477
1749254531,10.49500000,28.38000000,10.477
1749254531,10.49600000,0.96000000,10.477
1749254531,10.49700000,58.56000000,10.477
1749254531,10.49800000,0.96000000,10.477
1749254531,10.49900000,12.20000000,10.477
1749254531,10.50000000,15.42000000,10.477
1749254531,10.50100000,10.49000000,10.477
1749254531,10.50200000,39.94000000,10.477
1749254531,10.50300000,153.46000000,10.477
1749254531,10.50400000,0.96000000,10.477
1749254531,10.50500000,0.96000000,10.477
1749254531,10.50600000,10.48000000,10.477
1749254531,10.50700000,17.59000000,10.477
1749254531,10.50800000,3.29000000,10.477
1749254531,10.50900000,10.50000000,10.477
1749254531,10.51000000,0.96000000,10.477
1749254531,10.51100000,0.96000000,10.477
1749254531,10.51200000,10.48000000,10.477
1749254531,10.51300000,97.94000000,10.477
1749254531,10.51400000,22.02000000,10.477
1749254531,10.51500000,0.96000000,10.477
1749254531,10.51600000,79.68000000,10.477
1749254531,10.51700000,79.35000000,10.477
1749254531,10.51800000,2.06000000,10.477
1749254531,10.51900000,33.43000000,10.477
1749254531,10.52000000,53.88000000,10.477
1749254531,10.52100000,3.34000000,10.477
1749254531,10.52200000,33.43000000,10.477
1749254531,10.52300000,2.93000000,10.477
1749254531,10.52400000,0.96000000,10.477
1749254531,10.52500000,23.91000000,10.477
1749254531,10.52600000,76.40000000,10.477
1749254531,10.52700000,33.42000000,10.477
1749254531,10.52800000,74.24000000,10.477
1749254531,10.52900000,73.83000000,10.477
1749254531,10.53000000,30.48000000,10.477
1749254531,10.53100000,23.91000000,10.477
1749254531,10.53200000,2.37000000,10.477
1749254531,10.53300000,3.46000000,10.477
1749254531,10.53400000,23.91000000,10.477
1749254531,10.53500000,3.33000000,10.477
1749254531,10.53600000,50.16000000,10.477
1749254531,10.53700000,0.96000000,10.477
1749254531,10.53800000,26.75000000,10.477
1749254531,10.53900000,0.96000000,10.477
1749254531,10.54000000,53.43000000,10.477
1749254531,10.54100000,0.96000000,10.477
1749254531,10.54200000,26.29000000,10.477
1749254531,10.54300000,8.82000000,10.477
1749254531,10.54400000,23.91000000,10.477
1749254531,10.54500000,69.83000000,10.477
1749254531,10.54600000,0.96000000,10.477
1749254531,10.54700000,23.91000000,10.477
1749254531,10.54800000,3.46000000,10.477
1749254531,10.54900000,53.43000000,10.477
1749254531,10.55000000,50.16000000,10.477
1749254531,10.55100000,0.96000000,10.477
1749254531,10.55200000,0.96000000,10.477
1749254531,10.55500000,22.95000000,10.477
1749254531,10.55600000,10.80000000,10.477
1749254531,10.55700000,22.95000000,10.477
1749254531,10.55800000,49.20000000,10.477
1749254531,10.55900000,52.47000000,10.477
1749254531,10.56500000,22.95000000,10.477
1749254531,10.56600000,73.75000000,10.477
1749254531,10.56700000,22.95000000,10.477
1749254531,10.56800000,29.52000000,10.477
1749254531,10.56900000,25.68000000,10.477
1749254531,10.57000000,5.25000000,10.477
1749254531,10.57100000,72.15000000,10.477
1749254531,10.57500000,171.71000000,10.477
1749254531,10.57700000,22.95000000,10.477
1749254531,10.57800000,68.87000000,10.477
1749254531,10.57900000,72.15000000,10.477
1749254531,10.58100000,22.95000000,10.477
1749254531,10.58300000,52.47000000,10.477
1749254531,10.58400000,2.45000000,10.477
1749254531,10.58500000,24.27000000,10.477
1749254531,10.58600000,49.20000000,10.477
1749254531,10.58700000,22.95000000,10.477
1749254531,10.58900000,3.40000000,10.477
1749254531,10.59100000,22.95000000,10.477
1749254836,10.49300000,0.47000000,10.496
1749254836,10.49400000,0.96000000,10.496
1749254836,10.49500000,0.96000000,10.496
1749254836,10.49600000,0.96000000,10.496
1749254836,10.49700000,8.73000000,10.496
1749254836,10.49800000,4.34000000,10.496
1749254836,10.49900000,24.36000000,10.496
1749254836,10.50000000,24.59000000,10.496
1749254836,10.50100000,24.38000000,10.496
1749254836,10.50200000,40.77000000,10.496
1749254836,10.50300000,99.35000000,10.496
1749254836,10.50400000,107.82000000,10.496
1749254836,10.50500000,192.19000000,10.496
1749254836,10.50600000,0.96000000,10.496
1749254836,10.50700000,0.96000000,10.496
1749254836,10.50800000,0.96000000,10.496
1749254836,10.50900000,0.96000000,10.496
1749254836,10.51000000,0.96000000,10.496
1749254836,10.51100000,0.96000000,10.496
1749254836,10.51200000,0.96000000,10.496
1749254836,10.51300000,29.65000000,10.496
1749254836,10.51400000,48.12000000,10.496
1749254836,10.51500000,119.03000000,10.496
1749254836,10.51600000,30.48000000,10.496
1749254836,10.51700000,10.48000000,10.496
1749254836,10.51800000,13.02000000,10.496
1749254836,10.51900000,47.43000000,10.496
1749254836,10.52000000,53.88000000,10.496
1749254836,10.52100000,10.48000000,10.496
1749254836,10.52200000,50.16000000,10.496
1749254836,10.52300000,3.73000000,10.496
1749254836,10.52400000,20.00000000,10.496
1749254836,10.52500000,95.84000000,10.496
1749254836,10.52600000,10.47000000,10.496
1749254836,10.52700000,10.47000000,10.496
1749254836,10.52800000,72.40000000,10.496
1749254836,10.52900000,50.88000000,10.496
1749254836,10.53000000,30.48000000,10.496
1749254836,10.53100000,10.47000000,10.496
1749254836,10.53200000,10.43000000,10.496
1749254836,10.53300000,3.75000000,10.496
1749254836,10.53400000,10.47000000,10.496
1749254836,10.53500000,0.96000000,10.496
1749254836,10.53600000,50.16000000,10.496
1749254836,10.53700000,10.47000000,10.496
1749254836,10.53800000,3.80000000,10.496
1749254836,10.53900000,10.49000000,10.496
1749254836,10.54000000,30.48000000,10.496
1749254836,10.54100000,0.96000000,10.496
1749254836,10.54200000,10.48000000,10.496
1749254836,10.54300000,8.83000000,10.496
1749254836,10.54400000,0.96000000,10.496
1749254836,10.54500000,69.83000000,10.496
1749254836,10.54600000,0.96000000,10.496
1749254836,10.54700000,66.75000000,10.496
1749254836,10.54800000,25.86000000,10.496
1749254836,10.54900000,30.48000000,10.496
1749254836,10.55000000,50.16000000,10.496
1749254836,10.55100000,0.96000000,10.496
1749254836,10.55200000,23.91000000,10.496
1749254836,10.55300000,3.02000000,10.496
1749254836,10.55400000,0.96000000,10.496
1749254836,10.55500000,0.96000000,10.496
1749254836,10.55600000,34.71000000,10.496
1749254836,10.55700000,0.96000000,10.496
1749254836,10.55800000,75.40000000,10.496
1749254836,10.55900000,30.48000000,10.496
1749254836,10.56000000,0.96000000,10.496
1749254836,10.56100000,0.96000000,10.496
1749254836,10.56200000,23.91000000,10.496
1749254836,10.56300000,3.26000000,10.496
1749254836,10.56400000,23.91000000,10.496
1749254836,10.56500000,0.96000000,10.496
1749254836,10.56600000,97.66000000,10.496
1749254836,10.56700000,0.96000000,10.496
1749254836,10.56800000,53.43000000,10.496
1749254836,10.56900000,3.69000000,10.496
1749254836,10.57000000,28.20000000,10.496
1749254836,10.57100000,50.96000000,10.496
1749254836,10.57700000,22.95000000,10.496
1749254836,10.57800000,68.87000000,10.496
1749254836,10.57900000,72.15000000,10.496
1749254836,10.58300000,52.47000000,10.496
1749254836,10.58400000,2.45000000,10.496
1749254836,10.58500000,24.27000000,10.496
1749254836,10.58600000,49.20000000,10.496
1749254836,10.58700000,22.95000000,10.496
1749254836,10.58900000,3.40000000,10.496
1749254836,10.59100000,22.95000000,10.496
1749254836,10.59200000,0.82000000,10.496
1749254836,10.59400000,69.82000000,10.496
1749254836,10.59500000,22.95000000,10.496
1749254836,10.59700000,40.49000000,10.496
1749254836,10.59800000,49.20000000,10.496
1749254836,10.59900000,53.19000000,10.496
1749254836,10.60000000,614.20000000,10.496
1749254836,10.60100000,32.95000000,10.496
1749254836,10.60500000,33.70000000,10.496
1749254836,10.60700000,0.77000000,10.496
1749254836,10.61100000,33.90000000,10.496
