timestamp,price,volume,current_price
1749258298,10.28800000,0.98000000,10.29
1749258298,10.28900000,0.98000000,10.29
1749258298,10.29000000,9.16000000,10.29
1749258298,10.29100000,0.98000000,10.29
1749258298,10.29200000,0.98000000,10.29
1749258298,10.29300000,0.98000000,10.29
1749258298,10.29400000,0.98000000,10.29
1749258298,10.29500000,1.47000000,10.29
1749258298,10.29600000,3.23000000,10.29
1749258298,10.29700000,24.86000000,10.29
1749258298,10.29800000,50.34000000,10.29
1749258298,10.29900000,123.33000000,10.29
1749258298,10.30000000,34.60000000,10.29
1749258298,10.30100000,123.93000000,10.29
1749258298,10.30200000,67.83000000,10.29
1749258298,10.30300000,36.83000000,10.29
1749258298,10.30400000,13.99000000,10.29
1749258298,10.30500000,48.74000000,10.29
1749258298,10.30600000,0.98000000,10.29
1749258298,10.30700000,14.15000000,10.29
1749258298,10.30800000,22.51000000,10.29
1749258298,10.30900000,101.59000000,10.29
1749258298,10.31000000,147.48000000,10.29
1749258298,10.31100000,50.90000000,10.29
1749258298,10.31200000,10.73000000,10.29
1749258298,10.31300000,54.73000000,10.29
1749258298,10.31400000,1.56000000,10.29
1749258298,10.31500000,0.98000000,10.29
1749258298,10.31600000,77.91000000,10.29
1749258298,10.31700000,58.83000000,10.29
1749258298,10.31800000,7.53000000,10.29
1749258298,10.31900000,10.72000000,10.29
1749258298,10.32000000,0.98000000,10.29
1749258298,10.32100000,0.98000000,10.29
1749258298,10.32200000,79.59000000,10.29
1749258298,10.32300000,15.27000000,10.29
1749258298,10.32400000,79.02000000,10.29
1749258298,10.32500000,11.78000000,10.29
1749258298,10.32600000,0.98000000,10.29
1749258298,10.32700000,10.72000000,10.29
1749258298,10.32800000,33.27000000,10.29
1749258298,10.32900000,0.98000000,10.29
1749258298,10.33000000,0.98000000,10.29
1749258298,10.33100000,10.72000000,10.29
1749258298,10.33200000,62.35000000,10.29
1749258298,10.33300000,71.92000000,10.29
1749258298,10.33400000,0.98000000,10.29
1749258298,10.33500000,10.71000000,10.29
1749258298,10.33600000,0.98000000,10.29
1749258298,10.33700000,0.98000000,10.29
1749258298,10.33800000,19.89000000,10.29
1749258298,10.33900000,52.61000000,10.29
1749258298,10.34000000,0.98000000,10.29
1749258298,10.34100000,81.39000000,10.29
1749258298,10.34200000,586.29000000,10.29
1749258298,10.34300000,12.95000000,10.29
1749258298,10.34400000,0.98000000,10.29
1749258298,10.34500000,10.70000000,10.29
1749258298,10.34600000,72.28000000,10.29
1749258298,10.34700000,0.98000000,10.29
1749258298,10.34800000,3.18000000,10.29
1749258298,10.34900000,32.12000000,10.29
1749258298,10.35000000,52.08000000,10.29
1749258298,10.35100000,0.98000000,10.29
1749258298,10.35200000,10.70000000,10.29
1749258298,10.35300000,85.27000000,10.29
1749258298,10.35400000,50.18000000,10.29
1749258298,10.35500000,0.98000000,10.29
1749258298,10.35600000,5.57000000,10.29
1749258298,10.35700000,10.70000000,10.29
1749258298,10.35800000,30.50000000,10.29
1749258298,10.35900000,0.98000000,10.29
1749258298,10.36000000,3.40000000,10.29
1749258298,10.36100000,69.85000000,10.29
1749258298,10.36200000,0.98000000,10.29
1749258298,10.36300000,0.98000000,10.29
1749258298,10.36700000,2.43000000,10.29
1749258298,10.36800000,196.08000000,10.29
1749258298,10.36900000,49.20000000,10.29
1749258298,10.37500000,29.52000000,10.29
1749258298,10.37900000,71.36000000,10.29
1749258298,10.38200000,21.75000000,10.29
1749258298,10.38400000,53.52000000,10.29
1749258298,10.38900000,1.94000000,10.29
1749258298,10.39000000,29.52000000,10.29
1749258298,10.39200000,22.64000000,10.29
1749258298,10.39300000,66.93000000,10.29
1749258298,10.39400000,11.15000000,10.29
1749258298,10.39700000,0.58000000,10.29
1749258298,10.39900000,49.20000000,10.29
1749258298,10.40000000,1.62000000,10.29
1749258298,10.40200000,0.58000000,10.29
1749258298,10.40700000,30.35000000,10.29
1749258298,10.40900000,3.42000000,10.29
1749258298,10.41400000,49.20000000,10.29
1749258298,10.41600000,68.87000000,10.29
1749258298,10.41800000,32.17000000,10.29
1749258298,10.41900000,441.92000000,10.29
1749258298,10.42000000,1.07000000,10.29
1749258298,10.42500000,11.49000000,10.29
1749258612,10.37500000,12.11000000,10.375
1749258612,10.37600000,0.97000000,10.375
1749258612,10.37700000,0.97000000,10.375
1749258612,10.37800000,0.97000000,10.375
1749258612,10.37900000,0.97000000,10.375
1749258612,10.38000000,35.26000000,10.375
1749258612,10.38100000,69.84000000,10.375
1749258612,10.38200000,63.51000000,10.375
1749258612,10.38300000,3.09000000,10.375
1749258612,10.38400000,4.40000000,10.375
1749258612,10.38500000,24.66000000,10.375
1749258612,10.38600000,24.65000000,10.375
1749258612,10.38700000,54.18000000,10.375
1749258612,10.38800000,42.89000000,10.375
1749258612,10.38900000,50.17000000,10.375
1749258612,10.39000000,24.65000000,10.375
1749258612,10.39100000,67.68000000,10.375
1749258612,10.39200000,56.79000000,10.375
1749258612,10.39300000,43.73000000,10.375
1749258612,10.39400000,0.97000000,10.375
1749258612,10.39500000,10.60000000,10.375
1749258612,10.39600000,30.49000000,10.375
1749258612,10.39700000,50.17000000,10.375
1749258612,10.39800000,3.45000000,10.375
1749258612,10.39900000,0.97000000,10.375
1749258612,10.40000000,13.00000000,10.375
1749258612,10.40100000,0.97000000,10.375
1749258612,10.40200000,0.97000000,10.375
1749258612,10.40300000,12.86000000,10.375
1749258612,10.40400000,41.16000000,10.375
1749258612,10.40500000,88.75000000,10.375
1749258612,10.40600000,97.08000000,10.375
1749258612,10.40700000,50.17000000,10.375
1749258612,10.40800000,12.58000000,10.375
1749258612,10.40900000,4.39000000,10.375
1749258612,10.41000000,10.63000000,10.375
1749258612,10.41100000,0.97000000,10.375
1749258612,10.41200000,0.97000000,10.375
1749258612,10.41300000,3.09000000,10.375
1749258612,10.41400000,50.17000000,10.375
1749258612,10.41500000,10.63000000,10.375
1749258612,10.41600000,72.24000000,10.375
1749258612,10.41700000,10.63000000,10.375
1749258612,10.41800000,35.35000000,10.375
1749258612,10.41900000,0.97000000,10.375
1749258612,10.42000000,11.16000000,10.375
1749258612,10.42100000,0.97000000,10.375
1749258612,10.42200000,51.86000000,10.375
1749258612,10.42300000,3.29000000,10.375
1749258612,10.42400000,10.63000000,10.375
1749258612,10.42500000,34.38000000,10.375
1749258612,10.42600000,0.97000000,10.375
1749258612,10.42700000,10.60000000,10.375
1749258612,10.42800000,13.08000000,10.375
1749258612,10.42900000,140.79000000,10.375
1749258612,10.43000000,0.97000000,10.375
1749258612,10.43100000,10.63000000,10.375
1749258612,10.43200000,3.37000000,10.375
1749258612,10.43300000,0.97000000,10.375
1749258612,10.43400000,0.97000000,10.375
1749258612,10.43500000,30.49000000,10.375
1749258612,10.43600000,59.83000000,10.375
1749258612,10.43700000,0.97000000,10.375
1749258612,10.43800000,14.44000000,10.375
1749258612,10.43900000,381.00000000,10.375
1749258612,10.44000000,10.63000000,10.375
1749258612,10.44100000,90.99000000,10.375
1749258612,10.44200000,0.97000000,10.375
1749258612,10.44300000,0.97000000,10.375
1749258612,10.44400000,50.17000000,10.375
1749258612,10.44500000,10.63000000,10.375
1749258612,10.44600000,0.97000000,10.375
1749258612,10.44700000,10.63000000,10.375
1749258612,10.44800000,3.37000000,10.375
1749258612,10.44900000,0.97000000,10.375
1749258612,10.45000000,0.97000000,10.375
1749258612,10.45200000,29.52000000,10.375
1749258612,10.45500000,173.34000000,10.375
1749258612,10.45700000,49.20000000,10.375
1749258612,10.45800000,71.78000000,10.375
1749258612,10.46000000,0.72000000,10.375
1749258612,10.46200000,13.60000000,10.375
1749258612,10.46300000,70.99000000,10.375
1749258612,10.46400000,51.04000000,10.375
1749258612,10.46500000,29.52000000,10.375
1749258612,10.47100000,68.87000000,10.375
1749258612,10.47200000,49.20000000,10.375
1749258612,10.47500000,14.45000000,10.375
1749258612,10.48000000,2.41000000,10.375
1749258612,10.48100000,2.47000000,10.375
1749258612,10.48200000,29.52000000,10.375
1749258612,10.48700000,49.20000000,10.375
1749258612,10.48900000,68.87000000,10.375
1749258612,10.49400000,140.67000000,10.375
1749258612,10.49600000,2.41000000,10.375
1749258612,10.49900000,42.65000000,10.375
1749258612,10.50000000,52.92000000,10.375
1749258612,10.50200000,49.20000000,10.375
1749258612,10.50400000,12.16000000,10.375
1749258612,10.50500000,13.38000000,10.375
1749258942,10.34700000,4.84000000,10.347
1749258942,10.34900000,0.97000000,10.347
1749258942,10.35000000,0.97000000,10.347
1749258942,10.35100000,3.83000000,10.347
1749258942,10.35200000,0.97000000,10.347
1749258942,10.35300000,16.04000000,10.347
1749258942,10.35400000,10.97000000,10.347
1749258942,10.35500000,10.10000000,10.347
1749258942,10.35600000,50.17000000,10.347
1749258942,10.35700000,16.03000000,10.347
1749258942,10.35800000,24.92000000,10.347
1749258942,10.35900000,69.84000000,10.347
1749258942,10.36000000,10.62000000,10.347
1749258942,10.36100000,71.86000000,10.347
1749258942,10.36200000,144.80000000,10.347
1749258942,10.36300000,136.51000000,10.347
1749258942,10.36400000,331.51000000,10.347
1749258942,10.36500000,98.11000000,10.347
1749258942,10.36600000,0.97000000,10.347
1749258942,10.36700000,41.40000000,10.347
1749258942,10.36800000,135.33000000,10.347
1749258942,10.36900000,109.16000000,10.347
1749258942,10.37000000,57.00000000,10.347
1749258942,10.37100000,79.49000000,10.347
1749258942,10.37200000,124.72000000,10.347
1749258942,10.37300000,202.07000000,10.347
1749258942,10.37400000,109.95000000,10.347
1749258942,10.37500000,0.97000000,10.347
1749258942,10.37600000,101.16000000,10.347
1749258942,10.37700000,29.81000000,10.347
1749258942,10.37800000,110.34000000,10.347
1749258942,10.37900000,32.18000000,10.347
1749258942,10.38000000,193.73000000,10.347
1749258942,10.38100000,10.60000000,10.347
1749258942,10.38200000,69.84000000,10.347
1749258942,10.38300000,22.75000000,10.347
1749258942,10.38400000,13.00000000,10.347
1749258942,10.38500000,0.97000000,10.347
1749258942,10.38600000,10.60000000,10.347
1749258942,10.38700000,0.97000000,10.347
1749258942,10.38800000,81.95000000,10.347
1749258942,10.38900000,0.97000000,10.347
1749258942,10.39000000,10.60000000,10.347
1749258942,10.39100000,0.97000000,10.347
1749258942,10.39200000,10.60000000,10.347
1749258942,10.39300000,3.64000000,10.347
1749258942,10.39400000,69.84000000,10.347
1749258942,10.39500000,10.60000000,10.347
1749258942,10.39600000,50.17000000,10.347
1749258942,10.39700000,0.97000000,10.347
1749258942,10.39800000,32.52000000,10.347
1749258942,10.39900000,10.59000000,10.347
1749258942,10.40000000,3.37000000,10.347
1749258942,10.40100000,0.97000000,10.347
1749258942,10.40200000,10.59000000,10.347
1749258942,10.40300000,3.45000000,10.347
1749258942,10.40400000,50.17000000,10.347
1749258942,10.40500000,10.59000000,10.347
1749258942,10.40600000,69.84000000,10.347
1749258942,10.40700000,51.86000000,10.347
1749258942,10.40800000,42.82000000,10.347
1749258942,10.40900000,22.89000000,10.347
1749258942,10.41000000,0.97000000,10.347
1749258942,10.41100000,32.33000000,10.347
1749258942,10.41200000,50.17000000,10.347
1749258942,10.41300000,3.08000000,10.347
1749258942,10.41400000,0.97000000,10.347
1749258942,10.41500000,10.58000000,10.347
1749258942,10.41600000,3.37000000,10.347
1749258942,10.41700000,99.36000000,10.347
1749258942,10.41800000,12.50000000,10.347
1749258942,10.41900000,0.97000000,10.347
1749258942,10.42000000,50.17000000,10.347
1749258942,10.42100000,10.57000000,10.347
1749258942,10.42200000,0.97000000,10.347
1749258942,10.42400000,9.59000000,10.347
1749258942,10.42500000,30.74000000,10.347
1749258942,10.42600000,29.52000000,10.347
1749258942,10.42800000,49.20000000,10.347
1749258942,10.42900000,67.83000000,10.347
1749258942,10.43000000,183.34000000,10.347
1749258942,10.43100000,9.59000000,10.347
1749258942,10.43200000,2.39000000,10.347
1749258942,10.43400000,1.43000000,10.347
1749258942,10.43500000,29.52000000,10.347
1749258942,10.43600000,58.86000000,10.347
1749258942,10.43800000,13.47000000,10.347
1749258942,10.44100000,117.82000000,10.347
1749258942,10.44400000,49.20000000,10.347
1749258942,10.44600000,71.15000000,10.347
1749258942,10.44800000,2.40000000,10.347
1749258942,10.45100000,22.95000000,10.347
1749258942,10.45200000,29.52000000,10.347
1749258942,10.45700000,49.20000000,10.347
1749258942,10.45800000,71.78000000,10.347
1749258942,10.46000000,0.72000000,10.347
1749258942,10.46200000,13.60000000,10.347
1749258942,10.46400000,2.40000000,10.347
1749258942,10.46500000,29.52000000,10.347
1749258942,10.47100000,68.87000000,10.347
1749259244,10.34600000,12.11000000,10.346
1749259244,10.34700000,0.97000000,10.346
1749259244,10.34800000,0.97000000,10.346
1749259244,10.34900000,0.97000000,10.346
1749259244,10.35000000,16.04000000,10.346
1749259244,10.35100000,10.97000000,10.346
1749259244,10.35200000,0.97000000,10.346
1749259244,10.35300000,48.28000000,10.346
1749259244,10.35400000,107.70000000,10.346
1749259244,10.35500000,20.43000000,10.346
1749259244,10.35600000,90.41000000,10.346
1749259244,10.35700000,154.16000000,10.346
1749259244,10.35800000,241.17000000,10.346
1749259244,10.35900000,233.26000000,10.346
1749259244,10.36000000,144.17000000,10.346
1749259244,10.36100000,184.82000000,10.346
1749259244,10.36200000,234.95000000,10.346
1749259244,10.36300000,13.02000000,10.346
1749259244,10.36400000,151.39000000,10.346
1749259244,10.36500000,0.97000000,10.346
1749259244,10.36600000,0.97000000,10.346
1749259244,10.36700000,10.63000000,10.346
1749259244,10.36800000,5.45000000,10.346
1749259244,10.36900000,10.63000000,10.346
1749259244,10.37000000,261.53000000,10.346
1749259244,10.37100000,146.27000000,10.346
1749259244,10.37200000,50.17000000,10.346
1749259244,10.37300000,3.64000000,10.346
1749259244,10.37400000,29.54000000,10.346
1749259244,10.37500000,0.97000000,10.346
1749259244,10.37600000,0.97000000,10.346
1749259244,10.37700000,0.97000000,10.346
1749259244,10.37800000,12.58000000,10.346
1749259244,10.37900000,107.29000000,10.346
1749259244,10.38000000,50.17000000,10.346
1749259244,10.38100000,12.29000000,10.346
1749259244,10.38200000,69.84000000,10.346
1749259244,10.38300000,3.84000000,10.346
1749259244,10.38400000,13.00000000,10.346
1749259244,10.38500000,0.97000000,10.346
1749259244,10.38600000,10.60000000,10.346
1749259244,10.38700000,0.97000000,10.346
1749259244,10.38800000,81.95000000,10.346
1749259244,10.38900000,0.97000000,10.346
1749259244,10.39000000,10.60000000,10.346
1749259244,10.39100000,0.97000000,10.346
1749259244,10.39200000,10.60000000,10.346
1749259244,10.39300000,25.56000000,10.346
1749259244,10.39400000,69.84000000,10.346
1749259244,10.39500000,10.60000000,10.346
1749259244,10.39600000,50.17000000,10.346
1749259244,10.39700000,0.97000000,10.346
1749259244,10.39800000,54.27000000,10.346
1749259244,10.39900000,10.59000000,10.346
1749259244,10.40000000,3.37000000,10.346
1749259244,10.40100000,0.97000000,10.346
1749259244,10.40200000,10.59000000,10.346
1749259244,10.40300000,26.30000000,10.346
1749259244,10.40400000,50.17000000,10.346
1749259244,10.40500000,61.48000000,10.346
1749259244,10.40600000,69.84000000,10.346
1749259244,10.40700000,23.92000000,10.346
1749259244,10.40800000,40.10000000,10.346
1749259244,10.40900000,0.97000000,10.346
1749259244,10.41000000,45.07000000,10.346
1749259244,10.41100000,10.58000000,10.346
1749259244,10.41200000,73.12000000,10.346
1749259244,10.41300000,0.97000000,10.346
1749259244,10.41400000,23.92000000,10.346
1749259244,10.41500000,10.58000000,10.346
1749259244,10.41600000,35.98000000,10.346
1749259244,10.41700000,99.36000000,10.346
1749259244,10.41800000,23.92000000,10.346
1749259244,10.41900000,175.01000000,10.346
1749259244,10.42000000,73.12000000,10.346
1749259244,10.42100000,0.97000000,10.346
1749259244,10.42500000,22.95000000,10.346
1749259244,10.42600000,29.52000000,10.346
1749259244,10.42700000,22.95000000,10.346
1749259244,10.42800000,49.20000000,10.346
1749259244,10.42900000,67.83000000,10.346
1749259244,10.43000000,22.95000000,10.346
1749259244,10.43200000,74.54000000,10.346
1749259244,10.43400000,95.66000000,10.346
1749259244,10.43500000,29.52000000,10.346
1749259244,10.43600000,72.15000000,10.346
1749259244,10.43800000,26.76000000,10.346
1749259244,10.44000000,22.95000000,10.346
1749259244,10.44100000,68.87000000,10.346
1749259244,10.44300000,22.95000000,10.346
1749259244,10.44400000,49.20000000,10.346
1749259244,10.44500000,22.95000000,10.346
1749259244,10.44800000,2.40000000,10.346
1749259244,10.45100000,22.95000000,10.346
1749259244,10.45200000,29.52000000,10.346
1749259244,10.45300000,22.95000000,10.346
1749259244,10.45700000,49.20000000,10.346
1749259244,10.45800000,71.78000000,10.346
1749259244,10.46000000,0.72000000,10.346
1749259244,10.46200000,13.60000000,10.346
