timestamp,price,volume,current_price
1749260716,10.39800000,0.97000000,10.397
1749260716,10.39900000,0.97000000,10.397
1749260716,10.40000000,0.97000000,10.397
1749260716,10.40100000,0.97000000,10.397
1749260716,10.40200000,99.42000000,10.397
1749260716,10.40300000,0.97000000,10.397
1749260716,10.40400000,97.16000000,10.397
1749260716,10.40500000,481.03000000,10.397
1749260716,10.40600000,0.97000000,10.397
1749260716,10.40700000,29.09000000,10.397
1749260716,10.40800000,3.14000000,10.397
1749260716,10.40900000,4.39000000,10.397
1749260716,10.41000000,0.97000000,10.397
1749260716,10.41100000,247.30000000,10.397
1749260716,10.41200000,124.45000000,10.397
1749260716,10.41300000,101.50000000,10.397
1749260716,10.41400000,10.58000000,10.397
1749260716,10.41500000,59.56000000,10.397
1749260716,10.41600000,204.66000000,10.397
1749260716,10.41700000,167.71000000,10.397
1749260716,10.41800000,12.70000000,10.397
1749260716,10.41900000,148.60000000,10.397
1749260716,10.42000000,1.50000000,10.397
1749260716,10.42100000,10.62000000,10.397
1749260716,10.42200000,4.79000000,10.397
1749260716,10.42300000,110.27000000,10.397
1749260716,10.42400000,10.62000000,10.397
1749260716,10.42500000,116.63000000,10.397
1749260716,10.42600000,51.86000000,10.397
1749260716,10.42700000,0.97000000,10.397
1749260716,10.42800000,2.94000000,10.397
1749260716,10.42900000,68.80000000,10.397
1749260716,10.43000000,18.62000000,10.397
1749260716,10.43100000,19.88000000,10.397
1749260716,10.43200000,10.61000000,10.397
1749260716,10.43300000,74.68000000,10.397
1749260716,10.43400000,0.97000000,10.397
1749260716,10.43500000,0.97000000,10.397
1749260716,10.43600000,10.61000000,10.397
1749260716,10.43700000,8.98000000,10.397
1749260716,10.43800000,25.99000000,10.397
1749260716,10.43900000,59.80000000,10.397
1749260716,10.44000000,33.55000000,10.397
1749260716,10.44100000,69.84000000,10.397
1749260716,10.44200000,53.44000000,10.397
1749260716,10.44300000,3.62000000,10.397
1749260716,10.44400000,23.92000000,10.397
1749260716,10.44500000,10.59000000,10.397
1749260716,10.44600000,23.92000000,10.397
1749260716,10.44700000,0.97000000,10.397
1749260716,10.44800000,63.61000000,10.397
1749260716,10.44900000,0.97000000,10.397
1749260716,10.45000000,23.92000000,10.397
1749260716,10.45100000,10.59000000,10.397
1749260716,10.45200000,10.59000000,10.397
1749260716,10.45300000,26.42000000,10.397
1749260716,10.45400000,50.17000000,10.397
1749260716,10.45500000,27.73000000,10.397
1749260716,10.45600000,10.58000000,10.397
1749260716,10.45700000,53.44000000,10.397
1749260716,10.45800000,72.75000000,10.397
1749260716,10.45900000,0.97000000,10.397
1749260716,10.46000000,34.25000000,10.397
1749260716,10.46100000,59.78000000,10.397
1749260716,10.46200000,37.52000000,10.397
1749260716,10.46300000,0.97000000,10.397
1749260716,10.46400000,0.97000000,10.397
1749260716,10.46500000,0.97000000,10.397
1749260716,10.46600000,24.40000000,10.397
1749260716,10.46700000,140.17000000,10.397
1749260716,10.46800000,23.92000000,10.397
1749260716,10.46900000,50.17000000,10.397
1749260716,10.47000000,23.92000000,10.397
1749260716,10.47100000,69.84000000,10.397
1749260716,10.47200000,23.92000000,10.397
1749260716,10.47300000,0.97000000,10.397
1749260716,10.47400000,30.49000000,10.397
1749260716,10.47500000,133.52000000,10.397
1749260716,10.47700000,22.95000000,10.397
1749260716,10.48100000,2.47000000,10.397
1749260716,10.48300000,195.98000000,10.397
1749260716,10.48400000,49.20000000,10.397
1749260716,10.48500000,22.95000000,10.397
1749260716,10.48600000,47.90000000,10.397
1749260716,10.48700000,22.95000000,10.397
1749260716,10.48900000,91.82000000,10.397
1749260716,10.49100000,52.47000000,10.397
1749260716,10.49300000,22.95000000,10.397
1749260716,10.49400000,1.47000000,10.397
1749260716,10.49500000,93.60000000,10.397
1749260716,10.49900000,85.28000000,10.397
1749260716,10.50000000,52.92000000,10.397
1749260716,10.50100000,22.95000000,10.397
1749260716,10.50400000,12.16000000,10.397
1749260716,10.50500000,9.56000000,10.397
1749260716,10.50800000,29.52000000,10.397
1749260716,10.51300000,72.26000000,10.397
1749260716,10.51600000,0.53000000,10.397
1749260716,10.51800000,60.20000000,10.397
1749260716,10.52500000,41.66000000,10.397
1749261036,10.40000000,32.64000000,10.399
1749261036,10.40100000,0.97000000,10.399
1749261036,10.40200000,0.97000000,10.399
1749261036,10.40300000,25.72000000,10.399
1749261036,10.40400000,192.71000000,10.399
1749261036,10.40500000,6.41000000,10.399
1749261036,10.40600000,10.97000000,10.399
1749261036,10.40700000,0.97000000,10.399
1749261036,10.40800000,0.97000000,10.399
1749261036,10.40900000,0.97000000,10.399
1749261036,10.41000000,10.58000000,10.399
1749261036,10.41100000,93.04000000,10.399
1749261036,10.41200000,66.68000000,10.399
1749261036,10.41300000,123.04000000,10.399
1749261036,10.41400000,98.86000000,10.399
1749261036,10.41500000,10.57000000,10.399
1749261036,10.41600000,108.96000000,10.399
1749261036,10.41700000,196.12000000,10.399
1749261036,10.41800000,3.80000000,10.399
1749261036,10.41900000,79.08000000,10.399
1749261036,10.42000000,1.50000000,10.399
1749261036,10.42100000,101.43000000,10.399
1749261036,10.42200000,0.97000000,10.399
1749261036,10.42300000,30.01000000,10.399
1749261036,10.42400000,0.97000000,10.399
1749261036,10.42500000,40.12000000,10.399
1749261036,10.42600000,50.17000000,10.399
1749261036,10.42700000,0.97000000,10.399
1749261036,10.42800000,12.57000000,10.399
1749261036,10.42900000,135.25000000,10.399
1749261036,10.43000000,87.02000000,10.399
1749261036,10.43100000,10.60000000,10.399
1749261036,10.43200000,0.97000000,10.399
1749261036,10.43300000,22.68000000,10.399
1749261036,10.43400000,23.92000000,10.399
1749261036,10.43500000,10.60000000,10.399
1749261036,10.43600000,23.92000000,10.399
1749261036,10.43700000,8.99000000,10.399
1749261036,10.43800000,35.62000000,10.399
1749261036,10.43900000,50.17000000,10.399
1749261036,10.44000000,23.92000000,10.399
1749261036,10.44100000,69.84000000,10.399
1749261036,10.44200000,63.07000000,10.399
1749261036,10.44300000,3.62000000,10.399
1749261036,10.44400000,23.92000000,10.399
1749261036,10.44500000,61.49000000,10.399
1749261036,10.44600000,23.92000000,10.399
1749261036,10.44700000,10.58000000,10.399
1749261036,10.44800000,26.56000000,10.399
1749261036,10.44900000,0.97000000,10.399
1749261036,10.45000000,27.74000000,10.399
1749261036,10.45100000,0.97000000,10.399
1749261036,10.45200000,11.29000000,10.399
1749261036,10.45300000,26.18000000,10.399
1749261036,10.45400000,50.17000000,10.399
1749261036,10.45500000,27.73000000,10.399
1749261036,10.45600000,10.59000000,10.399
1749261036,10.45700000,53.44000000,10.399
1749261036,10.45800000,74.79000000,10.399
1749261036,10.45900000,10.59000000,10.399
1749261036,10.46000000,29.10000000,10.399
1749261036,10.46100000,59.78000000,10.399
1749261036,10.46200000,37.52000000,10.399
1749261036,10.46300000,0.97000000,10.399
1749261036,10.46400000,0.97000000,10.399
1749261036,10.46500000,10.57000000,10.399
1749261036,10.46600000,23.92000000,10.399
1749261036,10.46700000,140.17000000,10.399
1749261036,10.46800000,23.92000000,10.399
1749261036,10.46900000,50.17000000,10.399
1749261036,10.47000000,23.92000000,10.399
1749261036,10.47100000,69.84000000,10.399
1749261036,10.47200000,23.92000000,10.399
1749261036,10.47300000,0.97000000,10.399
1749261036,10.47400000,53.44000000,10.399
1749261036,10.47500000,15.42000000,10.399
1749261036,10.47600000,22.95000000,10.399
1749261036,10.47700000,173.02000000,10.399
1749261036,10.47800000,22.95000000,10.399
1749261036,10.48100000,2.47000000,10.399
1749261036,10.48200000,22.95000000,10.399
1749261036,10.48400000,72.15000000,10.399
1749261036,10.48800000,47.92000000,10.399
1749261036,10.48900000,68.87000000,10.399
1749261036,10.49000000,22.95000000,10.399
1749261036,10.49100000,29.52000000,10.399
1749261036,10.49200000,22.95000000,10.399
1749261036,10.49400000,72.13000000,10.399
1749261036,10.49900000,62.33000000,10.399
1749261036,10.50000000,75.87000000,10.399
1749261036,10.50300000,96.12000000,10.399
1749261036,10.50400000,35.11000000,10.399
1749261036,10.50500000,9.56000000,10.399
1749261036,10.50800000,29.52000000,10.399
1749261036,10.51300000,72.26000000,10.399
1749261036,10.51400000,49.20000000,10.399
1749261036,10.51600000,0.53000000,10.399
1749261036,10.51800000,12.24000000,10.399
1749261036,10.51900000,47.96000000,10.399
1749261036,10.52500000,41.66000000,10.399
1749261341,10.41000000,0.97000000,10.409
1749261341,10.41100000,0.97000000,10.409
1749261341,10.41200000,0.97000000,10.409
1749261341,10.41300000,0.97000000,10.409
1749261341,10.41400000,10.97000000,10.409
1749261341,10.41500000,0.97000000,10.409
1749261341,10.41600000,0.97000000,10.409
1749261341,10.41700000,6.58000000,10.409
1749261341,10.41800000,3.80000000,10.409
1749261341,10.41900000,0.97000000,10.409
1749261341,10.42000000,28.94000000,10.409
1749261341,10.42100000,0.97000000,10.409
1749261341,10.42200000,0.97000000,10.409
1749261341,10.42300000,3.24000000,10.409
1749261341,10.42400000,106.58000000,10.409
1749261341,10.42500000,10.57000000,10.409
1749261341,10.42600000,155.30000000,10.409
1749261341,10.42700000,0.97000000,10.409
1749261341,10.42800000,115.94000000,10.409
1749261341,10.42900000,177.44000000,10.409
1749261341,10.43000000,77.41000000,10.409
1749261341,10.43100000,39.51000000,10.409
1749261341,10.43200000,30.49000000,10.409
1749261341,10.43300000,115.17000000,10.409
1749261341,10.43400000,260.27000000,10.409
1749261341,10.43500000,10.60000000,10.409
1749261341,10.43600000,0.97000000,10.409
1749261341,10.43700000,99.77000000,10.409
1749261341,10.43800000,37.31000000,10.409
1749261341,10.43900000,151.59000000,10.409
1749261341,10.44000000,23.92000000,10.409
1749261341,10.44100000,69.84000000,10.409
1749261341,10.44200000,129.92000000,10.409
1749261341,10.44300000,93.41000000,10.409
1749261341,10.44400000,31.93000000,10.409
1749261341,10.44500000,10.60000000,10.409
1749261341,10.44600000,113.20000000,10.409
1749261341,10.44700000,99.86000000,10.409
1749261341,10.44800000,45.47000000,10.409
1749261341,10.44900000,0.97000000,10.409
1749261341,10.45000000,4.79000000,10.409
1749261341,10.45100000,31.92000000,10.409
1749261341,10.45200000,11.29000000,10.409
1749261341,10.45300000,26.18000000,10.409
1749261341,10.45400000,50.17000000,10.409
1749261341,10.45500000,27.73000000,10.409
1749261341,10.45600000,10.59000000,10.409
1749261341,10.45700000,53.44000000,10.409
1749261341,10.45800000,74.79000000,10.409
1749261341,10.45900000,10.59000000,10.409
1749261341,10.46000000,29.10000000,10.409
1749261341,10.46100000,59.78000000,10.409
1749261341,10.46200000,88.41000000,10.409
1749261341,10.46300000,3.50000000,10.409
1749261341,10.46400000,0.97000000,10.409
1749261341,10.46500000,10.57000000,10.409
1749261341,10.46600000,23.92000000,10.409
1749261341,10.46700000,140.17000000,10.409
1749261341,10.46800000,33.53000000,10.409
1749261341,10.46900000,50.17000000,10.409
1749261341,10.47000000,33.52000000,10.409
1749261341,10.47100000,69.84000000,10.409
1749261341,10.47200000,23.92000000,10.409
1749261341,10.47300000,0.97000000,10.409
1749261341,10.47400000,53.44000000,10.409
1749261341,10.47500000,15.42000000,10.409
1749261341,10.47600000,0.97000000,10.409
1749261341,10.47700000,0.97000000,10.409
1749261341,10.47800000,0.97000000,10.409
1749261341,10.47900000,0.97000000,10.409
1749261341,10.48000000,196.91000000,10.409
1749261341,10.48100000,3.44000000,10.409
1749261341,10.48200000,23.92000000,10.409
1749261341,10.48300000,0.97000000,10.409
1749261341,10.48400000,121.04000000,10.409
1749261341,10.48500000,0.97000000,10.409
1749261341,10.48600000,23.92000000,10.409
1749261341,10.48900000,68.87000000,10.409
1749261341,10.49000000,22.95000000,10.409
1749261341,10.49100000,29.52000000,10.409
1749261341,10.49200000,22.95000000,10.409
1749261341,10.49400000,1.47000000,10.409
1749261341,10.49500000,70.66000000,10.409
1749261341,10.49600000,22.95000000,10.409
1749261341,10.49900000,62.33000000,10.409
1749261341,10.50000000,75.87000000,10.409
1749261341,10.50100000,68.87000000,10.409
1749261341,10.50200000,22.95000000,10.409
1749261341,10.50300000,96.12000000,10.409
1749261341,10.50400000,35.11000000,10.409
1749261341,10.50500000,10.19000000,10.409
1749261341,10.50800000,29.52000000,10.409
1749261341,10.51300000,72.26000000,10.409
1749261341,10.51400000,49.20000000,10.409
1749261341,10.51600000,0.53000000,10.409
1749261341,10.51800000,12.24000000,10.409
1749261341,10.52400000,4.48000000,10.409
1749261341,10.52500000,41.66000000,10.409
1749261341,10.52700000,61.90000000,10.409
1749261341,10.52900000,49.92000000,10.409
1749261643,10.43300000,32.64000000,10.432
1749261643,10.43400000,42.51000000,10.432
1749261643,10.43500000,0.96000000,10.432
1749261643,10.43600000,0.97000000,10.432
1749261643,10.43700000,0.96000000,10.432
1749261643,10.43800000,33.23000000,10.432
1749261643,10.43900000,107.54000000,10.432
1749261643,10.44000000,0.96000000,10.432
1749261643,10.44100000,0.96000000,10.432
1749261643,10.44200000,31.07000000,10.432
1749261643,10.44300000,104.22000000,10.432
1749261643,10.44400000,170.44000000,10.432
1749261643,10.44500000,127.46000000,10.432
1749261643,10.44600000,0.97000000,10.432
1749261643,10.44700000,50.17000000,10.432
1749261643,10.44800000,59.82000000,10.432
1749261643,10.44900000,96.99000000,10.432
1749261643,10.45000000,110.32000000,10.432
1749261643,10.45100000,133.88000000,10.432
1749261643,10.45200000,67.99000000,10.432
1749261643,10.45300000,198.54000000,10.432
1749261643,10.45400000,59.76000000,10.432
1749261643,10.45500000,113.75000000,10.432
1749261643,10.45600000,100.31000000,10.432
1749261643,10.45700000,40.08000000,10.432
1749261643,10.45800000,82.77000000,10.432
1749261643,10.45900000,100.28000000,10.432
1749261643,10.46000000,15.74000000,10.432
1749261643,10.46100000,50.17000000,10.432
1749261643,10.46200000,37.52000000,10.432
1749261643,10.46300000,13.10000000,10.432
1749261643,10.46400000,100.07000000,10.432
1749261643,10.46500000,8.96000000,10.432
1749261643,10.46600000,54.12000000,10.432
1749261643,10.46700000,140.17000000,10.432
1749261643,10.46800000,26.21000000,10.432
1749261643,10.46900000,59.76000000,10.432
1749261643,10.47000000,23.92000000,10.432
1749261643,10.47100000,69.84000000,10.432
1749261643,10.47200000,33.51000000,10.432
1749261643,10.47300000,13.21000000,10.432
1749261643,10.47400000,53.44000000,10.432
1749261643,10.47500000,15.42000000,10.432
1749261643,10.47600000,23.92000000,10.432
1749261643,10.47700000,0.97000000,10.432
1749261643,10.47800000,12.64000000,10.432
1749261643,10.47900000,0.97000000,10.432
1749261643,10.48000000,23.92000000,10.432
1749261643,10.48100000,13.04000000,10.432
1749261643,10.48200000,74.81000000,10.432
1749261643,10.48300000,13.03000000,10.432
1749261643,10.48400000,73.12000000,10.432
1749261643,10.48500000,10.56000000,10.432
1749261643,10.48600000,23.92000000,10.432
1749261643,10.48700000,0.97000000,10.432
1749261643,10.48800000,35.68000000,10.432
1749261643,10.48900000,69.84000000,10.432
1749261643,10.49000000,23.92000000,10.432
1749261643,10.49100000,40.08000000,10.432
1749261643,10.49200000,73.12000000,10.432
1749261643,10.49300000,0.97000000,10.432
1749261643,10.49400000,2.44000000,10.432
1749261643,10.49500000,10.56000000,10.432
1749261643,10.49600000,23.92000000,10.432
1749261643,10.49700000,10.56000000,10.432
1749261643,10.49800000,23.92000000,10.432
1749261643,10.49900000,63.30000000,10.432
1749261643,10.50000000,86.43000000,10.432
1749261643,10.50100000,69.84000000,10.432
1749261643,10.50200000,23.92000000,10.432
1749261643,10.50300000,97.09000000,10.432
1749261643,10.50400000,154.14000000,10.432
1749261643,10.50500000,10.53000000,10.432
1749261643,10.50600000,23.91000000,10.432
1749261643,10.50700000,0.96000000,10.432
1749261643,10.50800000,53.43000000,10.432
1749261643,10.51200000,0.69000000,10.432
1749261643,10.51300000,72.26000000,10.432
1749261643,10.51400000,72.15000000,10.432
1749261643,10.51500000,172.62000000,10.432
1749261643,10.51600000,0.53000000,10.432
1749261643,10.51800000,35.19000000,10.432
1749261643,10.52400000,4.48000000,10.432
1749261643,10.52500000,41.66000000,10.432
1749261643,10.52600000,22.95000000,10.432
1749261643,10.52900000,49.92000000,10.432
1749261643,10.53000000,22.95000000,10.432
1749261643,10.53400000,1.74000000,10.432
1749261643,10.53700000,68.87000000,10.432
1749261643,10.54000000,50.38000000,10.432
1749261643,10.54200000,77.48000000,10.432
1749261643,10.54400000,0.96000000,10.432
1749261643,10.55000000,50.00000000,10.432
1749261643,10.55500000,61.90000000,10.432
1749261643,10.55600000,10.80000000,10.432
1749261643,10.55900000,29.52000000,10.432
1749261643,10.56100000,68.87000000,10.432
1749261643,10.56600000,4.88000000,10.432
1749261643,10.56900000,2.73000000,10.432
1749261643,10.57000000,5.25000000,10.432
1749261950,10.41500000,27.80000000,10.418
1749261950,10.41600000,0.97000000,10.418
1749261950,10.41700000,10.23000000,10.418
1749261950,10.41800000,0.97000000,10.418
1749261950,10.41900000,12.59000000,10.418
1749261950,10.42000000,6.45000000,10.418
1749261950,10.42100000,60.12000000,10.418
1749261950,10.42200000,216.46000000,10.418
1749261950,10.42300000,112.02000000,10.418
1749261950,10.42400000,8.71000000,10.418
1749261950,10.42500000,41.10000000,10.418
1749261950,10.42600000,0.97000000,10.418
1749261950,10.42700000,10.57000000,10.418
1749261950,10.42800000,41.07000000,10.418
1749261950,10.42900000,10.56000000,10.418
1749261950,10.43000000,99.35000000,10.418
1749261950,10.43100000,10.55000000,10.418
1749261950,10.43200000,77.25000000,10.418
1749261950,10.43300000,29.76000000,10.418
1749261950,10.43400000,0.96000000,10.418
1749261950,10.43500000,0.96000000,10.418
1749261950,10.43600000,10.56000000,10.418
1749261950,10.43700000,8.95000000,10.418
1749261950,10.43800000,3.31000000,10.418
1749261950,10.43900000,40.07000000,10.418
1749261950,10.44000000,50.16000000,10.418
1749261950,10.44100000,23.91000000,10.418
1749261950,10.44200000,10.55000000,10.418
1749261950,10.44300000,36.15000000,10.418
1749261950,10.44400000,153.90000000,10.418
1749261950,10.44500000,0.97000000,10.418
1749261950,10.44600000,23.92000000,10.418
1749261950,10.44700000,51.86000000,10.418
1749261950,10.44800000,42.71000000,10.418
1749261950,10.44900000,19.88000000,10.418
1749261950,10.45000000,33.51000000,10.418
1749261950,10.45100000,0.97000000,10.418
1749261950,10.45200000,1.67000000,10.418
1749261950,10.45300000,26.18000000,10.418
1749261950,10.45400000,59.76000000,10.418
1749261950,10.45500000,10.68000000,10.418
1749261950,10.45600000,23.92000000,10.418
1749261950,10.45700000,106.35000000,10.418
1749261950,10.45800000,74.79000000,10.418
1749261950,10.45900000,23.92000000,10.418
1749261950,10.46000000,11.28000000,10.418
1749261950,10.46100000,50.17000000,10.418
1749261950,10.46200000,37.52000000,10.418
1749261950,10.46300000,13.10000000,10.418
1749261950,10.46400000,23.92000000,10.418
1749261950,10.46500000,0.97000000,10.418
1749261950,10.46600000,33.52000000,10.418
1749261950,10.46700000,140.17000000,10.418
1749261950,10.46800000,26.21000000,10.418
1749261950,10.46900000,59.76000000,10.418
1749261950,10.47000000,23.92000000,10.418
1749261950,10.47100000,69.84000000,10.418
1749261950,10.47200000,33.51000000,10.418
1749261950,10.47300000,13.21000000,10.418
1749261950,10.47400000,53.44000000,10.418
1749261950,10.47500000,15.42000000,10.418
1749261950,10.47600000,23.92000000,10.418
1749261950,10.47700000,0.97000000,10.418
1749261950,10.47800000,12.64000000,10.418
1749261950,10.47900000,0.97000000,10.418
1749261950,10.48000000,23.92000000,10.418
1749261950,10.48100000,63.93000000,10.418
1749261950,10.48200000,23.92000000,10.418
1749261950,10.48300000,13.14000000,10.418
1749261950,10.48400000,73.12000000,10.418
1749261950,10.48500000,10.56000000,10.418
1749261950,10.48600000,23.92000000,10.418
1749261950,10.48700000,0.97000000,10.418
1749261950,10.48800000,33.51000000,10.418
1749261950,10.48900000,69.84000000,10.418
1749261950,10.49000000,23.92000000,10.418
1749261950,10.49100000,39.11000000,10.418
1749261950,10.49200000,75.96000000,10.418
1749261950,10.49400000,1.47000000,10.418
1749261950,10.49600000,22.95000000,10.418
1749261950,10.49700000,9.58000000,10.418
1749261950,10.49800000,23.52000000,10.418
1749261950,10.49900000,235.01000000,10.418
1749261950,10.50000000,75.87000000,10.418
1749261950,10.50100000,68.87000000,10.418
1749261950,10.50200000,22.95000000,10.418
1749261950,10.50300000,96.12000000,10.418
1749261950,10.50400000,35.11000000,10.418
1749261950,10.50500000,9.56000000,10.418
1749261950,10.50600000,72.15000000,10.418
1749261950,10.50800000,29.52000000,10.418
1749261950,10.51100000,70.47000000,10.418
1749261950,10.51300000,119.64000000,10.418
1749261950,10.51400000,97.16000000,10.418
1749261950,10.51600000,0.53000000,10.418
1749261950,10.51800000,12.24000000,10.418
1749261950,10.52400000,4.48000000,10.418
1749261950,10.52500000,41.66000000,10.418
1749261950,10.52900000,49.92000000,10.418
1749261950,10.53400000,1.74000000,10.418
1749262252,10.44000000,45.70000000,10.44
1749262252,10.44100000,43.37000000,10.44
1749262252,10.44200000,0.96000000,10.44
1749262252,10.44300000,15.60000000,10.44
1749262252,10.44400000,97.81000000,10.44
1749262252,10.44500000,0.96000000,10.44
1749262252,10.44600000,6.86000000,10.44
1749262252,10.44700000,0.96000000,10.44
1749262252,10.44800000,90.52000000,10.44
1749262252,10.44900000,194.94000000,10.44
1749262252,10.45000000,0.96000000,10.44
1749262252,10.45100000,98.00000000,10.44
1749262252,10.45200000,89.25000000,10.44
1749262252,10.45300000,388.23000000,10.44
1749262252,10.45400000,0.96000000,10.44
1749262252,10.45500000,0.96000000,10.44
1749262252,10.45600000,0.96000000,10.44
1749262252,10.45700000,10.54000000,10.44
1749262252,10.45800000,104.31000000,10.44
1749262252,10.45900000,108.21000000,10.44
1749262252,10.46000000,1.69000000,10.44
1749262252,10.46100000,50.17000000,10.44
1749262252,10.46200000,137.29000000,10.44
1749262252,10.46300000,108.44000000,10.44
1749262252,10.46400000,30.49000000,10.44
1749262252,10.46500000,0.97000000,10.44
1749262252,10.46600000,10.57000000,10.44
1749262252,10.46700000,140.17000000,10.44
1749262252,10.46800000,13.46000000,10.44
1749262252,10.46900000,136.35000000,10.44
1749262252,10.47000000,0.97000000,10.44
1749262252,10.47100000,88.75000000,10.44
1749262252,10.47200000,18.10000000,10.44
1749262252,10.47300000,13.21000000,10.44
1749262252,10.47400000,98.34000000,10.44
1749262252,10.47500000,15.42000000,10.44
1749262252,10.47600000,0.97000000,10.44
1749262252,10.47700000,23.92000000,10.44
1749262252,10.47800000,12.64000000,10.44
1749262252,10.47900000,0.97000000,10.44
1749262252,10.48000000,23.92000000,10.44
1749262252,10.48100000,13.04000000,10.44
1749262252,10.48200000,23.92000000,10.44
1749262252,10.48300000,13.13000000,10.44
1749262252,10.48400000,73.12000000,10.44
1749262252,10.48500000,10.56000000,10.44
1749262252,10.48600000,0.97000000,10.44
1749262252,10.48700000,0.97000000,10.44
1749262252,10.48800000,25.97000000,10.44
1749262252,10.48900000,69.84000000,10.44
1749262252,10.49000000,33.51000000,10.44
1749262252,10.49100000,40.08000000,10.44
1749262252,10.49200000,76.93000000,10.44
1749262252,10.49300000,3.75000000,10.44
1749262252,10.49400000,34.98000000,10.44
1749262252,10.49500000,51.86000000,10.44
1749262252,10.49600000,23.92000000,10.44
1749262252,10.49700000,10.56000000,10.44
1749262252,10.49800000,26.33000000,10.44
1749262252,10.49900000,63.30000000,10.44
1749262252,10.50000000,76.84000000,10.44
1749262252,10.50100000,69.84000000,10.44
1749262252,10.50200000,33.51000000,10.44
1749262252,10.50300000,99.62000000,10.44
1749262252,10.50400000,36.07000000,10.44
1749262252,10.50500000,20.09000000,10.44
1749262252,10.50600000,73.11000000,10.44
1749262252,10.50700000,10.53000000,10.44
1749262252,10.50800000,53.43000000,10.44
1749262252,10.50900000,10.53000000,10.44
1749262252,10.51000000,23.91000000,10.44
1749262252,10.51100000,0.96000000,10.44
1749262252,10.51200000,0.96000000,10.44
1749262252,10.51300000,73.22000000,10.44
1749262252,10.51400000,73.11000000,10.44
1749262252,10.51500000,1.67000000,10.44
1749262252,10.51600000,0.53000000,10.44
1749262252,10.51800000,35.19000000,10.44
1749262252,10.52200000,22.95000000,10.44
1749262252,10.52400000,27.43000000,10.44
1749262252,10.52500000,41.66000000,10.44
1749262252,10.52600000,195.19000000,10.44
1749262252,10.52700000,70.34000000,10.44
1749262252,10.52800000,22.95000000,10.44
1749262252,10.52900000,49.92000000,10.44
1749262252,10.53000000,22.95000000,10.44
1749262252,10.53400000,72.65000000,10.44
1749262252,10.53700000,68.87000000,10.44
1749262252,10.53800000,70.19000000,10.44
1749262252,10.54000000,73.33000000,10.44
1749262252,10.54200000,52.47000000,10.44
1749262252,10.54400000,50.16000000,10.44
1749262252,10.55000000,50.00000000,10.44
1749262252,10.55500000,61.90000000,10.44
1749262252,10.55600000,10.80000000,10.44
1749262252,10.55900000,29.52000000,10.44
1749262252,10.56100000,68.87000000,10.44
1749262252,10.56600000,4.88000000,10.44
1749262252,10.56900000,2.73000000,10.44
1749262252,10.57000000,5.25000000,10.44
1749262553,10.36900000,4.84000000,10.369
1749262553,10.37100000,0.97000000,10.369
1749262553,10.37200000,23.92000000,10.369
1749262553,10.37300000,5.40000000,10.369
1749262553,10.37400000,0.97000000,10.369
1749262553,10.37500000,16.84000000,10.369
1749262553,10.37600000,0.97000000,10.369
1749262553,10.37700000,0.97000000,10.369
1749262553,10.37800000,0.97000000,10.369
1749262553,10.37900000,0.97000000,10.369
1749262553,10.38000000,6.02000000,10.369
1749262553,10.38100000,45.00000000,10.369
1749262553,10.38200000,120.49000000,10.369
1749262553,10.38300000,252.29000000,10.369
1749262553,10.38400000,215.19000000,10.369
1749262553,10.38500000,292.94000000,10.369
1749262553,10.38600000,10.60000000,10.369
1749262553,10.38700000,0.97000000,10.369
1749262553,10.38800000,0.97000000,10.369
1749262553,10.38900000,0.97000000,10.369
1749262553,10.39000000,121.75000000,10.369
1749262553,10.39100000,29.77000000,10.369
1749262553,10.39200000,191.14000000,10.369
1749262553,10.39300000,0.97000000,10.369
1749262553,10.39400000,0.97000000,10.369
1749262553,10.39500000,8.49000000,10.369
1749262553,10.39600000,10.60000000,10.369
1749262553,10.39700000,351.13000000,10.369
1749262553,10.39800000,80.01000000,10.369
1749262553,10.39900000,10.59000000,10.369
1749262553,10.40000000,166.46000000,10.369
1749262553,10.40100000,0.97000000,10.369
1749262553,10.40200000,18.59000000,10.369
1749262553,10.40300000,82.48000000,10.369
1749262553,10.40400000,0.97000000,10.369
1749262553,10.40500000,19.88000000,10.369
1749262553,10.40600000,11.07000000,10.369
1749262553,10.40700000,0.97000000,10.369
1749262553,10.40800000,13.38000000,10.369
1749262553,10.40900000,69.84000000,10.369
1749262553,10.41000000,0.97000000,10.369
1749262553,10.41100000,59.78000000,10.369
1749262553,10.41200000,30.49000000,10.369
1749262553,10.41300000,3.35000000,10.369
1749262553,10.41400000,10.58000000,10.369
1749262553,10.41500000,0.97000000,10.369
1749262553,10.41600000,0.97000000,10.369
1749262553,10.41700000,10.57000000,10.369
1749262553,10.41800000,52.68000000,10.369
1749262553,10.41900000,0.97000000,10.369
1749262553,10.42000000,0.97000000,10.369
1749262553,10.42100000,61.46000000,10.369
1749262553,10.42200000,113.64000000,10.369
1749262553,10.42300000,3.76000000,10.369
1749262553,10.42400000,0.97000000,10.369
1749262553,10.42500000,10.58000000,10.369
1749262553,10.42600000,0.97000000,10.369
1749262553,10.42700000,50.16000000,10.369
1749262553,10.42800000,12.92000000,10.369
1749262553,10.42900000,0.96000000,10.369
1749262553,10.43000000,0.96000000,10.369
1749262553,10.43100000,0.96000000,10.369
1749262553,10.43200000,10.57000000,10.369
1749262553,10.43300000,102.20000000,10.369
1749262553,10.43400000,23.91000000,10.369
1749262553,10.43500000,59.75000000,10.369
1749262553,10.43600000,0.96000000,10.369
1749262553,10.43700000,23.91000000,10.369
1749262553,10.43800000,12.48000000,10.369
1749262553,10.43900000,23.91000000,10.369
1749262553,10.44000000,10.54000000,10.369
1749262553,10.44100000,0.96000000,10.369
1749262553,10.44200000,23.91000000,10.369
1749262553,10.44300000,92.11000000,10.369
1749262553,10.44400000,23.91000000,10.369
1749262553,10.44600000,22.95000000,10.369
1749262553,10.44700000,68.87000000,10.369
1749262553,10.45100000,22.95000000,10.369
1749262553,10.45200000,253.53000000,10.369
1749262553,10.45600000,22.95000000,10.369
1749262553,10.45800000,25.86000000,10.369
1749262553,10.45900000,68.87000000,10.369
1749262553,10.46000000,23.67000000,10.369
1749262553,10.46100000,49.20000000,10.369
1749262553,10.46200000,13.60000000,10.369
1749262553,10.46300000,22.95000000,10.369
1749262553,10.46400000,29.52000000,10.369
1749262553,10.46600000,22.95000000,10.369
1749262553,10.46700000,139.20000000,10.369
1749262553,10.46800000,33.15000000,10.369
1749262553,10.46900000,49.20000000,10.369
1749262553,10.47000000,22.95000000,10.369
1749262553,10.47100000,68.87000000,10.369
1749262553,10.47200000,22.95000000,10.369
1749262553,10.47300000,48.22000000,10.369
1749262553,10.47400000,52.47000000,10.369
1749262553,10.47500000,14.45000000,10.369
1749262553,10.47700000,93.78000000,10.369
1749262553,10.48000000,22.95000000,10.369
1749262553,10.48100000,2.47000000,10.369
1749262861,10.34400000,0.97000000,10.341
1749262861,10.34500000,0.97000000,10.341
1749262861,10.34600000,0.97000000,10.341
1749262861,10.34700000,0.97000000,10.341
1749262861,10.34800000,9.96000000,10.341
1749262861,10.34900000,81.57000000,10.341
1749262861,10.35000000,10.97000000,10.341
1749262861,10.35100000,95.16000000,10.341
1749262861,10.35200000,0.97000000,10.341
1749262861,10.35300000,114.00000000,10.341
1749262861,10.35400000,10.63000000,10.341
1749262861,10.35500000,7.10000000,10.341
1749262861,10.35600000,28.41000000,10.341
1749262861,10.35700000,16.69000000,10.341
1749262861,10.35800000,93.82000000,10.341
1749262861,10.35900000,89.89000000,10.341
1749262861,10.36000000,99.54000000,10.341
1749262861,10.36100000,257.68000000,10.341
1749262861,10.36200000,349.55000000,10.341
1749262861,10.36300000,0.97000000,10.341
1749262861,10.36400000,10.63000000,10.341
1749262861,10.36500000,29.98000000,10.341
1749262861,10.36600000,92.69000000,10.341
1749262861,10.36700000,18.09000000,10.341
1749262861,10.36800000,107.10000000,10.341
1749262861,10.36900000,50.17000000,10.341
1749262861,10.37000000,109.50000000,10.341
1749262861,10.37100000,97.52000000,10.341
1749262861,10.37200000,40.14000000,10.341
1749262861,10.37300000,73.94000000,10.341
1749262861,10.37400000,10.61000000,10.341
1749262861,10.37500000,77.89000000,10.341
1749262861,10.37600000,50.17000000,10.341
1749262861,10.37700000,19.88000000,10.341
1749262861,10.37800000,12.79000000,10.341
1749262861,10.37900000,0.97000000,10.341
1749262861,10.38000000,0.97000000,10.341
1749262861,10.38100000,9.02000000,10.341
1749262861,10.38200000,10.61000000,10.341
1749262861,10.38300000,109.11000000,10.341
1749262861,10.38400000,119.04000000,10.341
1749262861,10.38500000,0.97000000,10.341
1749262861,10.38600000,10.60000000,10.341
1749262861,10.38700000,0.97000000,10.341
1749262861,10.38800000,3.08000000,10.341
1749262861,10.38900000,0.97000000,10.341
1749262861,10.39000000,10.60000000,10.341
1749262861,10.39100000,0.97000000,10.341
1749262861,10.39200000,89.32000000,10.341
1749262861,10.39300000,3.84000000,10.341
1749262861,10.39400000,0.97000000,10.341
1749262861,10.39500000,0.97000000,10.341
1749262861,10.39600000,28.83000000,10.341
1749262861,10.39700000,69.84000000,10.341
1749262861,10.39800000,26.42000000,10.341
1749262861,10.39900000,10.59000000,10.341
1749262861,10.40000000,0.97000000,10.341
1749262861,10.40100000,0.97000000,10.341
1749262861,10.40200000,10.59000000,10.341
1749262861,10.40300000,82.48000000,10.341
1749262861,10.40400000,0.97000000,10.341
1749262861,10.40500000,23.92000000,10.341
1749262861,10.40600000,10.58000000,10.341
1749262861,10.40700000,51.86000000,10.341
1749262861,10.40800000,13.38000000,10.341
1749262861,10.40900000,69.84000000,10.341
1749262861,10.41000000,23.92000000,10.341
1749262861,10.41100000,59.78000000,10.341
1749262861,10.41200000,30.49000000,10.341
1749262861,10.41300000,26.30000000,10.341
1749262861,10.41400000,10.58000000,10.341
1749262861,10.41500000,23.92000000,10.341
1749262861,10.41600000,10.63000000,10.341
1749262861,10.41700000,23.92000000,10.341
1749262861,10.41800000,50.17000000,10.341
1749262861,10.41900000,0.97000000,10.341
1749262861,10.42100000,22.95000000,10.341
1749262861,10.42200000,98.39000000,10.341
1749262861,10.42500000,22.95000000,10.341
1749262861,10.42700000,223.10000000,10.341
1749262861,10.42900000,22.95000000,10.341
1749262861,10.43300000,147.41000000,10.341
1749262861,10.43400000,22.95000000,10.341
1749262861,10.43500000,49.20000000,10.341
1749262861,10.43600000,22.95000000,10.341
1749262861,10.43700000,71.23000000,10.341
1749262861,10.44200000,22.95000000,10.341
1749262861,10.44300000,78.72000000,10.341
1749262861,10.44600000,22.95000000,10.341
1749262861,10.44700000,68.87000000,10.341
1749262861,10.45100000,22.95000000,10.341
1749262861,10.45200000,80.15000000,10.341
1749262861,10.45600000,22.95000000,10.341
1749262861,10.45800000,25.86000000,10.341
1749262861,10.45900000,71.24000000,10.341
1749262861,10.46000000,23.67000000,10.341
1749262861,10.46100000,49.20000000,10.341
1749262861,10.46200000,61.56000000,10.341
1749262861,10.46300000,22.95000000,10.341
1749262861,10.46400000,29.52000000,10.341
1749263163,10.36900000,9.69000000,10.369
1749263163,10.37000000,0.97000000,10.369
1749263163,10.37100000,0.97000000,10.369
1749263163,10.37200000,0.97000000,10.369
1749263163,10.37300000,4.72000000,10.369
1749263163,10.37400000,0.97000000,10.369
1749263163,10.37500000,21.68000000,10.369
1749263163,10.37600000,0.97000000,10.369
1749263163,10.37700000,100.67000000,10.369
1749263163,10.37800000,301.20000000,10.369
1749263163,10.37900000,207.67000000,10.369
1749263163,10.38000000,120.97000000,10.369
1749263163,10.38100000,96.95000000,10.369
1749263163,10.38200000,10.61000000,10.369
1749263163,10.38300000,30.49000000,10.369
1749263163,10.38400000,161.74000000,10.369
1749263163,10.38500000,69.84000000,10.369
1749263163,10.38600000,0.97000000,10.369
1749263163,10.38700000,243.33000000,10.369
1749263163,10.38800000,3.08000000,10.369
1749263163,10.38900000,29.98000000,10.369
1749263163,10.39000000,69.19000000,10.369
1749263163,10.39100000,0.97000000,10.369
1749263163,10.39200000,188.04000000,10.369
1749263163,10.39300000,3.84000000,10.369
1749263163,10.39400000,0.97000000,10.369
1749263163,10.39500000,85.57000000,10.369
1749263163,10.39600000,10.60000000,10.369
1749263163,10.39700000,69.84000000,10.369
1749263163,10.39800000,3.47000000,10.369
1749263163,10.39900000,10.59000000,10.369
1749263163,10.40000000,2.66000000,10.369
1749263163,10.40100000,19.88000000,10.369
1749263163,10.40200000,18.07000000,10.369
1749263163,10.40300000,82.48000000,10.369
1749263163,10.40400000,0.97000000,10.369
1749263163,10.40500000,67.59000000,10.369
1749263163,10.40600000,10.58000000,10.369
1749263163,10.40700000,0.97000000,10.369
1749263163,10.40800000,13.38000000,10.369
1749263163,10.40900000,69.84000000,10.369
1749263163,10.41000000,23.92000000,10.369
1749263163,10.41100000,59.78000000,10.369
1749263163,10.41200000,30.49000000,10.369
1749263163,10.41300000,26.30000000,10.369
1749263163,10.41400000,10.58000000,10.369
1749263163,10.41500000,42.15000000,10.369
1749263163,10.41600000,10.63000000,10.369
1749263163,10.41700000,23.92000000,10.369
1749263163,10.41800000,52.73000000,10.369
1749263163,10.41900000,23.92000000,10.369
1749263163,10.42000000,10.64000000,10.369
1749263163,10.42100000,23.92000000,10.369
1749263163,10.42200000,99.36000000,10.369
1749263163,10.42300000,26.52000000,10.369
1749263163,10.42400000,61.51000000,10.369
1749263163,10.42500000,23.92000000,10.369
1749263163,10.42600000,10.62000000,10.369
1749263163,10.42700000,73.12000000,10.369
1749263163,10.42800000,12.55000000,10.369
1749263163,10.42900000,23.92000000,10.369
1749263163,10.43000000,0.97000000,10.369
1749263163,10.43100000,0.97000000,10.369
1749263163,10.43200000,10.62000000,10.369
1749263163,10.43300000,101.72000000,10.369
1749263163,10.43400000,33.57000000,10.369
1749263163,10.43500000,50.17000000,10.369
1749263163,10.43600000,23.92000000,10.369
1749263163,10.43700000,0.97000000,10.369
1749263163,10.43800000,33.57000000,10.369
1749263163,10.43900000,0.97000000,10.369
1749263163,10.44000000,0.97000000,10.369
1749263163,10.44100000,0.97000000,10.369
1749263163,10.44200000,23.92000000,10.369
1749263163,10.44300000,79.69000000,10.369
1749263163,10.44400000,0.97000000,10.369
1749263163,10.44600000,22.95000000,10.369
1749263163,10.44700000,68.87000000,10.369
1749263163,10.45100000,22.95000000,10.369
1749263163,10.45200000,80.15000000,10.369
1749263163,10.45300000,173.49000000,10.369
1749263163,10.45600000,22.95000000,10.369
1749263163,10.45800000,25.86000000,10.369
1749263163,10.45900000,119.77000000,10.369
1749263163,10.46000000,94.67000000,10.369
1749263163,10.46100000,49.20000000,10.369
1749263163,10.46200000,13.60000000,10.369
1749263163,10.46300000,22.95000000,10.369
1749263163,10.46400000,29.52000000,10.369
1749263163,10.46600000,22.95000000,10.369
1749263163,10.46700000,139.20000000,10.369
1749263163,10.46800000,22.95000000,10.369
1749263163,10.46900000,49.20000000,10.369
1749263163,10.47000000,22.95000000,10.369
1749263163,10.47100000,68.87000000,10.369
1749263163,10.47200000,70.91000000,10.369
1749263163,10.47400000,52.47000000,10.369
1749263163,10.47500000,14.45000000,10.369
1749263163,10.47600000,22.95000000,10.369
1749263163,10.48100000,2.47000000,10.369
1749263464,10.38000000,43.19000000,10.375
1749263464,10.38100000,23.92000000,10.375
1749263464,10.38200000,97.67000000,10.375
1749263464,10.38300000,10.97000000,10.375
1749263464,10.38400000,0.97000000,10.375
1749263464,10.38500000,22.48000000,10.375
1749263464,10.38600000,97.69000000,10.375
1749263464,10.38700000,0.97000000,10.375
1749263464,10.38800000,12.77000000,10.375
1749263464,10.38900000,10.60000000,10.375
1749263464,10.39000000,123.48000000,10.375
1749263464,10.39100000,99.25000000,10.375
1749263464,10.39200000,316.48000000,10.375
1749263464,10.39300000,13.47000000,10.375
1749263464,10.39400000,128.38000000,10.375
1749263464,10.39500000,148.74000000,10.375
1749263464,10.39600000,37.83000000,10.375
1749263464,10.39700000,195.31000000,10.375
1749263464,10.39800000,3.47000000,10.375
1749263464,10.39900000,120.28000000,10.375
1749263464,10.40000000,98.23000000,10.375
1749263464,10.40100000,23.92000000,10.375
1749263464,10.40200000,10.59000000,10.375
1749263464,10.40300000,82.48000000,10.375
1749263464,10.40400000,23.92000000,10.375
1749263464,10.40500000,0.97000000,10.375
1749263464,10.40600000,41.55000000,10.375
1749263464,10.40700000,0.97000000,10.375
1749263464,10.40800000,90.02000000,10.375
1749263464,10.40900000,69.84000000,10.375
1749263464,10.41000000,23.92000000,10.375
1749263464,10.41100000,59.78000000,10.375
1749263464,10.41200000,117.61000000,10.375
1749263464,10.41300000,26.30000000,10.375
1749263464,10.41400000,10.58000000,10.375
1749263464,10.41500000,42.15000000,10.375
1749263464,10.41600000,10.63000000,10.375
1749263464,10.41700000,23.92000000,10.375
1749263464,10.41800000,52.73000000,10.375
1749263464,10.41900000,23.92000000,10.375
1749263464,10.42000000,10.64000000,10.375
1749263464,10.42100000,23.92000000,10.375
1749263464,10.42200000,99.36000000,10.375
1749263464,10.42300000,26.52000000,10.375
1749263464,10.42400000,10.62000000,10.375
1749263464,10.42500000,23.92000000,10.375
1749263464,10.42600000,10.62000000,10.375
1749263464,10.42700000,73.12000000,10.375
1749263464,10.42800000,20.06000000,10.375
1749263464,10.42900000,23.92000000,10.375
1749263464,10.43000000,0.97000000,10.375
1749263464,10.43100000,0.97000000,10.375
1749263464,10.43200000,10.62000000,10.375
1749263464,10.43300000,101.72000000,10.375
1749263464,10.43400000,33.57000000,10.375
1749263464,10.43500000,50.17000000,10.375
1749263464,10.43600000,23.92000000,10.375
1749263464,10.43700000,0.97000000,10.375
1749263464,10.43800000,36.03000000,10.375
1749263464,10.43900000,0.97000000,10.375
1749263464,10.44000000,51.86000000,10.375
1749263464,10.44100000,10.60000000,10.375
1749263464,10.44200000,23.92000000,10.375
1749263464,10.44300000,79.69000000,10.375
1749263464,10.44400000,23.92000000,10.375
1749263464,10.44500000,10.60000000,10.375
1749263464,10.44600000,33.55000000,10.375
1749263464,10.44700000,69.84000000,10.375
1749263464,10.44800000,0.97000000,10.375
1749263464,10.44900000,0.97000000,10.375
1749263464,10.45000000,0.97000000,10.375
1749263464,10.45100000,23.92000000,10.375
1749263464,10.45200000,81.12000000,10.375
1749263464,10.45300000,0.97000000,10.375
1749263464,10.45400000,0.97000000,10.375
1749263464,10.45500000,0.97000000,10.375
1749263464,10.45600000,22.95000000,10.375
1749263464,10.45800000,25.86000000,10.375
1749263464,10.45900000,71.24000000,10.375
1749263464,10.46000000,23.67000000,10.375
1749263464,10.46100000,222.46000000,10.375
1749263464,10.46200000,13.60000000,10.375
1749263464,10.46300000,22.95000000,10.375
1749263464,10.46400000,29.52000000,10.375
1749263464,10.46600000,22.95000000,10.375
1749263464,10.46700000,139.20000000,10.375
1749263464,10.46800000,22.95000000,10.375
1749263464,10.46900000,49.20000000,10.375
1749263464,10.47000000,22.95000000,10.375
1749263464,10.47100000,68.87000000,10.375
1749263464,10.47200000,141.78000000,10.375
1749263464,10.47400000,29.52000000,10.375
1749263464,10.47500000,62.71000000,10.375
1749263464,10.48100000,2.47000000,10.375
1749263464,10.48400000,49.20000000,10.375
1749263464,10.48800000,4.49000000,10.375
1749263464,10.48900000,68.87000000,10.375
1749263464,10.49100000,29.52000000,10.375
1749263464,10.49200000,3.81000000,10.375
1749263464,10.49400000,1.47000000,10.375
1749263766,10.41400000,4.84000000,10.416
1749263766,10.41600000,0.97000000,10.416
1749263766,10.41700000,0.97000000,10.416
1749263766,10.41800000,9.58000000,10.416
1749263766,10.41900000,0.97000000,10.416
1749263766,10.42000000,16.05000000,10.416
1749263766,10.42100000,193.97000000,10.416
1749263766,10.42200000,0.97000000,10.416
1749263766,10.42300000,78.51000000,10.416
1749263766,10.42400000,194.05000000,10.416
1749263766,10.42500000,256.12000000,10.416
1749263766,10.42600000,0.97000000,10.416
1749263766,10.42700000,28.15000000,10.416
1749263766,10.42800000,0.97000000,10.416
1749263766,10.42900000,106.47000000,10.416
1749263766,10.43000000,91.17000000,10.416
1749263766,10.43100000,0.96000000,10.416
1749263766,10.43200000,86.54000000,10.416
1749263766,10.43300000,192.70000000,10.416
1749263766,10.43400000,10.55000000,10.416
1749263766,10.43500000,127.70000000,10.416
1749263766,10.43600000,196.10000000,10.416
1749263766,10.43700000,0.97000000,10.416
1749263766,10.43800000,10.56000000,10.416
1749263766,10.43900000,0.97000000,10.416
1749263766,10.44000000,0.97000000,10.416
1749263766,10.44100000,10.55000000,10.416
1749263766,10.44200000,30.49000000,10.416
1749263766,10.44300000,70.58000000,10.416
1749263766,10.44400000,86.91000000,10.416
1749263766,10.44500000,21.57000000,10.416
1749263766,10.44600000,0.97000000,10.416
1749263766,10.44700000,79.43000000,10.416
1749263766,10.44800000,14.67000000,10.416
1749263766,10.44900000,0.97000000,10.416
1749263766,10.45000000,74.78000000,10.416
1749263766,10.45100000,10.60000000,10.416
1749263766,10.45200000,81.12000000,10.416
1749263766,10.45300000,12.93000000,10.416
1749263766,10.45400000,0.97000000,10.416
1749263766,10.45500000,0.97000000,10.416
1749263766,10.45600000,0.97000000,10.416
1749263766,10.45700000,10.59000000,10.416
1749263766,10.45800000,6.05000000,10.416
1749263766,10.45900000,72.21000000,10.416
1749263766,10.46000000,11.31000000,10.416
1749263766,10.46100000,58.17000000,10.416
1749263766,10.46200000,24.18000000,10.416
1749263766,10.46300000,2.97000000,10.416
1749263766,10.46400000,30.49000000,10.416
1749263766,10.46500000,10.58000000,10.416
1749263766,10.46600000,0.97000000,10.416
1749263766,10.46700000,140.17000000,10.416
1749263766,10.46800000,3.52000000,10.416
1749263766,10.46900000,59.78000000,10.416
1749263766,10.47000000,33.53000000,10.416
1749263766,10.47100000,69.84000000,10.416
1749263766,10.47200000,0.97000000,10.416
1749263766,10.47300000,26.34000000,10.416
1749263766,10.47400000,30.49000000,10.416
1749263766,10.47500000,75.92000000,10.416
1749263766,10.47600000,23.92000000,10.416
1749263766,10.47700000,0.97000000,10.416
1749263766,10.47800000,35.67000000,10.416
1749263766,10.47900000,0.97000000,10.416
1749263766,10.48000000,0.97000000,10.416
1749263766,10.48100000,13.03000000,10.416
1749263766,10.48200000,23.92000000,10.416
1749263766,10.48300000,3.46000000,10.416
1749263766,10.48400000,82.71000000,10.416
1749263766,10.48500000,10.56000000,10.416
1749263766,10.48600000,23.92000000,10.416
1749263766,10.48700000,0.97000000,10.416
1749263766,10.48800000,31.15000000,10.416
1749263766,10.48900000,69.84000000,10.416
1749263766,10.49000000,22.95000000,10.416
1749263766,10.49100000,29.52000000,10.416
1749263766,10.49200000,26.76000000,10.416
1749263766,10.49400000,1.47000000,10.416
1749263766,10.49700000,172.68000000,10.416
1749263766,10.49800000,22.95000000,10.416
1749263766,10.49900000,62.33000000,10.416
1749263766,10.50000000,70.48000000,10.416
1749263766,10.50100000,68.87000000,10.416
1749263766,10.50200000,22.95000000,10.416
1749263766,10.50300000,96.12000000,10.416
1749263766,10.50400000,35.11000000,10.416
1749263766,10.50500000,9.56000000,10.416
1749263766,10.50600000,70.91000000,10.416
1749263766,10.50800000,122.98000000,10.416
1749263766,10.51000000,22.95000000,10.416
1749263766,10.51300000,72.26000000,10.416
1749263766,10.51400000,72.15000000,10.416
1749263766,10.51600000,23.48000000,10.416
1749263766,10.51800000,107.19000000,10.416
1749263766,10.52400000,22.95000000,10.416
1749263766,10.52500000,41.66000000,10.416
1749263766,10.52600000,22.95000000,10.416
1749263766,10.52900000,49.92000000,10.416
1749263766,10.53000000,22.95000000,10.416
1749264068,10.40100000,29.93000000,10.399
1749264068,10.40300000,10.97000000,10.399
1749264068,10.40400000,9.77000000,10.399
1749264068,10.40500000,21.05000000,10.399
1749264068,10.40600000,0.97000000,10.399
1749264068,10.40700000,17.12000000,10.399
1749264068,10.40800000,0.97000000,10.399
1749264068,10.40900000,34.09000000,10.399
1749264068,10.41000000,0.97000000,10.399
1749264068,10.41100000,10.58000000,10.399
1749264068,10.41200000,99.36000000,10.399
1749264068,10.41300000,195.77000000,10.399
1749264068,10.41400000,303.33000000,10.399
1749264068,10.41500000,10.58000000,10.399
1749264068,10.41600000,149.44000000,10.399
1749264068,10.41700000,199.23000000,10.399
1749264068,10.41800000,114.07000000,10.399
1749264068,10.41900000,0.97000000,10.399
1749264068,10.42000000,10.57000000,10.399
1749264068,10.42100000,10.44000000,10.399
1749264068,10.42200000,59.35000000,10.399
1749264068,10.42300000,114.55000000,10.399
1749264068,10.42400000,69.84000000,10.399
1749264068,10.42500000,0.97000000,10.399
1749264068,10.42600000,106.69000000,10.399
1749264068,10.42700000,144.41000000,10.399
1749264068,10.42800000,12.73000000,10.399
1749264068,10.42900000,0.96000000,10.399
1749264068,10.43000000,19.19000000,10.399
1749264068,10.43100000,0.96000000,10.399
1749264068,10.43200000,40.07000000,10.399
1749264068,10.43300000,5.21000000,10.399
1749264068,10.43400000,87.04000000,10.399
1749264068,10.43500000,69.84000000,10.399
1749264068,10.43600000,135.51000000,10.399
1749264068,10.43700000,0.97000000,10.399
1749264068,10.43800000,12.50000000,10.399
1749264068,10.43900000,8.97000000,10.399
1749264068,10.44000000,0.97000000,10.399
1749264068,10.44100000,10.55000000,10.399
1749264068,10.44200000,30.49000000,10.399
1749264068,10.44300000,52.35000000,10.399
1749264068,10.44400000,10.55000000,10.399
1749264068,10.44500000,23.92000000,10.399
1749264068,10.44600000,0.97000000,10.399
1749264068,10.44700000,79.43000000,10.399
1749264068,10.44800000,14.67000000,10.399
1749264068,10.44900000,23.92000000,10.399
1749264068,10.45000000,8.49000000,10.399
1749264068,10.45100000,33.55000000,10.399
1749264068,10.45200000,81.12000000,10.399
1749264068,10.45300000,12.93000000,10.399
1749264068,10.45400000,0.97000000,10.399
1749264068,10.45500000,0.97000000,10.399
1749264068,10.45600000,23.92000000,10.399
1749264068,10.45700000,10.59000000,10.399
1749264068,10.45800000,29.00000000,10.399
1749264068,10.45900000,72.21000000,10.399
1749264068,10.46000000,34.26000000,10.399
1749264068,10.46100000,101.06000000,10.399
1749264068,10.46200000,24.19000000,10.399
1749264068,10.46300000,26.21000000,10.399
1749264068,10.46400000,40.11000000,10.399
1749264068,10.46500000,23.92000000,10.399
1749264068,10.46600000,0.97000000,10.399
1749264068,10.46700000,140.17000000,10.399
1749264068,10.46800000,33.53000000,10.399
1749264068,10.46900000,50.17000000,10.399
1749264068,10.47000000,23.92000000,10.399
1749264068,10.47100000,69.84000000,10.399
1749264068,10.47200000,10.58000000,10.399
1749264068,10.47300000,23.92000000,10.399
1749264068,10.47400000,30.49000000,10.399
1749264068,10.47500000,38.37000000,10.399
1749264068,10.47600000,0.97000000,10.399
1749264068,10.47800000,172.91000000,10.399
1749264068,10.48000000,22.95000000,10.399
1749264068,10.48100000,2.47000000,10.399
1749264068,10.48200000,22.95000000,10.399
1749264068,10.48400000,72.15000000,10.399
1749264068,10.48600000,22.95000000,10.399
1749264068,10.48800000,75.40000000,10.399
1749264068,10.48900000,68.87000000,10.399
1749264068,10.49000000,22.95000000,10.399
1749264068,10.49100000,29.52000000,10.399
1749264068,10.49200000,26.76000000,10.399
1749264068,10.49400000,1.47000000,10.399
1749264068,10.49800000,93.57000000,10.399
1749264068,10.49900000,62.33000000,10.399
1749264068,10.50000000,22.95000000,10.399
1749264068,10.50100000,68.87000000,10.399
1749264068,10.50200000,22.95000000,10.399
1749264068,10.50300000,96.12000000,10.399
1749264068,10.50400000,35.11000000,10.399
1749264068,10.50500000,9.56000000,10.399
1749264068,10.50600000,22.95000000,10.399
1749264068,10.50700000,49.20000000,10.399
1749264068,10.50800000,52.47000000,10.399
1749264068,10.50900000,47.76000000,10.399
1749264068,10.51200000,22.95000000,10.399
1749264374,10.38400000,52.88000000,10.383
1749264374,10.38500000,23.92000000,10.383
1749264374,10.38600000,0.97000000,10.383
1749264374,10.38700000,10.97000000,10.383
1749264374,10.38800000,8.07000000,10.383
1749264374,10.38900000,7.72000000,10.383
1749264374,10.39000000,3.40000000,10.383
1749264374,10.39100000,10.90000000,10.383
1749264374,10.39200000,97.87000000,10.383
1749264374,10.39300000,200.25000000,10.383
1749264374,10.39400000,128.05000000,10.383
1749264374,10.39500000,184.57000000,10.383
1749264374,10.39600000,110.65000000,10.383
1749264374,10.39700000,102.50000000,10.383
1749264374,10.39800000,0.97000000,10.383
1749264374,10.39900000,0.97000000,10.383
1749264374,10.40000000,39.94000000,10.383
1749264374,10.40100000,90.80000000,10.383
1749264374,10.40200000,284.74000000,10.383
1749264374,10.40300000,93.41000000,10.383
1749264374,10.40400000,40.10000000,10.383
1749264374,10.40500000,92.34000000,10.383
1749264374,10.40600000,141.56000000,10.383
1749264374,10.40700000,23.92000000,10.383
1749264374,10.40800000,0.97000000,10.383
1749264374,10.40900000,87.01000000,10.383
1749264374,10.41000000,33.53000000,10.383
1749264374,10.41100000,95.93000000,10.383
1749264374,10.41200000,97.01000000,10.383
1749264374,10.41300000,102.15000000,10.383
1749264374,10.41400000,0.97000000,10.383
1749264374,10.41500000,33.53000000,10.383
1749264374,10.41600000,68.40000000,10.383
1749264374,10.41700000,21.57000000,10.383
1749264374,10.41800000,35.47000000,10.383
1749264374,10.41900000,12.93000000,10.383
1749264374,10.42000000,100.02000000,10.383
1749264374,10.42100000,0.97000000,10.383
1749264374,10.42200000,30.49000000,10.383
1749264374,10.42300000,13.42000000,10.383
1749264374,10.42400000,69.84000000,10.383
1749264374,10.42500000,0.97000000,10.383
1749264374,10.42600000,10.57000000,10.383
1749264374,10.42700000,73.12000000,10.383
1749264374,10.42800000,20.25000000,10.383
1749264374,10.42900000,23.91000000,10.383
1749264374,10.43000000,0.96000000,10.383
1749264374,10.43100000,23.91000000,10.383
1749264374,10.43200000,40.07000000,10.383
1749264374,10.43300000,26.47000000,10.383
1749264374,10.43400000,10.55000000,10.383
1749264374,10.43500000,69.84000000,10.383
1749264374,10.43600000,50.17000000,10.383
1749264374,10.43700000,23.92000000,10.383
1749264374,10.43800000,12.50000000,10.383
1749264374,10.43900000,8.98000000,10.383
1749264374,10.44000000,23.92000000,10.383
1749264374,10.44100000,10.55000000,10.383
1749264374,10.44200000,53.44000000,10.383
1749264374,10.44300000,52.35000000,10.383
1749264374,10.44400000,10.55000000,10.383
1749264374,10.44500000,74.81000000,10.383
1749264374,10.44600000,0.97000000,10.383
1749264374,10.44700000,79.43000000,10.383
1749264374,10.44800000,3.25000000,10.383
1749264374,10.44900000,23.92000000,10.383
1749264374,10.45000000,0.97000000,10.383
1749264374,10.45100000,33.55000000,10.383
1749264374,10.45200000,81.12000000,10.383
1749264374,10.45300000,12.93000000,10.383
1749264374,10.45400000,0.97000000,10.383
1749264374,10.45500000,0.97000000,10.383
1749264374,10.45600000,23.92000000,10.383
1749264374,10.45700000,10.59000000,10.383
1749264374,10.45800000,29.00000000,10.383
1749264374,10.45900000,72.21000000,10.383
1749264374,10.46000000,23.67000000,10.383
1749264374,10.46100000,49.20000000,10.383
1749264374,10.46200000,61.70000000,10.383
1749264374,10.46300000,196.20000000,10.383
1749264374,10.46400000,29.52000000,10.383
1749264374,10.46500000,22.95000000,10.383
1749264374,10.46700000,187.16000000,10.383
1749264374,10.46800000,22.95000000,10.383
1749264374,10.46900000,49.20000000,10.383
1749264374,10.47000000,22.95000000,10.383
1749264374,10.47100000,68.87000000,10.383
1749264374,10.47200000,70.85000000,10.383
1749264374,10.47300000,22.95000000,10.383
1749264374,10.47400000,29.52000000,10.383
1749264374,10.47500000,37.40000000,10.383
1749264374,10.47700000,72.15000000,10.383
1749264374,10.48000000,22.95000000,10.383
1749264374,10.48100000,2.47000000,10.383
1749264374,10.48200000,22.95000000,10.383
1749264374,10.48400000,72.15000000,10.383
1749264374,10.48800000,4.49000000,10.383
1749264374,10.48900000,68.87000000,10.383
1749264374,10.49100000,29.52000000,10.383
1749264374,10.49200000,3.81000000,10.383
1749264675,10.39100000,27.79000000,10.389
1749264675,10.39200000,0.97000000,10.389
1749264675,10.39300000,0.97000000,10.389
1749264675,10.39400000,12.25000000,10.389
1749264675,10.39500000,63.60000000,10.389
1749264675,10.39600000,135.35000000,10.389
1749264675,10.39700000,149.41000000,10.389
1749264675,10.39800000,206.38000000,10.389
1749264675,10.39900000,50.17000000,10.389
1749264675,10.40000000,204.39000000,10.389
1749264675,10.40100000,34.45000000,10.389
1749264675,10.40200000,27.89000000,10.389
1749264675,10.40300000,3.27000000,10.389
1749264675,10.40400000,0.97000000,10.389
1749264675,10.40500000,236.34000000,10.389
1749264675,10.40600000,10.59000000,10.389
1749264675,10.40700000,10.58000000,10.389
1749264675,10.40800000,245.01000000,10.389
1749264675,10.40900000,102.77000000,10.389
1749264675,10.41000000,101.33000000,10.389
1749264675,10.41100000,99.36000000,10.389
1749264675,10.41200000,0.97000000,10.389
1749264675,10.41300000,3.76000000,10.389
1749264675,10.41400000,0.97000000,10.389
1749264675,10.41500000,10.58000000,10.389
1749264675,10.41600000,50.17000000,10.389
1749264675,10.41700000,77.69000000,10.389
1749264675,10.41800000,35.47000000,10.389
1749264675,10.41900000,12.93000000,10.389
1749264675,10.42000000,33.52000000,10.389
1749264675,10.42100000,0.97000000,10.389
1749264675,10.42200000,51.09000000,10.389
1749264675,10.42300000,36.37000000,10.389
1749264675,10.42400000,69.84000000,10.389
1749264675,10.42500000,0.97000000,10.389
1749264675,10.42600000,100.01000000,10.389
1749264675,10.42700000,50.17000000,10.389
1749264675,10.42800000,20.25000000,10.389
1749264675,10.42900000,19.19000000,10.389
1749264675,10.43000000,0.96000000,10.389
1749264675,10.43100000,23.91000000,10.389
1749264675,10.43200000,40.07000000,10.389
1749264675,10.43300000,26.47000000,10.389
1749264675,10.43400000,10.55000000,10.389
1749264675,10.43500000,92.79000000,10.389
1749264675,10.43600000,50.17000000,10.389
1749264675,10.43700000,23.92000000,10.389
1749264675,10.43800000,12.50000000,10.389
1749264675,10.43900000,8.98000000,10.389
1749264675,10.44000000,23.92000000,10.389
1749264675,10.44100000,10.55000000,10.389
1749264675,10.44200000,53.44000000,10.389
1749264675,10.44300000,52.35000000,10.389
1749264675,10.44400000,10.55000000,10.389
1749264675,10.44500000,23.92000000,10.389
1749264675,10.44600000,51.86000000,10.389
1749264675,10.44700000,79.43000000,10.389
1749264675,10.44800000,3.43000000,10.389
1749264675,10.44900000,23.92000000,10.389
1749264675,10.45000000,0.97000000,10.389
1749264675,10.45100000,33.54000000,10.389
1749264675,10.45200000,81.12000000,10.389
1749264675,10.45300000,23.92000000,10.389
1749264675,10.45400000,10.59000000,10.389
1749264675,10.45500000,10.59000000,10.389
1749264675,10.45600000,23.92000000,10.389
1749264675,10.45700000,0.97000000,10.389
1749264675,10.45800000,26.83000000,10.389
1749264675,10.45900000,72.21000000,10.389
1749264675,10.46000000,34.26000000,10.389
1749264675,10.46100000,50.17000000,10.389
1749264675,10.46200000,24.18000000,10.389
1749264675,10.46300000,23.92000000,10.389
1749264675,10.46400000,30.49000000,10.389
1749264675,10.46500000,23.92000000,10.389
1749264675,10.46600000,48.93000000,10.389
1749264675,10.46700000,139.20000000,10.389
1749264675,10.46800000,22.95000000,10.389
1749264675,10.46900000,49.20000000,10.389
1749264675,10.47000000,22.95000000,10.389
1749264675,10.47100000,68.87000000,10.389
1749264675,10.47300000,22.95000000,10.389
1749264675,10.47400000,77.59000000,10.389
1749264675,10.47500000,210.52000000,10.389
1749264675,10.47700000,72.15000000,10.389
1749264675,10.48000000,22.95000000,10.389
1749264675,10.48100000,2.47000000,10.389
1749264675,10.48200000,22.95000000,10.389
1749264675,10.48300000,70.77000000,10.389
1749264675,10.48400000,72.15000000,10.389
1749264675,10.48800000,27.44000000,10.389
1749264675,10.48900000,68.87000000,10.389
1749264675,10.49100000,29.52000000,10.389
1749264675,10.49200000,3.81000000,10.389
1749264675,10.49400000,1.47000000,10.389
1749264675,10.49900000,62.33000000,10.389
1749264675,10.50100000,68.87000000,10.389
1749264675,10.50300000,96.12000000,10.389
1749264675,10.50400000,12.16000000,10.389
1749264675,10.50500000,9.56000000,10.389
1749264977,10.38100000,0.97000000,10.38
1749264977,10.38200000,0.97000000,10.38
1749264977,10.38300000,31.91000000,10.38
1749264977,10.38400000,10.97000000,10.38
1749264977,10.38500000,7.79000000,10.38
1749264977,10.38600000,21.21000000,10.38
1749264977,10.38700000,22.07000000,10.38
1749264977,10.38800000,0.97000000,10.38
1749264977,10.38900000,23.16000000,10.38
1749264977,10.39000000,115.29000000,10.38
1749264977,10.39100000,138.93000000,10.38
1749264977,10.39200000,135.89000000,10.38
1749264977,10.39300000,96.67000000,10.38
1749264977,10.39400000,0.97000000,10.38
1749264977,10.39500000,0.97000000,10.38
1749264977,10.39600000,32.80000000,10.38
1749264977,10.39700000,98.73000000,10.38
1749264977,10.39800000,85.91000000,10.38
1749264977,10.39900000,360.05000000,10.38
1749264977,10.40000000,30.49000000,10.38
1749264977,10.40100000,60.06000000,10.38
1749264977,10.40200000,277.82000000,10.38
1749264977,10.40300000,207.85000000,10.38
1749264977,10.40400000,10.58000000,10.38
1749264977,10.40500000,23.92000000,10.38
1749264977,10.40600000,185.81000000,10.38
1749264977,10.40700000,10.58000000,10.38
1749264977,10.40800000,129.42000000,10.38
1749264977,10.40900000,23.92000000,10.38
1749264977,10.41000000,161.03000000,10.38
1749264977,10.41100000,122.31000000,10.38
1749264977,10.41200000,12.27000000,10.38
1749264977,10.41300000,26.71000000,10.38
1749264977,10.41400000,19.88000000,10.38
1749264977,10.41500000,33.53000000,10.38
1749264977,10.41600000,50.17000000,10.38
1749264977,10.41700000,8.98000000,10.38
1749264977,10.41800000,35.47000000,10.38
1749264977,10.41900000,0.97000000,10.38
1749264977,10.42000000,33.52000000,10.38
1749264977,10.42100000,0.97000000,10.38
1749264977,10.42200000,30.49000000,10.38
1749264977,10.42300000,36.37000000,10.38
1749264977,10.42400000,69.84000000,10.38
1749264977,10.42500000,0.97000000,10.38
1749264977,10.42600000,33.52000000,10.38
1749264977,10.42700000,50.17000000,10.38
1749264977,10.42800000,94.09000000,10.38
1749264977,10.42900000,19.19000000,10.38
1749264977,10.43000000,0.96000000,10.38
1749264977,10.43100000,23.91000000,10.38
1749264977,10.43200000,40.07000000,10.38
1749264977,10.43300000,26.47000000,10.38
1749264977,10.43400000,10.55000000,10.38
1749264977,10.43500000,92.79000000,10.38
1749264977,10.43600000,50.17000000,10.38
1749264977,10.43700000,23.92000000,10.38
1749264977,10.43800000,12.50000000,10.38
1749264977,10.43900000,0.97000000,10.38
1749264977,10.44000000,23.92000000,10.38
1749264977,10.44100000,10.55000000,10.38
1749264977,10.44200000,53.44000000,10.38
1749264977,10.44300000,52.35000000,10.38
1749264977,10.44400000,10.55000000,10.38
1749264977,10.44500000,23.92000000,10.38
1749264977,10.44600000,0.97000000,10.38
1749264977,10.44700000,79.43000000,10.38
1749264977,10.44800000,3.43000000,10.38
1749264977,10.44900000,23.92000000,10.38
1749264977,10.45000000,0.97000000,10.38
1749264977,10.45100000,23.92000000,10.38
1749264977,10.45200000,81.12000000,10.38
1749264977,10.45300000,23.92000000,10.38
1749264977,10.45400000,0.97000000,10.38
1749264977,10.45500000,0.97000000,10.38
1749264977,10.45600000,23.92000000,10.38
1749264977,10.45800000,25.86000000,10.38
1749264977,10.45900000,71.24000000,10.38
1749264977,10.46000000,197.02000000,10.38
1749264977,10.46100000,49.20000000,10.38
1749264977,10.46200000,13.60000000,10.38
1749264977,10.46300000,22.95000000,10.38
1749264977,10.46400000,29.52000000,10.38
1749264977,10.46500000,22.95000000,10.38
1749264977,10.46600000,48.30000000,10.38
1749264977,10.46700000,139.20000000,10.38
1749264977,10.46800000,22.95000000,10.38
1749264977,10.46900000,49.20000000,10.38
1749264977,10.47000000,22.95000000,10.38
1749264977,10.47100000,68.87000000,10.38
1749264977,10.47400000,100.39000000,10.38
1749264977,10.47500000,14.45000000,10.38
1749264977,10.47700000,49.20000000,10.38
1749264977,10.47900000,47.96000000,10.38
1749264977,10.48100000,2.47000000,10.38
1749264977,10.48400000,49.20000000,10.38
1749264977,10.48700000,96.30000000,10.38
1749264977,10.48800000,4.49000000,10.38
1749264977,10.48900000,68.87000000,10.38
1749264977,10.49100000,29.52000000,10.38
1749265279,10.35200000,52.88000000,10.351
1749265279,10.35300000,26.56000000,10.351
1749265279,10.35400000,0.97000000,10.351
1749265279,10.35500000,10.97000000,10.351
1749265279,10.35600000,7.61000000,10.351
1749265279,10.35700000,24.83000000,10.351
1749265279,10.35800000,9.76000000,10.351
1749265279,10.35900000,101.17000000,10.351
1749265279,10.36000000,224.10000000,10.351
1749265279,10.36100000,22.72000000,10.351
1749265279,10.36200000,105.64000000,10.351
1749265279,10.36300000,216.89000000,10.351
1749265279,10.36400000,39.53000000,10.351
1749265279,10.36500000,99.65000000,10.351
1749265279,10.36600000,10.62000000,10.351
1749265279,10.36700000,30.49000000,10.351
1749265279,10.36800000,89.67000000,10.351
1749265279,10.36900000,143.94000000,10.351
1749265279,10.37000000,107.86000000,10.351
1749265279,10.37100000,56.30000000,10.351
1749265279,10.37200000,226.98000000,10.351
1749265279,10.37300000,12.93000000,10.351
1749265279,10.37400000,61.30000000,10.351
1749265279,10.37500000,177.24000000,10.351
1749265279,10.37600000,261.51000000,10.351
1749265279,10.37700000,10.61000000,10.351
1749265279,10.37800000,3.02000000,10.351
1749265279,10.37900000,2.11000000,10.351
1749265279,10.38000000,107.08000000,10.351
1749265279,10.38100000,77.39000000,10.351
1749265279,10.38200000,0.97000000,10.351
1749265279,10.38300000,13.35000000,10.351
1749265279,10.38400000,59.87000000,10.351
1749265279,10.38500000,0.97000000,10.351
1749265279,10.38600000,69.84000000,10.351
1749265279,10.38700000,0.97000000,10.351
1749265279,10.38800000,12.54000000,10.351
1749265279,10.38900000,29.51000000,10.351
1749265279,10.39000000,0.97000000,10.351
1749265279,10.39100000,79.69000000,10.351
1749265279,10.39200000,10.60000000,10.351
1749265279,10.39300000,2.99000000,10.351
1749265279,10.39400000,23.92000000,10.351
1749265279,10.39500000,81.24000000,10.351
1749265279,10.39600000,55.61000000,10.351
1749265279,10.39700000,69.84000000,10.351
1749265279,10.39800000,26.46000000,10.351
1749265279,10.39900000,59.79000000,10.351
1749265279,10.40000000,30.49000000,10.351
1749265279,10.40100000,23.92000000,10.351
1749265279,10.40200000,0.97000000,10.351
1749265279,10.40300000,48.33000000,10.351
1749265279,10.40400000,10.58000000,10.351
1749265279,10.40500000,23.92000000,10.351
1749265279,10.40600000,0.97000000,10.351
1749265279,10.40700000,33.53000000,10.351
1749265279,10.40800000,50.17000000,10.351
1749265279,10.40900000,23.92000000,10.351
1749265279,10.41000000,0.97000000,10.351
1749265279,10.41100000,122.31000000,10.351
1749265279,10.41200000,10.63000000,10.351
1749265279,10.41300000,23.92000000,10.351
1749265279,10.41400000,0.97000000,10.351
1749265279,10.41500000,23.92000000,10.351
1749265279,10.41600000,50.17000000,10.351
1749265279,10.41700000,23.92000000,10.351
1749265279,10.41800000,0.97000000,10.351
1749265279,10.41900000,0.97000000,10.351
1749265279,10.42000000,23.92000000,10.351
1749265279,10.42100000,0.97000000,10.351
1749265279,10.42200000,30.49000000,10.351
1749265279,10.42300000,23.92000000,10.351
1749265279,10.42400000,69.84000000,10.351
1749265279,10.42500000,0.97000000,10.351
1749265279,10.42600000,23.92000000,10.351
1749265279,10.42700000,50.17000000,10.351
1749265279,10.42800000,22.95000000,10.351
1749265279,10.43100000,71.71000000,10.351
1749265279,10.43200000,29.52000000,10.351
1749265279,10.43300000,22.95000000,10.351
1749265279,10.43500000,265.71000000,10.351
1749265279,10.43600000,120.46000000,10.351
1749265279,10.44000000,22.95000000,10.351
1749265279,10.44200000,52.47000000,10.351
1749265279,10.44300000,49.20000000,10.351
1749265279,10.44500000,22.95000000,10.351
1749265279,10.44700000,91.82000000,10.351
1749265279,10.45200000,80.15000000,10.351
1749265279,10.45400000,47.96000000,10.351
1749265279,10.45800000,2.91000000,10.351
1749265279,10.45900000,71.24000000,10.351
1749265279,10.46000000,0.72000000,10.351
1749265279,10.46100000,49.20000000,10.351
1749265279,10.46200000,13.60000000,10.351
1749265279,10.46400000,29.52000000,10.351
1749265279,10.46700000,139.20000000,10.351
1749265279,10.46900000,49.20000000,10.351
1749265279,10.47100000,68.87000000,10.351
1749265279,10.47400000,29.52000000,10.351
1749265279,10.47500000,14.45000000,10.351
1749265585,10.32600000,4.84000000,10.325
1749265585,10.32700000,11.80000000,10.325
1749265585,10.32800000,0.97000000,10.325
1749265585,10.32900000,33.42000000,10.325
1749265585,10.33000000,19.15000000,10.325
1749265585,10.33100000,0.97000000,10.325
1749265585,10.33200000,20.79000000,10.325
1749265585,10.33300000,10.97000000,10.325
1749265585,10.33400000,0.97000000,10.325
1749265585,10.33500000,0.97000000,10.325
1749265585,10.33600000,154.97000000,10.325
1749265585,10.33700000,90.20000000,10.325
1749265585,10.33800000,79.52000000,10.325
1749265585,10.33900000,227.87000000,10.325
1749265585,10.34000000,117.69000000,10.325
1749265585,10.34100000,10.65000000,10.325
1749265585,10.34200000,98.08000000,10.325
1749265585,10.34300000,0.97000000,10.325
1749265585,10.34400000,10.64000000,10.325
1749265585,10.34500000,29.98000000,10.325
1749265585,10.34600000,197.54000000,10.325
1749265585,10.34700000,93.70000000,10.325
1749265585,10.34800000,62.04000000,10.325
1749265585,10.34900000,99.36000000,10.325
1749265585,10.35000000,199.09000000,10.325
1749265585,10.35100000,99.55000000,10.325
1749265585,10.35200000,10.64000000,10.325
1749265585,10.35300000,97.02000000,10.325
1749265585,10.35400000,10.63000000,10.325
1749265585,10.35500000,143.84000000,10.325
1749265585,10.35600000,38.72000000,10.325
1749265585,10.35700000,18.58000000,10.325
1749265585,10.35800000,128.74000000,10.325
1749265585,10.35900000,0.97000000,10.325
1749265585,10.36000000,10.63000000,10.325
1749265585,10.36100000,0.97000000,10.325
1749265585,10.36200000,119.04000000,10.325
1749265585,10.36300000,26.51000000,10.325
1749265585,10.36400000,10.62000000,10.325
1749265585,10.36500000,33.57000000,10.325
1749265585,10.36600000,0.97000000,10.325
1749265585,10.36700000,53.44000000,10.325
1749265585,10.36800000,13.49000000,10.325
1749265585,10.36900000,117.04000000,10.325
1749265585,10.37000000,23.92000000,10.325
1749265585,10.37100000,10.62000000,10.325
1749265585,10.37200000,23.92000000,10.325
1749265585,10.37300000,11.33000000,10.325
1749265585,10.37400000,36.96000000,10.325
1749265585,10.37500000,69.84000000,10.325
1749265585,10.37600000,89.33000000,10.325
1749265585,10.37700000,33.56000000,10.325
1749265585,10.37800000,53.91000000,10.325
1749265585,10.37900000,2.11000000,10.325
1749265585,10.38000000,23.92000000,10.325
1749265585,10.38100000,10.61000000,10.325
1749265585,10.38200000,0.97000000,10.325
1749265585,10.38300000,36.30000000,10.325
1749265585,10.38400000,57.64000000,10.325
1749265585,10.38500000,23.92000000,10.325
1749265585,10.38600000,69.84000000,10.325
1749265585,10.38700000,0.97000000,10.325
1749265585,10.38800000,35.49000000,10.325
1749265585,10.38900000,10.60000000,10.325
1749265585,10.39000000,23.92000000,10.325
1749265585,10.39100000,79.69000000,10.325
1749265585,10.39200000,34.27000000,10.325
1749265585,10.39300000,2.99000000,10.325
1749265585,10.39400000,0.97000000,10.325
1749265585,10.39500000,45.78000000,10.325
1749265585,10.39600000,32.66000000,10.325
1749265585,10.39700000,69.84000000,10.325
1749265585,10.39800000,23.92000000,10.325
1749265585,10.39900000,59.79000000,10.325
1749265585,10.40000000,30.49000000,10.325
1749265585,10.40100000,23.92000000,10.325
1749265585,10.40700000,22.95000000,10.325
1749265585,10.40800000,49.20000000,10.325
1749265585,10.40900000,22.95000000,10.325
1749265585,10.41100000,121.34000000,10.325
1749265585,10.41300000,174.14000000,10.325
1749265585,10.41500000,22.95000000,10.325
1749265585,10.41600000,49.20000000,10.325
1749265585,10.41700000,22.95000000,10.325
1749265585,10.41800000,3.81000000,10.325
1749265585,10.42000000,23.48000000,10.325
1749265585,10.42200000,29.52000000,10.325
1749265585,10.42300000,94.33000000,10.325
1749265585,10.42400000,68.87000000,10.325
1749265585,10.42600000,22.95000000,10.325
1749265585,10.42700000,49.20000000,10.325
1749265585,10.42900000,49.14000000,10.325
1749265585,10.43100000,22.95000000,10.325
1749265585,10.43200000,29.52000000,10.325
1749265585,10.43300000,22.95000000,10.325
1749265585,10.43500000,91.82000000,10.325
1749265585,10.43600000,49.20000000,10.325
1749265585,10.44200000,29.52000000,10.325
1749265585,10.44300000,49.20000000,10.325
1749265585,10.44500000,47.96000000,10.325
1749265887,10.34100000,0.97000000,10.339
1749265887,10.34200000,0.97000000,10.339
1749265887,10.34300000,0.97000000,10.339
1749265887,10.34400000,0.97000000,10.339
1749265887,10.34500000,0.97000000,10.339
1749265887,10.34600000,0.97000000,10.339
1749265887,10.34700000,18.05000000,10.339
1749265887,10.34800000,0.97000000,10.339
1749265887,10.34900000,24.02000000,10.339
1749265887,10.35000000,274.04000000,10.339
1749265887,10.35100000,12.17000000,10.339
1749265887,10.35200000,0.97000000,10.339
1749265887,10.35300000,106.43000000,10.339
1749265887,10.35400000,0.97000000,10.339
1749265887,10.35500000,0.97000000,10.339
1749265887,10.35600000,101.98000000,10.339
1749265887,10.35700000,92.31000000,10.339
1749265887,10.35800000,250.73000000,10.339
1749265887,10.35900000,0.97000000,10.339
1749265887,10.36000000,39.64000000,10.339
1749265887,10.36100000,50.17000000,10.339
1749265887,10.36200000,10.63000000,10.339
1749265887,10.36300000,72.43000000,10.339
1749265887,10.36400000,0.97000000,10.339
1749265887,10.36500000,10.63000000,10.339
1749265887,10.36600000,8.25000000,10.339
1749265887,10.36700000,107.41000000,10.339
1749265887,10.36800000,3.84000000,10.339
1749265887,10.36900000,50.17000000,10.339
1749265887,10.37000000,10.62000000,10.339
1749265887,10.37100000,42.83000000,10.339
1749265887,10.37200000,2.66000000,10.339
1749265887,10.37300000,35.88000000,10.339
1749265887,10.37400000,14.01000000,10.339
1749265887,10.37500000,69.84000000,10.339
1749265887,10.37600000,156.09000000,10.339
1749265887,10.37700000,33.56000000,10.339
1749265887,10.37800000,3.02000000,10.339
1749265887,10.37900000,2.11000000,10.339
1749265887,10.38000000,23.92000000,10.339
1749265887,10.38100000,10.61000000,10.339
1749265887,10.38200000,23.92000000,10.339
1749265887,10.38300000,13.35000000,10.339
1749265887,10.38400000,57.64000000,10.339
1749265887,10.38500000,23.92000000,10.339
1749265887,10.38600000,69.84000000,10.339
1749265887,10.38700000,0.97000000,10.339
1749265887,10.38800000,35.49000000,10.339
1749265887,10.38900000,10.60000000,10.339
1749265887,10.39000000,23.92000000,10.339
1749265887,10.39100000,79.69000000,10.339
1749265887,10.39200000,11.32000000,10.339
1749265887,10.39300000,25.94000000,10.339
1749265887,10.39400000,0.97000000,10.339
1749265887,10.39500000,31.97000000,10.339
1749265887,10.39600000,32.66000000,10.339
1749265887,10.39700000,69.84000000,10.339
1749265887,10.39800000,26.64000000,10.339
1749265887,10.39900000,81.70000000,10.339
1749265887,10.40000000,30.49000000,10.339
1749265887,10.40100000,0.97000000,10.339
1749265887,10.40200000,23.92000000,10.339
1749265887,10.40300000,12.68000000,10.339
1749265887,10.40400000,23.92000000,10.339
1749265887,10.40500000,0.97000000,10.339
1749265887,10.40600000,10.64000000,10.339
1749265887,10.40700000,33.59000000,10.339
1749265887,10.40800000,101.06000000,10.339
1749265887,10.40900000,23.92000000,10.339
1749265887,10.41000000,0.97000000,10.339
1749265887,10.41100000,122.31000000,10.339
1749265887,10.41200000,0.97000000,10.339
1749265887,10.41300000,23.92000000,10.339
1749265887,10.41400000,0.97000000,10.339
1749265887,10.41500000,23.92000000,10.339
1749265887,10.41600000,50.17000000,10.339
1749265887,10.41700000,22.95000000,10.339
1749265887,10.41800000,3.81000000,10.339
1749265887,10.41900000,173.97000000,10.339
1749265887,10.42000000,23.48000000,10.339
1749265887,10.42200000,29.52000000,10.339
1749265887,10.42300000,22.95000000,10.339
1749265887,10.42400000,68.87000000,10.339
1749265887,10.42600000,22.95000000,10.339
1749265887,10.42700000,49.20000000,10.339
1749265887,10.43100000,22.95000000,10.339
1749265887,10.43200000,29.52000000,10.339
1749265887,10.43300000,22.95000000,10.339
1749265887,10.43500000,91.82000000,10.339
1749265887,10.43600000,49.20000000,10.339
1749265887,10.44100000,22.95000000,10.339
1749265887,10.44200000,100.70000000,10.339
1749265887,10.44300000,72.15000000,10.339
1749265887,10.44500000,22.95000000,10.339
1749265887,10.44600000,48.87000000,10.339
1749265887,10.44700000,68.87000000,10.339
1749265887,10.44800000,47.96000000,10.339
1749265887,10.45200000,80.15000000,10.339
1749265887,10.45800000,2.91000000,10.339
1749265887,10.45900000,71.24000000,10.339
1749266188,10.33500000,44.70000000,10.335
1749266188,10.33600000,23.92000000,10.335
1749266188,10.33700000,0.97000000,10.335
1749266188,10.33800000,33.40000000,10.335
1749266188,10.33900000,0.97000000,10.335
1749266188,10.34000000,4.46000000,10.335
1749266188,10.34100000,4.91000000,10.335
1749266188,10.34200000,34.87000000,10.335
1749266188,10.34300000,76.19000000,10.335
1749266188,10.34400000,0.97000000,10.335
1749266188,10.34500000,24.73000000,10.335
1749266188,10.34600000,24.71000000,10.335
1749266188,10.34700000,0.97000000,10.335
1749266188,10.34800000,0.97000000,10.335
1749266188,10.34900000,30.49000000,10.335
1749266188,10.35000000,34.39000000,10.335
1749266188,10.35100000,100.13000000,10.335
1749266188,10.35200000,69.84000000,10.335
1749266188,10.35300000,0.97000000,10.335
1749266188,10.35400000,0.97000000,10.335
1749266188,10.35500000,0.97000000,10.335
1749266188,10.35600000,0.97000000,10.335
1749266188,10.35700000,33.58000000,10.335
1749266188,10.35800000,50.98000000,10.335
1749266188,10.35900000,0.97000000,10.335
1749266188,10.36000000,47.18000000,10.335
1749266188,10.36100000,127.24000000,10.335
1749266188,10.36200000,41.04000000,10.335
1749266188,10.36300000,72.43000000,10.335
1749266188,10.36400000,28.38000000,10.335
1749266188,10.36500000,33.58000000,10.335
1749266188,10.36600000,2.66000000,10.335
1749266188,10.36700000,30.49000000,10.335
1749266188,10.36800000,45.70000000,10.335
1749266188,10.36900000,50.17000000,10.335
1749266188,10.37000000,10.62000000,10.335
1749266188,10.37100000,23.92000000,10.335
1749266188,10.37200000,0.97000000,10.335
1749266188,10.37300000,102.69000000,10.335
1749266188,10.37400000,0.97000000,10.335
1749266188,10.37500000,92.79000000,10.335
1749266188,10.37600000,89.33000000,10.335
1749266188,10.37700000,33.56000000,10.335
1749266188,10.37800000,3.02000000,10.335
1749266188,10.37900000,2.11000000,10.335
1749266188,10.38000000,23.92000000,10.335
1749266188,10.38100000,10.61000000,10.335
1749266188,10.38200000,23.92000000,10.335
1749266188,10.38300000,13.35000000,10.335
1749266188,10.38400000,58.23000000,10.335
1749266188,10.38500000,23.92000000,10.335
1749266188,10.38600000,69.84000000,10.335
1749266188,10.38700000,0.97000000,10.335
1749266188,10.38800000,35.49000000,10.335
1749266188,10.38900000,10.60000000,10.335
1749266188,10.39000000,23.92000000,10.335
1749266188,10.39100000,79.69000000,10.335
1749266188,10.39200000,62.21000000,10.335
1749266188,10.39300000,25.94000000,10.335
1749266188,10.39400000,0.97000000,10.335
1749266188,10.39500000,23.92000000,10.335
1749266188,10.39600000,32.66000000,10.335
1749266188,10.39700000,69.84000000,10.335
1749266188,10.39800000,26.64000000,10.335
1749266188,10.39900000,81.70000000,10.335
1749266188,10.40000000,30.49000000,10.335
1749266188,10.40100000,0.97000000,10.335
1749266188,10.40200000,23.92000000,10.335
1749266188,10.40300000,3.02000000,10.335
1749266188,10.40400000,23.92000000,10.335
1749266188,10.40500000,0.97000000,10.335
1749266188,10.40600000,10.64000000,10.335
1749266188,10.40700000,33.59000000,10.335
1749266188,10.40800000,50.17000000,10.335
1749266188,10.40900000,23.92000000,10.335
1749266188,10.41000000,0.97000000,10.335
1749266188,10.41100000,121.34000000,10.335
1749266188,10.41300000,3.81000000,10.335
1749266188,10.41500000,22.95000000,10.335
1749266188,10.41600000,49.20000000,10.335
1749266188,10.41700000,22.95000000,10.335
1749266188,10.42000000,23.48000000,10.335
1749266188,10.42200000,203.52000000,10.335
1749266188,10.42300000,22.95000000,10.335
1749266188,10.42400000,68.87000000,10.335
1749266188,10.42600000,22.95000000,10.335
1749266188,10.42700000,49.20000000,10.335
1749266188,10.43100000,94.24000000,10.335
1749266188,10.43200000,29.52000000,10.335
1749266188,10.43300000,49.10000000,10.335
1749266188,10.43500000,68.87000000,10.335
1749266188,10.43600000,49.20000000,10.335
1749266188,10.44200000,29.52000000,10.335
1749266188,10.44300000,49.20000000,10.335
1749266188,10.44700000,68.87000000,10.335
1749266188,10.44800000,47.96000000,10.335
1749266188,10.45200000,80.15000000,10.335
1749266188,10.45800000,2.91000000,10.335
1749266188,10.45900000,71.24000000,10.335
1749266188,10.46000000,0.72000000,10.335
1749266490,10.31300000,37.43000000,10.313
1749266490,10.31400000,31.10000000,10.313
1749266490,10.31500000,0.98000000,10.313
1749266490,10.31600000,0.98000000,10.313
1749266490,10.31700000,15.70000000,10.313
1749266490,10.31800000,0.98000000,10.313
1749266490,10.31900000,0.98000000,10.313
1749266490,10.32000000,34.78000000,10.313
1749266490,10.32100000,63.33000000,10.313
1749266490,10.32200000,0.97000000,10.313
1749266490,10.32300000,1.46000000,10.313
1749266490,10.32400000,48.61000000,10.313
1749266490,10.32500000,43.97000000,10.313
1749266490,10.32600000,69.84000000,10.313
1749266490,10.32700000,34.57000000,10.313
1749266490,10.32800000,108.72000000,10.313
1749266490,10.32900000,0.97000000,10.313
1749266490,10.33000000,61.81000000,10.313
1749266490,10.33100000,4.26000000,10.313
1749266490,10.33200000,4.26000000,10.313
1749266490,10.33300000,5.26000000,10.313
1749266490,10.33400000,10.66000000,10.313
1749266490,10.33500000,4.26000000,10.313
1749266490,10.33600000,10.65000000,10.313
1749266490,10.33700000,0.97000000,10.313
1749266490,10.33800000,80.32000000,10.313
1749266490,10.33900000,99.36000000,10.313
1749266490,10.34000000,10.65000000,10.313
1749266490,10.34100000,33.60000000,10.313
1749266490,10.34200000,50.17000000,10.313
1749266490,10.34300000,26.67000000,10.313
1749266490,10.34400000,12.34000000,10.313
1749266490,10.34500000,42.83000000,10.313
1749266490,10.34600000,0.97000000,10.313
1749266490,10.34700000,67.96000000,10.313
1749266490,10.34800000,35.96000000,10.313
1749266490,10.34900000,80.07000000,10.313
1749266490,10.35000000,10.65000000,10.313
1749266490,10.35100000,57.63000000,10.313
1749266490,10.35200000,69.84000000,10.313
1749266490,10.35300000,26.40000000,10.313
1749266490,10.35400000,0.97000000,10.313
1749266490,10.35500000,10.65000000,10.313
1749266490,10.35600000,23.92000000,10.313
1749266490,10.35700000,0.97000000,10.313
1749266490,10.35800000,54.27000000,10.313
1749266490,10.35900000,10.65000000,10.313
1749266490,10.36000000,37.52000000,10.313
1749266490,10.36100000,50.17000000,10.313
1749266490,10.36200000,31.98000000,10.313
1749266490,10.36300000,94.49000000,10.313
1749266490,10.36400000,10.65000000,10.313
1749266490,10.36500000,23.92000000,10.313
1749266490,10.36600000,10.65000000,10.313
1749266490,10.36700000,52.35000000,10.313
1749266490,10.36800000,36.47000000,10.313
1749266490,10.36900000,50.17000000,10.313
1749266490,10.37000000,0.97000000,10.313
1749266490,10.37100000,23.92000000,10.313
1749266490,10.37200000,10.65000000,10.313
1749266490,10.37300000,26.23000000,10.313
1749266490,10.37400000,10.65000000,10.313
1749266490,10.37500000,92.79000000,10.313
1749266490,10.37600000,130.58000000,10.313
1749266490,10.37700000,23.92000000,10.313
1749266490,10.37800000,3.02000000,10.313
1749266490,10.37900000,11.79000000,10.313
1749266490,10.38000000,23.92000000,10.313
1749266490,10.38100000,0.97000000,10.313
1749266490,10.38200000,33.60000000,10.313
1749266490,10.38300000,3.71000000,10.313
1749266490,10.38400000,50.17000000,10.313
1749266490,10.38500000,33.60000000,10.313
1749266490,10.38600000,69.84000000,10.313
1749266490,10.38700000,0.97000000,10.313
1749266490,10.38800000,33.60000000,10.313
1749266490,10.39000000,22.95000000,10.313
1749266490,10.39100000,78.72000000,10.313
1749266490,10.39200000,0.72000000,10.313
1749266490,10.39500000,22.95000000,10.313
1749266490,10.39700000,68.87000000,10.313
1749266490,10.39800000,197.38000000,10.313
1749266490,10.39900000,49.20000000,10.313
1749266490,10.40000000,52.47000000,10.313
1749266490,10.40100000,71.58000000,10.313
1749266490,10.40700000,22.95000000,10.313
1749266490,10.40800000,49.20000000,10.313
1749266490,10.40900000,22.95000000,10.313
1749266490,10.41000000,3.81000000,10.313
1749266490,10.41100000,121.34000000,10.313
1749266490,10.41500000,22.95000000,10.313
1749266490,10.41600000,97.16000000,10.313
1749266490,10.41700000,22.95000000,10.313
1749266490,10.42000000,0.53000000,10.313
1749266490,10.42100000,0.58000000,10.313
1749266490,10.42200000,29.52000000,10.313
1749266490,10.42400000,68.87000000,10.313
1749266490,10.42700000,49.20000000,10.313
1749266490,10.43200000,29.52000000,10.313
1749266490,10.43500000,68.87000000,10.313
1749266792,10.27400000,4.84000000,10.273
1749266792,10.27500000,0.98000000,10.273
1749266792,10.27600000,12.55000000,10.273
1749266792,10.27700000,0.98000000,10.273
1749266792,10.27800000,3.77000000,10.273
1749266792,10.27900000,9.80000000,10.273
1749266792,10.28000000,0.98000000,10.273
1749266792,10.28100000,7.24000000,10.273
1749266792,10.28200000,0.98000000,10.273
1749266792,10.28300000,63.28000000,10.273
1749266792,10.28400000,123.28000000,10.273
1749266792,10.28500000,0.98000000,10.273
1749266792,10.28600000,58.80000000,10.273
1749266792,10.28700000,48.80000000,10.273
1749266792,10.28800000,6.10000000,10.273
1749266792,10.28900000,11.19000000,10.273
1749266792,10.29000000,19.46000000,10.273
1749266792,10.29100000,14.93000000,10.273
1749266792,10.29200000,30.08000000,10.273
1749266792,10.29300000,10.70000000,10.273
1749266792,10.29400000,0.98000000,10.273
1749266792,10.29500000,30.01000000,10.273
1749266792,10.29600000,50.18000000,10.273
1749266792,10.29700000,10.70000000,10.273
1749266792,10.29800000,54.33000000,10.273
1749266792,10.29900000,69.85000000,10.273
1749266792,10.30000000,88.32000000,10.273
1749266792,10.30100000,0.98000000,10.273
1749266792,10.30200000,10.69000000,10.273
1749266792,10.30300000,3.62000000,10.273
1749266792,10.30400000,2.67000000,10.273
1749266792,10.30500000,0.98000000,10.273
1749266792,10.30600000,10.69000000,10.273
1749266792,10.30700000,19.89000000,10.273
1749266792,10.30800000,62.26000000,10.273
1749266792,10.30900000,15.14000000,10.273
1749266792,10.31000000,99.37000000,10.273
1749266792,10.31100000,10.69000000,10.273
1749266792,10.31200000,0.98000000,10.273
1749266792,10.31300000,3.82000000,10.273
1749266792,10.31400000,77.85000000,10.273
1749266792,10.31500000,23.93000000,10.273
1749266792,10.31600000,0.98000000,10.273
1749266792,10.31700000,0.98000000,10.273
1749266792,10.31800000,43.06000000,10.273
1749266792,10.31900000,79.70000000,10.273
1749266792,10.32000000,10.66000000,10.273
1749266792,10.32100000,23.92000000,10.273
1749266792,10.32200000,0.97000000,10.273
1749266792,10.32300000,13.25000000,10.273
1749266792,10.32400000,23.92000000,10.273
1749266792,10.32500000,0.97000000,10.273
1749266792,10.32600000,120.73000000,10.273
1749266792,10.32700000,33.61000000,10.273
1749266792,10.32800000,82.31000000,10.273
1749266792,10.32900000,9.04000000,10.273
1749266792,10.33000000,10.66000000,10.273
1749266792,10.33100000,0.97000000,10.273
1749266792,10.33200000,0.97000000,10.273
1749266792,10.33300000,26.69000000,10.273
1749266792,10.33400000,10.66000000,10.273
1749266792,10.33500000,23.92000000,10.273
1749266792,10.33600000,10.65000000,10.273
1749266792,10.33700000,67.45000000,10.273
1749266792,10.33800000,3.18000000,10.273
1749266792,10.33900000,122.31000000,10.273
1749266792,10.34000000,10.65000000,10.273
1749266792,10.34100000,33.60000000,10.273
1749266792,10.34200000,50.17000000,10.273
1749266792,10.34300000,26.67000000,10.273
1749266792,10.34400000,10.65000000,10.273
1749266792,10.34500000,23.92000000,10.273
1749266792,10.34600000,0.97000000,10.273
1749266792,10.34700000,23.04000000,10.273
1749266792,10.34800000,33.61000000,10.273
1749266792,10.34900000,30.50000000,10.273
1749266792,10.35000000,32.63000000,10.273
1749266792,10.35100000,49.20000000,10.273
1749266792,10.35200000,68.87000000,10.273
1749266792,10.35600000,22.95000000,10.273
1749266792,10.35700000,175.07000000,10.273
1749266792,10.35800000,52.47000000,10.273
1749266792,10.36000000,22.95000000,10.273
1749266792,10.36100000,49.20000000,10.273
1749266792,10.36200000,73.14000000,10.273
1749266792,10.36300000,68.87000000,10.273
1749266792,10.36500000,22.95000000,10.273
1749266792,10.36700000,101.46000000,10.273
1749266792,10.36800000,22.95000000,10.273
1749266792,10.36900000,49.20000000,10.273
1749266792,10.37300000,26.76000000,10.273
1749266792,10.37500000,91.82000000,10.273
1749266792,10.37600000,78.72000000,10.273
1749266792,10.37700000,22.95000000,10.273
1749266792,10.37900000,24.09000000,10.273
1749266792,10.38200000,22.95000000,10.273
1749266792,10.38400000,49.20000000,10.273
1749266792,10.38500000,22.95000000,10.273
1749266792,10.38600000,68.87000000,10.273
1749266792,10.39000000,22.95000000,10.273
1749267093,10.28500000,25.41000000,10.284
1749267093,10.28600000,0.98000000,10.284
1749267093,10.28700000,1.47000000,10.284
1749267093,10.28800000,0.98000000,10.284
1749267093,10.28900000,34.68000000,10.284
1749267093,10.29000000,24.88000000,10.284
1749267093,10.29100000,0.98000000,10.284
1749267093,10.29200000,38.01000000,10.284
1749267093,10.29300000,24.88000000,10.284
1749267093,10.29400000,7.64000000,10.284
1749267093,10.29500000,24.88000000,10.284
1749267093,10.29600000,29.37000000,10.284
1749267093,10.29700000,24.88000000,10.284
1749267093,10.29800000,54.33000000,10.284
1749267093,10.29900000,69.85000000,10.284
1749267093,10.30000000,50.18000000,10.284
1749267093,10.30100000,10.69000000,10.284
1749267093,10.30200000,10.69000000,10.284
1749267093,10.30300000,18.09000000,10.284
1749267093,10.30400000,31.40000000,10.284
1749267093,10.30500000,28.58000000,10.284
1749267093,10.30600000,10.69000000,10.284
1749267093,10.30700000,0.98000000,10.284
1749267093,10.30800000,62.26000000,10.284
1749267093,10.30900000,30.79000000,10.284
1749267093,10.31000000,99.37000000,10.284
1749267093,10.31100000,33.64000000,10.284
1749267093,10.31200000,0.98000000,10.284
1749267093,10.31300000,26.77000000,10.284
1749267093,10.31400000,10.68000000,10.284
1749267093,10.31500000,2.67000000,10.284
1749267093,10.31600000,23.93000000,10.284
1749267093,10.31700000,68.18000000,10.284
1749267093,10.31800000,61.97000000,10.284
1749267093,10.31900000,101.37000000,10.284
1749267093,10.32000000,10.66000000,10.284
1749267093,10.32100000,0.97000000,10.284
1749267093,10.32200000,23.92000000,10.284
1749267093,10.32300000,13.25000000,10.284
1749267093,10.32400000,23.92000000,10.284
1749267093,10.32500000,0.97000000,10.284
1749267093,10.32600000,69.84000000,10.284
1749267093,10.32700000,33.61000000,10.284
1749267093,10.32800000,82.31000000,10.284
1749267093,10.32900000,31.99000000,10.284
1749267093,10.33000000,32.72000000,10.284
1749267093,10.33100000,0.97000000,10.284
1749267093,10.33200000,0.97000000,10.284
1749267093,10.33300000,26.69000000,10.284
1749267093,10.33400000,10.66000000,10.284
1749267093,10.33500000,23.92000000,10.284
1749267093,10.33600000,10.65000000,10.284
1749267093,10.33700000,45.78000000,10.284
1749267093,10.33800000,3.18000000,10.284
1749267093,10.33900000,122.31000000,10.284
1749267093,10.34000000,61.54000000,10.284
1749267093,10.34100000,33.60000000,10.284
1749267093,10.34200000,50.17000000,10.284
1749267093,10.34300000,26.67000000,10.284
1749267093,10.34400000,10.65000000,10.284
1749267093,10.34500000,23.92000000,10.284
1749267093,10.34600000,0.97000000,10.284
1749267093,10.34700000,0.98000000,10.284
1749267093,10.34800000,33.61000000,10.284
1749267093,10.34900000,30.50000000,10.284
1749267093,10.35000000,33.61000000,10.284
1749267093,10.35100000,50.18000000,10.284
1749267093,10.35200000,92.80000000,10.284
1749267093,10.35300000,0.98000000,10.284
1749267093,10.35400000,0.98000000,10.284
1749267093,10.35500000,0.98000000,10.284
1749267093,10.35600000,23.93000000,10.284
1749267093,10.35700000,0.98000000,10.284
1749267093,10.35800000,53.45000000,10.284
1749267093,10.35900000,0.98000000,10.284
1749267093,10.36000000,23.93000000,10.284
1749267093,10.36100000,49.20000000,10.284
1749267093,10.36200000,22.95000000,10.284
1749267093,10.36300000,119.32000000,10.284
1749267093,10.36500000,22.95000000,10.284
1749267093,10.36600000,246.89000000,10.284
1749267093,10.36700000,29.52000000,10.284
1749267093,10.36800000,402.98000000,10.284
1749267093,10.36900000,49.20000000,10.284
1749267093,10.37000000,22.95000000,10.284
1749267093,10.37300000,3.81000000,10.284
1749267093,10.37500000,68.87000000,10.284
1749267093,10.37600000,101.67000000,10.284
1749267093,10.37900000,1.14000000,10.284
1749267093,10.38400000,72.15000000,10.284
1749267093,10.38600000,68.87000000,10.284
1749267093,10.38800000,47.96000000,10.284
1749267093,10.39100000,78.72000000,10.284
1749267093,10.39200000,0.72000000,10.284
1749267093,10.39700000,68.87000000,10.284
1749267093,10.39900000,49.20000000,10.284
1749267093,10.40000000,29.52000000,10.284
1749267093,10.40800000,49.20000000,10.284
1749267093,10.40900000,3.43000000,10.284
1749267093,10.41100000,98.39000000,10.284
1749267395,10.30300000,4.84000000,10.303
1749267395,10.30400000,0.98000000,10.303
1749267395,10.30500000,0.98000000,10.303
1749267395,10.30600000,0.98000000,10.303
1749267395,10.30700000,0.98000000,10.303
1749267395,10.30800000,15.31000000,10.303
1749267395,10.30900000,0.98000000,10.303
1749267395,10.31000000,0.98000000,10.303
1749267395,10.31100000,0.98000000,10.303
1749267395,10.31200000,24.83000000,10.303
1749267395,10.31300000,71.97000000,10.303
1749267395,10.31400000,93.70000000,10.303
1749267395,10.31500000,24.82000000,10.303
1749267395,10.31600000,20.68000000,10.303
1749267395,10.31700000,34.52000000,10.303
1749267395,10.31800000,41.94000000,10.303
1749267395,10.31900000,79.70000000,10.303
1749267395,10.32000000,25.39000000,10.303
1749267395,10.32100000,0.97000000,10.303
1749267395,10.32200000,0.97000000,10.303
1749267395,10.32300000,13.25000000,10.303
1749267395,10.32400000,0.97000000,10.303
1749267395,10.32500000,30.10000000,10.303
1749267395,10.32600000,97.39000000,10.303
1749267395,10.32700000,10.66000000,10.303
1749267395,10.32800000,82.31000000,10.303
1749267395,10.32900000,0.97000000,10.303
1749267395,10.33000000,32.72000000,10.303
1749267395,10.33100000,79.77000000,10.303
1749267395,10.33200000,0.97000000,10.303
1749267395,10.33300000,3.74000000,10.303
1749267395,10.33400000,29.57000000,10.303
1749267395,10.33500000,0.97000000,10.303
1749267395,10.33600000,32.32000000,10.303
1749267395,10.33700000,22.83000000,10.303
1749267395,10.33800000,6.99000000,10.303
1749267395,10.33900000,189.47000000,10.303
1749267395,10.34000000,18.72000000,10.303
1749267395,10.34100000,33.60000000,10.303
1749267395,10.34200000,50.17000000,10.303
1749267395,10.34300000,26.80000000,10.303
1749267395,10.34400000,10.66000000,10.303
1749267395,10.34500000,23.93000000,10.303
1749267395,10.34600000,0.98000000,10.303
1749267395,10.34700000,0.98000000,10.303
1749267395,10.34800000,35.95000000,10.303
1749267395,10.34900000,30.50000000,10.303
1749267395,10.35000000,33.61000000,10.303
1749267395,10.35100000,74.71000000,10.303
1749267395,10.35200000,92.80000000,10.303
1749267395,10.35300000,3.73000000,10.303
1749267395,10.35400000,0.98000000,10.303
1749267395,10.35500000,10.70000000,10.303
1749267395,10.35600000,23.93000000,10.303
1749267395,10.35700000,10.69000000,10.303
1749267395,10.35800000,53.45000000,10.303
1749267395,10.35900000,94.48000000,10.303
1749267395,10.36000000,33.64000000,10.303
1749267395,10.36100000,101.07000000,10.303
1749267395,10.36200000,33.64000000,10.303
1749267395,10.36300000,69.85000000,10.303
1749267395,10.36400000,0.98000000,10.303
1749267395,10.36500000,146.26000000,10.303
1749267395,10.36600000,10.69000000,10.303
1749267395,10.36700000,53.45000000,10.303
1749267395,10.36800000,0.98000000,10.303
1749267395,10.36900000,73.13000000,10.303
1749267395,10.37000000,10.68000000,10.303
1749267395,10.37100000,23.93000000,10.303
1749267395,10.37200000,0.98000000,10.303
1749267395,10.37300000,0.98000000,10.303
1749267395,10.37400000,0.98000000,10.303
1749267395,10.37500000,92.80000000,10.303
1749267395,10.37600000,79.70000000,10.303
1749267395,10.37700000,23.93000000,10.303
1749267395,10.37800000,0.98000000,10.303
1749267395,10.37900000,1.14000000,10.303
1749267395,10.38400000,49.20000000,10.303
1749267395,10.38500000,197.64000000,10.303
1749267395,10.38600000,68.87000000,10.303
1749267395,10.38700000,22.95000000,10.303
1749267395,10.39000000,47.96000000,10.303
1749267395,10.39100000,101.67000000,10.303
1749267395,10.39200000,0.72000000,10.303
1749267395,10.39700000,91.82000000,10.303
1749267395,10.39900000,72.15000000,10.303
1749267395,10.40000000,29.52000000,10.303
1749267395,10.40100000,22.95000000,10.303
1749267395,10.40800000,49.20000000,10.303
1749267395,10.40900000,51.27000000,10.303
1749267395,10.41100000,98.39000000,10.303
1749267395,10.41600000,49.20000000,10.303
1749267395,10.42000000,0.53000000,10.303
1749267395,10.42100000,0.58000000,10.303
1749267395,10.42200000,29.52000000,10.303
1749267395,10.42300000,2.15000000,10.303
1749267395,10.42400000,68.87000000,10.303
1749267395,10.43200000,29.52000000,10.303
1749267395,10.43500000,68.87000000,10.303
1749267395,10.43900000,61.90000000,10.303
1749267696,10.27600000,0.98000000,10.275
1749267696,10.27700000,0.98000000,10.275
1749267696,10.27800000,0.98000000,10.275
1749267696,10.27900000,8.67000000,10.275
1749267696,10.28000000,0.98000000,10.275
1749267696,10.28100000,14.11000000,10.275
1749267696,10.28200000,3.33000000,10.275
1749267696,10.28300000,19.21000000,10.275
1749267696,10.28400000,6.08000000,10.275
1749267696,10.28500000,34.88000000,10.275
1749267696,10.28600000,6.08000000,10.275
1749267696,10.28700000,55.12000000,10.275
1749267696,10.28800000,84.77000000,10.275
1749267696,10.28900000,15.80000000,10.275
1749267696,10.29000000,10.70000000,10.275
1749267696,10.29100000,12.54000000,10.275
1749267696,10.29200000,55.12000000,10.275
1749267696,10.29300000,76.85000000,10.275
1749267696,10.29400000,34.61000000,10.275
1749267696,10.29500000,30.11000000,10.275
1749267696,10.29600000,34.61000000,10.275
1749267696,10.29700000,24.88000000,10.275
1749267696,10.29800000,16.23000000,10.275
1749267696,10.29900000,31.67000000,10.275
1749267696,10.30000000,69.85000000,10.275
1749267696,10.30100000,30.50000000,10.275
1749267696,10.30200000,4.23000000,10.275
1749267696,10.30300000,3.46000000,10.275
1749267696,10.30400000,38.21000000,10.275
1749267696,10.30500000,50.18000000,10.275
1749267696,10.30600000,10.69000000,10.275
1749267696,10.30700000,80.42000000,10.275
1749267696,10.30800000,3.68000000,10.275
1749267696,10.30900000,29.60000000,10.275
1749267696,10.31000000,30.50000000,10.275
1749267696,10.31100000,10.68000000,10.275
1749267696,10.31200000,50.18000000,10.275
