timestamp,price,volume,current_price
1749260673,0.17944000,2508.00000000,0.17944
1749260673,0.17945000,74.00000000,0.17944
1749260673,0.17946000,6369.00000000,0.17944
1749260673,0.17947000,62085.00000000,0.17944
1749260673,0.17948000,62558.00000000,0.17944
1749260673,0.17949000,240297.00000000,0.17944
1749260673,0.17950000,45793.00000000,0.17944
1749260673,0.17951000,120319.00000000,0.17944
1749260673,0.17952000,145754.00000000,0.17944
1749260673,0.17953000,52710.00000000,0.17944
1749260673,0.17954000,53111.00000000,0.17944
1749260673,0.17955000,73221.00000000,0.17944
1749260673,0.17956000,126188.00000000,0.17944
1749260673,0.17957000,116655.00000000,0.17944
1749260673,0.17958000,103310.00000000,0.17944
1749260673,0.17959000,170163.00000000,0.17944
1749260673,0.17960000,347627.00000000,0.17944
1749260673,0.17961000,420656.00000000,0.17944
1749260673,0.17962000,315862.00000000,0.17944
1749260673,0.17963000,347338.00000000,0.17944
1749260673,0.17964000,98428.00000000,0.17944
1749260673,0.17965000,144397.00000000,0.17944
1749260673,0.17966000,110338.00000000,0.17944
1749260673,0.17967000,107637.00000000,0.17944
1749260673,0.17968000,66563.00000000,0.17944
1749260673,0.17969000,91103.00000000,0.17944
1749260673,0.17970000,111663.00000000,0.17944
1749260673,0.17971000,173547.00000000,0.17944
1749260673,0.17972000,184393.00000000,0.17944
1749260673,0.17973000,279248.00000000,0.17944
1749260673,0.17974000,199753.00000000,0.17944
1749260673,0.17975000,212191.00000000,0.17944
1749260673,0.17976000,186210.00000000,0.17944
1749260673,0.17977000,123063.00000000,0.17944
1749260673,0.17978000,206532.00000000,0.17944
1749260673,0.17979000,121315.00000000,0.17944
1749260673,0.17980000,129389.00000000,0.17944
1749260673,0.17981000,91801.00000000,0.17944
1749260673,0.17982000,324563.00000000,0.17944
1749260673,0.17983000,97700.00000000,0.17944
1749260673,0.17984000,25340.00000000,0.17944
1749260673,0.17985000,95123.00000000,0.17944
1749260673,0.17986000,370494.00000000,0.17944
1749260673,0.17987000,55.00000000,0.17944
1749260673,0.17988000,17143.00000000,0.17944
1749260673,0.17989000,9107.00000000,0.17944
1749260673,0.17990000,28740.00000000,0.17944
1749260673,0.17991000,16197.00000000,0.17944
1749260673,0.17992000,98.00000000,0.17944
1749260673,0.17993000,411973.00000000,0.17944
1749260673,0.17994000,61.00000000,0.17944
1749260673,0.17995000,44979.00000000,0.17944
1749260673,0.17996000,2130.00000000,0.17944
1749260673,0.17997000,67238.00000000,0.17944
1749260673,0.17998000,55766.00000000,0.17944
1749260673,0.17999000,64362.00000000,0.17944
1749260673,0.18000000,70108.00000000,0.17944
1749260673,0.18001000,103987.00000000,0.17944
1749260673,0.18002000,13792.00000000,0.17944
1749260673,0.18003000,55425.00000000,0.17944
1749260673,0.18004000,11783.00000000,0.17944
1749260673,0.18005000,3616.00000000,0.17944
1749260673,0.18006000,11794.00000000,0.17944
1749260673,0.18007000,431448.00000000,0.17944
1749260673,0.18008000,55566.00000000,0.17944
1749260673,0.18009000,67407.00000000,0.17944
1749260673,0.18010000,15345.00000000,0.17944
1749260673,0.18011000,63964.00000000,0.17944
1749260673,0.18012000,11790.00000000,0.17944
1749260673,0.18013000,61970.00000000,0.17944
1749260673,0.18014000,68.00000000,0.17944
1749260673,0.18015000,14164.00000000,0.17944
1749260673,0.18016000,566850.00000000,0.17944
1749260673,0.18017000,55538.00000000,0.17944
1749260673,0.18018000,75470.00000000,0.17944
1749260673,0.18019000,55637.00000000,0.17944
1749260673,0.18020000,11780.00000000,0.17944
1749260673,0.18021000,1080711.00000000,0.17944
1749260673,0.18022000,2052.00000000,0.17944
1749260673,0.18023000,11700.00000000,0.17944
1749260673,0.18024000,55517.00000000,0.17944
1749260673,0.18025000,22803.00000000,0.17944
1749260673,0.18026000,70604.00000000,0.17944
1749260673,0.18027000,2964.00000000,0.17944
1749260673,0.18028000,14305.00000000,0.17944
1749260673,0.18029000,108974.00000000,0.17944
1749260673,0.18030000,11707.00000000,0.17944
1749260673,0.18031000,110854.00000000,0.17944
1749260673,0.18032000,11752.00000000,0.17944
1749260673,0.18033000,15259.00000000,0.17944
1749260673,0.18034000,1356724.00000000,0.17944
1749260673,0.18035000,34.00000000,0.17944
1749260673,0.18036000,114133.00000000,0.17944
1749260673,0.18037000,319.00000000,0.17944
1749260673,0.18038000,295626.00000000,0.17944
1749260673,0.18039000,57667.00000000,0.17944
1749260673,0.18040000,82378.00000000,0.17944
1749260673,0.18041000,1076.00000000,0.17944
1749260673,0.18042000,11708.00000000,0.17944
1749260673,0.18044000,22171.00000000,0.17944
1749260976,0.17968000,56854.00000000,0.17967
1749260976,0.17969000,216631.00000000,0.17967
1749260976,0.17970000,151166.00000000,0.17967
1749260976,0.17971000,100471.00000000,0.17967
1749260976,0.17972000,77642.00000000,0.17967
1749260976,0.17973000,95240.00000000,0.17967
1749260976,0.17974000,108592.00000000,0.17967
1749260976,0.17975000,183498.00000000,0.17967
1749260976,0.17976000,97388.00000000,0.17967
1749260976,0.17977000,207279.00000000,0.17967
1749260976,0.17978000,169013.00000000,0.17967
1749260976,0.17979000,157156.00000000,0.17967
1749260976,0.17980000,214853.00000000,0.17967
1749260976,0.17981000,238883.00000000,0.17967
1749260976,0.17982000,37640.00000000,0.17967
1749260976,0.17983000,96684.00000000,0.17967
1749260976,0.17984000,51018.00000000,0.17967
1749260976,0.17985000,78940.00000000,0.17967
1749260976,0.17986000,59073.00000000,0.17967
1749260976,0.17987000,105446.00000000,0.17967
1749260976,0.17988000,104115.00000000,0.17967
1749260976,0.17989000,124473.00000000,0.17967
1749260976,0.17990000,109300.00000000,0.17967
1749260976,0.17991000,155222.00000000,0.17967
1749260976,0.17992000,119617.00000000,0.17967
1749260976,0.17993000,181641.00000000,0.17967
1749260976,0.17994000,125834.00000000,0.17967
1749260976,0.17995000,168677.00000000,0.17967
1749260976,0.17996000,310515.00000000,0.17967
1749260976,0.17997000,315184.00000000,0.17967
1749260976,0.17998000,288752.00000000,0.17967
1749260976,0.17999000,142363.00000000,0.17967
1749260976,0.18000000,280065.00000000,0.17967
1749260976,0.18001000,191994.00000000,0.17967
1749260976,0.18002000,330426.00000000,0.17967
1749260976,0.18003000,160955.00000000,0.17967
1749260976,0.18004000,114222.00000000,0.17967
1749260976,0.18005000,73105.00000000,0.17967
1749260976,0.18006000,31731.00000000,0.17967
1749260976,0.18007000,72139.00000000,0.17967
1749260976,0.18008000,196770.00000000,0.17967
1749260976,0.18009000,153253.00000000,0.17967
1749260976,0.18010000,196260.00000000,0.17967
1749260976,0.18011000,133179.00000000,0.17967
1749260976,0.18012000,24372.00000000,0.17967
1749260976,0.18013000,36439.00000000,0.17967
1749260976,0.18014000,106397.00000000,0.17967
1749260976,0.18015000,270964.00000000,0.17967
1749260976,0.18016000,112040.00000000,0.17967
1749260976,0.18017000,69893.00000000,0.17967
1749260976,0.18018000,76840.00000000,0.17967
1749260976,0.18019000,61163.00000000,0.17967
1749260976,0.18020000,16780.00000000,0.17967
1749260976,0.18021000,56706.00000000,0.17967
1749260976,0.18022000,90981.00000000,0.17967
1749260976,0.18023000,22942.00000000,0.17967
1749260976,0.18024000,16044.00000000,0.17967
1749260976,0.18025000,13248.00000000,0.17967
1749260976,0.18026000,274585.00000000,0.17967
1749260976,0.18027000,2093.00000000,0.17967
1749260976,0.18028000,16856.00000000,0.17967
1749260976,0.18029000,151538.00000000,0.17967
1749260976,0.18030000,74034.00000000,0.17967
1749260976,0.18031000,130701.00000000,0.17967
1749260976,0.18032000,368558.00000000,0.17967
1749260976,0.18033000,39184.00000000,0.17967
1749260976,0.18034000,30438.00000000,0.17967
1749260976,0.18035000,102805.00000000,0.17967
1749260976,0.18036000,116315.00000000,0.17967
1749260976,0.18037000,374.00000000,0.17967
1749260976,0.18038000,13798.00000000,0.17967
1749260976,0.18039000,69632.00000000,0.17967
1749260976,0.18040000,84996.00000000,0.17967
1749260976,0.18041000,501144.00000000,0.17967
1749260976,0.18042000,67252.00000000,0.17967
1749260976,0.18043000,2708.00000000,0.17967
1749260976,0.18044000,87659.00000000,0.17967
1749260976,0.18045000,58171.00000000,0.17967
1749260976,0.18046000,46947.00000000,0.17967
1749260976,0.18047000,187.00000000,0.17967
1749260976,0.18048000,70104.00000000,0.17967
1749260976,0.18049000,56387.00000000,0.17967
1749260976,0.18050000,1127149.00000000,0.17967
1749260976,0.18051000,1832.00000000,0.17967
1749260976,0.18052000,13779.00000000,0.17967
1749260976,0.18053000,579.00000000,0.17967
1749260976,0.18054000,72442.00000000,0.17967
1749260976,0.18055000,55408.00000000,0.17967
1749260976,0.18056000,11859.00000000,0.17967
1749260976,0.18057000,270.00000000,0.17967
1749260976,0.18058000,67494.00000000,0.17967
1749260976,0.18059000,111023.00000000,0.17967
1749260976,0.18060000,23055.00000000,0.17967
1749260976,0.18061000,2046.00000000,0.17967
1749260976,0.18062000,12087.00000000,0.17967
1749260976,0.18063000,75.00000000,0.17967
1749260976,0.18064000,67158.00000000,0.17967
1749260976,0.18065000,2036.00000000,0.17967
1749260976,0.18066000,14079.00000000,0.17967
1749260976,0.18067000,1640.00000000,0.17967
1749261277,0.17959000,44583.00000000,0.17963
1749261277,0.17960000,50341.00000000,0.17963
1749261277,0.17961000,88809.00000000,0.17963
1749261277,0.17962000,140467.00000000,0.17963
1749261277,0.17963000,187157.00000000,0.17963
1749261277,0.17964000,204831.00000000,0.17963
1749261277,0.17965000,152601.00000000,0.17963
1749261277,0.17966000,193719.00000000,0.17963
1749261277,0.17967000,194745.00000000,0.17963
1749261277,0.17968000,156941.00000000,0.17963
1749261277,0.17969000,81117.00000000,0.17963
1749261277,0.17970000,147605.00000000,0.17963
1749261277,0.17971000,73174.00000000,0.17963
1749261277,0.17972000,72206.00000000,0.17963
1749261277,0.17973000,174671.00000000,0.17963
1749261277,0.17974000,139455.00000000,0.17963
1749261277,0.17975000,90786.00000000,0.17963
1749261277,0.17976000,99684.00000000,0.17963
1749261277,0.17977000,43493.00000000,0.17963
1749261277,0.17978000,86372.00000000,0.17963
1749261277,0.17979000,36709.00000000,0.17963
1749261277,0.17980000,114141.00000000,0.17963
1749261277,0.17981000,163094.00000000,0.17963
1749261277,0.17982000,268589.00000000,0.17963
1749261277,0.17983000,241906.00000000,0.17963
1749261277,0.17984000,259623.00000000,0.17963
1749261277,0.17985000,333714.00000000,0.17963
1749261277,0.17986000,238738.00000000,0.17963
1749261277,0.17987000,307852.00000000,0.17963
1749261277,0.17988000,183794.00000000,0.17963
1749261277,0.17989000,322985.00000000,0.17963
1749261277,0.17990000,123783.00000000,0.17963
1749261277,0.17991000,118195.00000000,0.17963
1749261277,0.17992000,113164.00000000,0.17963
1749261277,0.17993000,116735.00000000,0.17963
1749261277,0.17994000,167794.00000000,0.17963
1749261277,0.17995000,53299.00000000,0.17963
1749261277,0.17996000,100039.00000000,0.17963
1749261277,0.17997000,90343.00000000,0.17963
1749261277,0.17998000,127555.00000000,0.17963
1749261277,0.17999000,333165.00000000,0.17963
1749261277,0.18000000,185036.00000000,0.17963
1749261277,0.18001000,63809.00000000,0.17963
1749261277,0.18002000,52650.00000000,0.17963
1749261277,0.18003000,98539.00000000,0.17963
1749261277,0.18004000,203521.00000000,0.17963
1749261277,0.18005000,1454.00000000,0.17963
1749261277,0.18006000,174426.00000000,0.17963
1749261277,0.18007000,100429.00000000,0.17963
1749261277,0.18008000,13821.00000000,0.17963
1749261277,0.18009000,70882.00000000,0.17963
1749261277,0.18010000,53095.00000000,0.17963
1749261277,0.18011000,110901.00000000,0.17963
1749261277,0.18012000,27766.00000000,0.17963
1749261277,0.18013000,1052.00000000,0.17963
1749261277,0.18014000,59821.00000000,0.17963
1749261277,0.18015000,2085.00000000,0.17963
1749261277,0.18016000,103913.00000000,0.17963
1749261277,0.18017000,55538.00000000,0.17963
1749261277,0.18018000,48048.00000000,0.17963
1749261277,0.18019000,55637.00000000,0.17963
1749261277,0.18020000,210058.00000000,0.17963
1749261277,0.18021000,55813.00000000,0.17963
1749261277,0.18022000,88771.00000000,0.17963
1749261277,0.18023000,13015.00000000,0.17963
1749261277,0.18024000,16044.00000000,0.17963
1749261277,0.18025000,12291.00000000,0.17963
1749261277,0.18026000,76849.00000000,0.17963
1749261277,0.18027000,2093.00000000,0.17963
1749261277,0.18028000,16856.00000000,0.17963
1749261277,0.18029000,105538.00000000,0.17963
1749261277,0.18030000,57382.00000000,0.17963
1749261277,0.18031000,127335.00000000,0.17963
1749261277,0.18032000,368558.00000000,0.17963
1749261277,0.18033000,39184.00000000,0.17963
1749261277,0.18034000,30493.00000000,0.17963
1749261277,0.18035000,69532.00000000,0.17963
1749261277,0.18036000,116260.00000000,0.17963
1749261277,0.18037000,319.00000000,0.17963
1749261277,0.18038000,13743.00000000,0.17963
1749261277,0.18039000,70474.00000000,0.17963
1749261277,0.18040000,84941.00000000,0.17963
1749261277,0.18041000,501089.00000000,0.17963
1749261277,0.18042000,67197.00000000,0.17963
1749261277,0.18043000,2653.00000000,0.17963
1749261277,0.18044000,21258.00000000,0.17963
1749261277,0.18045000,117911.00000000,0.17963
1749261277,0.18046000,13729.00000000,0.17963
1749261277,0.18047000,137.00000000,0.17963
1749261277,0.18048000,70104.00000000,0.17963
1749261277,0.18049000,56387.00000000,0.17963
1749261277,0.18050000,1422565.00000000,0.17963
1749261277,0.18051000,1832.00000000,0.17963
1749261277,0.18052000,13829.00000000,0.17963
1749261277,0.18053000,579.00000000,0.17963
1749261277,0.18054000,72442.00000000,0.17963
1749261277,0.18055000,55408.00000000,0.17963
1749261277,0.18056000,20391.00000000,0.17963
1749261277,0.18057000,53548.00000000,0.17963
1749261277,0.18058000,67494.00000000,0.17963
1749261579,0.17984000,54686.00000000,0.17984
1749261579,0.17985000,80048.00000000,0.17984
1749261579,0.17986000,85891.00000000,0.17984
1749261579,0.17987000,73190.00000000,0.17984
1749261579,0.17988000,165850.00000000,0.17984
1749261579,0.17989000,136507.00000000,0.17984
1749261579,0.17990000,112272.00000000,0.17984
1749261579,0.17991000,53795.00000000,0.17984
1749261579,0.17992000,109689.00000000,0.17984
1749261579,0.17993000,159719.00000000,0.17984
1749261579,0.17994000,247566.00000000,0.17984
1749261579,0.17995000,210556.00000000,0.17984
1749261579,0.17996000,134307.00000000,0.17984
1749261579,0.17997000,233517.00000000,0.17984
1749261579,0.17998000,318531.00000000,0.17984
1749261579,0.17999000,225110.00000000,0.17984
1749261579,0.18000000,161577.00000000,0.17984
1749261579,0.18001000,121526.00000000,0.17984
1749261579,0.18002000,107278.00000000,0.17984
1749261579,0.18003000,64201.00000000,0.17984
1749261579,0.18004000,160093.00000000,0.17984
1749261579,0.18005000,105249.00000000,0.17984
1749261579,0.18006000,57417.00000000,0.17984
1749261579,0.18007000,132956.00000000,0.17984
1749261579,0.18008000,170204.00000000,0.17984
1749261579,0.18009000,176285.00000000,0.17984
1749261579,0.18010000,188740.00000000,0.17984
1749261579,0.18011000,245542.00000000,0.17984
1749261579,0.18012000,157257.00000000,0.17984
1749261579,0.18013000,333673.00000000,0.17984
1749261579,0.18014000,185835.00000000,0.17984
1749261579,0.18015000,203667.00000000,0.17984
1749261579,0.18016000,234553.00000000,0.17984
1749261579,0.18017000,154735.00000000,0.17984
1749261579,0.18018000,177924.00000000,0.17984
1749261579,0.18019000,113905.00000000,0.17984
1749261579,0.18020000,73484.00000000,0.17984
1749261579,0.18021000,127063.00000000,0.17984
1749261579,0.18022000,123007.00000000,0.17984
1749261579,0.18023000,91350.00000000,0.17984
1749261579,0.18024000,40424.00000000,0.17984
1749261579,0.18025000,48475.00000000,0.17984
1749261579,0.18026000,240793.00000000,0.17984
1749261579,0.18027000,26267.00000000,0.17984
1749261579,0.18028000,80494.00000000,0.17984
1749261579,0.18029000,94414.00000000,0.17984
1749261579,0.18030000,12323.00000000,0.17984
1749261579,0.18031000,129957.00000000,0.17984
1749261579,0.18032000,35808.00000000,0.17984
1749261579,0.18033000,70917.00000000,0.17984
1749261579,0.18034000,11755.00000000,0.17984
1749261579,0.18035000,229028.00000000,0.17984
1749261579,0.18036000,341148.00000000,0.17984
1749261579,0.18037000,10693.00000000,0.17984
1749261579,0.18038000,11769.00000000,0.17984
1749261579,0.18039000,70529.00000000,0.17984
1749261579,0.18040000,117682.00000000,0.17984
1749261579,0.18041000,234.00000000,0.17984
1749261579,0.18042000,67246.00000000,0.17984
1749261579,0.18043000,110.00000000,0.17984
1749261579,0.18044000,18537.00000000,0.17984
1749261579,0.18045000,59318.00000000,0.17984
1749261579,0.18046000,11755.00000000,0.17984
1749261579,0.18047000,2230.00000000,0.17984
1749261579,0.18048000,67384.00000000,0.17984
1749261579,0.18049000,396543.00000000,0.17984
1749261579,0.18050000,1422446.00000000,0.17984
1749261579,0.18051000,3912.00000000,0.17984
1749261579,0.18052000,11805.00000000,0.17984
1749261579,0.18053000,11686.00000000,0.17984
1749261579,0.18054000,72484.00000000,0.17984
1749261579,0.18055000,55463.00000000,0.17984
1749261579,0.18056000,11964.00000000,0.17984
1749261579,0.18057000,331.00000000,0.17984
1749261579,0.18058000,120822.00000000,0.17984
1749261579,0.18059000,120461.00000000,0.17984
1749261579,0.18060000,11975.00000000,0.17984
1749261579,0.18061000,559568.00000000,0.17984
1749261579,0.18062000,12087.00000000,0.17984
1749261579,0.18063000,2100.00000000,0.17984
1749261579,0.18064000,67158.00000000,0.17984
1749261579,0.18065000,7.00000000,0.17984
1749261579,0.18066000,14085.00000000,0.17984
1749261579,0.18067000,1640.00000000,0.17984
1749261579,0.18068000,82322.00000000,0.17984
1749261579,0.18069000,2099.00000000,0.17984
1749261579,0.18070000,67377.00000000,0.17984
1749261579,0.18071000,20.00000000,0.17984
1749261579,0.18072000,117688.00000000,0.17984
1749261579,0.18073000,5063.00000000,0.17984
1749261579,0.18074000,1343571.00000000,0.17984
1749261579,0.18075000,15328.00000000,0.17984
1749261579,0.18076000,66648.00000000,0.17984
1749261579,0.18077000,2153.00000000,0.17984
1749261579,0.18078000,11779.00000000,0.17984
1749261579,0.18079000,37.00000000,0.17984
1749261579,0.18080000,65.00000000,0.17984
1749261579,0.18081000,55602.00000000,0.17984
1749261579,0.18082000,11916.00000000,0.17984
1749261579,0.18083000,397.00000000,0.17984
1749261889,0.17972000,27879.00000000,0.17972
1749261889,0.17973000,140704.00000000,0.17972
1749261889,0.17974000,90316.00000000,0.17972
1749261889,0.17975000,108915.00000000,0.17972
1749261889,0.17976000,104551.00000000,0.17972
1749261889,0.17977000,108396.00000000,0.17972
1749261889,0.17978000,132181.00000000,0.17972
1749261889,0.17979000,131981.00000000,0.17972
1749261889,0.17980000,77554.00000000,0.17972
1749261889,0.17981000,45419.00000000,0.17972
1749261889,0.17982000,112962.00000000,0.17972
1749261889,0.17983000,93514.00000000,0.17972
1749261889,0.17984000,140953.00000000,0.17972
1749261889,0.17985000,261398.00000000,0.17972
1749261889,0.17986000,179946.00000000,0.17972
1749261889,0.17987000,83588.00000000,0.17972
1749261889,0.17988000,162805.00000000,0.17972
1749261889,0.17989000,122719.00000000,0.17972
1749261889,0.17990000,62746.00000000,0.17972
1749261889,0.17991000,113217.00000000,0.17972
1749261889,0.17992000,240427.00000000,0.17972
1749261889,0.17993000,179697.00000000,0.17972
1749261889,0.17994000,78621.00000000,0.17972
1749261889,0.17995000,37406.00000000,0.17972
1749261889,0.17996000,55748.00000000,0.17972
1749261889,0.17997000,98550.00000000,0.17972
1749261889,0.17998000,204116.00000000,0.17972
1749261889,0.17999000,336000.00000000,0.17972
1749261889,0.18000000,126106.00000000,0.17972
1749261889,0.18001000,206454.00000000,0.17972
1749261889,0.18002000,178176.00000000,0.17972
1749261889,0.18003000,104616.00000000,0.17972
1749261889,0.18004000,169089.00000000,0.17972
1749261889,0.18005000,264612.00000000,0.17972
1749261889,0.18006000,329314.00000000,0.17972
1749261889,0.18007000,235078.00000000,0.17972
1749261889,0.18008000,81189.00000000,0.17972
1749261889,0.18009000,182902.00000000,0.17972
1749261889,0.18010000,114069.00000000,0.17972
1749261889,0.18011000,187002.00000000,0.17972
1749261889,0.18012000,206776.00000000,0.17972
1749261889,0.18013000,50033.00000000,0.17972
1749261889,0.18014000,107326.00000000,0.17972
1749261889,0.18015000,63553.00000000,0.17972
1749261889,0.18016000,176563.00000000,0.17972
1749261889,0.18017000,141861.00000000,0.17972
1749261889,0.18018000,113831.00000000,0.17972
1749261889,0.18019000,314051.00000000,0.17972
1749261889,0.18020000,12390.00000000,0.17972
1749261889,0.18021000,87773.00000000,0.17972
1749261889,0.18022000,88777.00000000,0.17972
1749261889,0.18023000,68383.00000000,0.17972
1749261889,0.18024000,5615.00000000,0.17972
1749261889,0.18025000,11762.00000000,0.17972
1749261889,0.18026000,73443.00000000,0.17972
1749261889,0.18027000,5300.00000000,0.17972
1749261889,0.18028000,14353.00000000,0.17972
1749261889,0.18029000,55664.00000000,0.17972
1749261889,0.18030000,44980.00000000,0.17972
1749261889,0.18031000,113687.00000000,0.17972
1749261889,0.18032000,28691.00000000,0.17972
1749261889,0.18033000,15314.00000000,0.17972
1749261889,0.18034000,11807.00000000,0.17972
1749261889,0.18035000,55572.00000000,0.17972
1749261889,0.18036000,116315.00000000,0.17972
1749261889,0.18037000,374.00000000,0.17972
1749261889,0.18038000,11769.00000000,0.17972
1749261889,0.18039000,56657.00000000,0.17972
1749261889,0.18040000,102320.00000000,0.17972
1749261889,0.18041000,234.00000000,0.17972
1749261889,0.18042000,407393.00000000,0.17972
1749261889,0.18043000,53373.00000000,0.17972
1749261889,0.18044000,18543.00000000,0.17972
1749261889,0.18045000,55450.00000000,0.17972
1749261889,0.18046000,70489.00000000,0.17972
1749261889,0.18047000,212.00000000,0.17972
1749261889,0.18048000,67434.00000000,0.17972
1749261889,0.18049000,56448.00000000,0.17972
1749261889,0.18050000,1422446.00000000,0.17972
1749261889,0.18051000,1826.00000000,0.17972
1749261889,0.18052000,19178.00000000,0.17972
1749261889,0.18053000,579.00000000,0.17972
1749261889,0.18054000,72429.00000000,0.17972
1749261889,0.18055000,55445.00000000,0.17972
1749261889,0.18056000,11822.00000000,0.17972
1749261889,0.18057000,498707.00000000,0.17972
1749261889,0.18058000,67494.00000000,0.17972
1749261889,0.18059000,122098.00000000,0.17972
1749261889,0.18060000,11975.00000000,0.17972
1749261889,0.18061000,91.00000000,0.17972
1749261889,0.18062000,12139.00000000,0.17972
1749261889,0.18063000,69.00000000,0.17972
1749261889,0.18064000,67158.00000000,0.17972
1749261889,0.18065000,7.00000000,0.17972
1749261889,0.18066000,2385.00000000,0.17972
1749261889,0.18067000,1640.00000000,0.17972
1749261889,0.18068000,82322.00000000,0.17972
1749261889,0.18069000,75.00000000,0.17972
1749261889,0.18070000,67377.00000000,0.17972
1749261889,0.18071000,13.00000000,0.17972
1749262191,0.17961000,15394.00000000,0.1796
1749262191,0.17962000,23262.00000000,0.1796
1749262191,0.17963000,69999.00000000,0.1796
1749262191,0.17964000,243800.00000000,0.1796
1749262191,0.17965000,116154.00000000,0.1796
1749262191,0.17966000,138368.00000000,0.1796
1749262191,0.17967000,50188.00000000,0.1796
1749262191,0.17968000,68107.00000000,0.1796
1749262191,0.17969000,116999.00000000,0.1796
1749262191,0.17970000,721025.00000000,0.1796
1749262191,0.17971000,2441181.00000000,0.1796
1749262191,0.17972000,62464.00000000,0.1796
1749262191,0.17973000,115681.00000000,0.1796
1749262191,0.17974000,112335.00000000,0.1796
1749262191,0.17975000,158345.00000000,0.1796
1749262191,0.17976000,102100.00000000,0.1796
1749262191,0.17977000,217735.00000000,0.1796
1749262191,0.17978000,352785.00000000,0.1796
1749262191,0.17979000,65867.00000000,0.1796
1749262191,0.17980000,125123.00000000,0.1796
1749262191,0.17981000,154029.00000000,0.1796
1749262191,0.17982000,158697.00000000,0.1796
1749262191,0.17983000,179461.00000000,0.1796
1749262191,0.17984000,240969.00000000,0.1796
1749262191,0.17985000,299229.00000000,0.1796
1749262191,0.17986000,349638.00000000,0.1796
1749262191,0.17987000,362858.00000000,0.1796
1749262191,0.17988000,90892.00000000,0.1796
1749262191,0.17989000,167727.00000000,0.1796
1749262191,0.17990000,208133.00000000,0.1796
1749262191,0.17991000,74879.00000000,0.1796
1749262191,0.17992000,97940.00000000,0.1796
1749262191,0.17993000,67205.00000000,0.1796
1749262191,0.17994000,134097.00000000,0.1796
1749262191,0.17995000,14240.00000000,0.1796
1749262191,0.17996000,26635.00000000,0.1796
1749262191,0.17997000,172183.00000000,0.1796
1749262191,0.17998000,142523.00000000,0.1796
1749262191,0.17999000,66801.00000000,0.1796
1749262191,0.18000000,122107.00000000,0.1796
1749262191,0.18001000,94805.00000000,0.1796
1749262191,0.18002000,93821.00000000,0.1796
1749262191,0.18003000,258227.00000000,0.1796
1749262191,0.18004000,58671.00000000,0.1796
1749262191,0.18005000,81795.00000000,0.1796
1749262191,0.18006000,305820.00000000,0.1796
1749262191,0.18007000,111108.00000000,0.1796
1749262191,0.18008000,17315.00000000,0.1796
1749262191,0.18009000,70882.00000000,0.1796
1749262191,0.18010000,348753.00000000,0.1796
1749262191,0.18011000,110901.00000000,0.1796
1749262191,0.18012000,25736.00000000,0.1796
1749262191,0.18013000,2102.00000000,0.1796
1749262191,0.18014000,12807.00000000,0.1796
1749262191,0.18015000,2095.00000000,0.1796
1749262191,0.18016000,112754.00000000,0.1796
1749262191,0.18017000,55538.00000000,0.1796
1749262191,0.18018000,400739.00000000,0.1796
1749262191,0.18019000,55637.00000000,0.1796
1749262191,0.18020000,12390.00000000,0.1796
1749262191,0.18021000,55813.00000000,0.1796
1749262191,0.18022000,55553.00000000,0.1796
1749262191,0.18023000,13789.00000000,0.1796
1749262191,0.18024000,19982.00000000,0.1796
1749262191,0.18025000,11762.00000000,0.1796
1749262191,0.18026000,70659.00000000,0.1796
1749262191,0.18027000,502532.00000000,0.1796
1749262191,0.18028000,14353.00000000,0.1796
1749262191,0.18029000,109027.00000000,0.1796
1749262191,0.18030000,11762.00000000,0.1796
1749262191,0.18031000,169783.00000000,0.1796
1749262191,0.18032000,22597.00000000,0.1796
1749262191,0.18033000,15364.00000000,0.1796
1749262191,0.18034000,11807.00000000,0.1796
1749262191,0.18035000,55572.00000000,0.1796
1749262191,0.18036000,116315.00000000,0.1796
1749262191,0.18037000,2353.00000000,0.1796
1749262191,0.18038000,1353880.00000000,0.1796
1749262191,0.18039000,56547.00000000,0.1796
1749262191,0.18040000,82372.00000000,0.1796
1749262191,0.18041000,179.00000000,0.1796
1749262191,0.18042000,78328.00000000,0.1796
1749262191,0.18044000,20522.00000000,0.1796
1749262191,0.18045000,58420.00000000,0.1796
1749262191,0.18046000,19090.00000000,0.1796
1749262191,0.18047000,157.00000000,0.1796
1749262191,0.18048000,67329.00000000,0.1796
1749262191,0.18049000,58428.00000000,0.1796
1749262191,0.18050000,1126975.00000000,0.1796
1749262191,0.18051000,1826.00000000,0.1796
1749262191,0.18052000,11757.00000000,0.1796
1749262191,0.18053000,579.00000000,0.1796
1749262191,0.18054000,74464.00000000,0.1796
1749262191,0.18055000,55445.00000000,0.1796
1749262191,0.18056000,73337.00000000,0.1796
1749262191,0.18057000,498707.00000000,0.1796
1749262191,0.18058000,67494.00000000,0.1796
1749262191,0.18059000,113058.00000000,0.1796
1749262191,0.18060000,176.00000000,0.1796
1749262191,0.18061000,91.00000000,0.1796
1749262497,0.17971000,22731.00000000,0.17971
1749262497,0.17972000,32703.00000000,0.17971
1749262497,0.17973000,143363.00000000,0.17971
1749262497,0.17974000,150690.00000000,0.17971
1749262497,0.17975000,98681.00000000,0.17971
1749262497,0.17976000,183035.00000000,0.17971
1749262497,0.17977000,170803.00000000,0.17971
1749262497,0.17978000,64952.00000000,0.17971
1749262497,0.17979000,103461.00000000,0.17971
1749262497,0.17980000,90073.00000000,0.17971
1749262497,0.17981000,81335.00000000,0.17971
1749262497,0.17982000,30259.00000000,0.17971
1749262497,0.17983000,60781.00000000,0.17971
1749262497,0.17984000,1075056.00000000,0.17971
1749262497,0.17985000,3702778.00000000,0.17971
1749262497,0.17986000,77579.00000000,0.17971
1749262497,0.17987000,187722.00000000,0.17971
1749262497,0.17988000,140732.00000000,0.17971
1749262497,0.17989000,159344.00000000,0.17971
1749262497,0.17990000,183220.00000000,0.17971
1749262497,0.17991000,185230.00000000,0.17971
1749262497,0.17992000,214861.00000000,0.17971
1749262497,0.17993000,250956.00000000,0.17971
1749262497,0.17994000,275086.00000000,0.17971
1749262497,0.17995000,105960.00000000,0.17971
1749262497,0.17996000,184571.00000000,0.17971
1749262497,0.17997000,162656.00000000,0.17971
1749262497,0.17998000,105962.00000000,0.17971
1749262497,0.17999000,103105.00000000,0.17971
1749262497,0.18000000,55206.00000000,0.17971
1749262497,0.18001000,79391.00000000,0.17971
1749262497,0.18002000,115014.00000000,0.17971
1749262497,0.18003000,77806.00000000,0.17971
1749262497,0.18004000,212573.00000000,0.17971
1749262497,0.18005000,94101.00000000,0.17971
1749262497,0.18006000,69867.00000000,0.17971
1749262497,0.18007000,216950.00000000,0.17971
1749262497,0.18008000,108307.00000000,0.17971
1749262497,0.18009000,235542.00000000,0.17971
1749262497,0.18010000,192479.00000000,0.17971
1749262497,0.18011000,124414.00000000,0.17971
1749262497,0.18012000,66846.00000000,0.17971
1749262497,0.18013000,30212.00000000,0.17971
1749262497,0.18014000,63805.00000000,0.17971
1749262497,0.18015000,415470.00000000,0.17971
1749262497,0.18016000,134716.00000000,0.17971
1749262497,0.18017000,61484.00000000,0.17971
1749262497,0.18018000,93125.00000000,0.17971
1749262497,0.18019000,79760.00000000,0.17971
1749262497,0.18020000,15169.00000000,0.17971
1749262497,0.18021000,55819.00000000,0.17971
1749262497,0.18022000,61243.00000000,0.17971
1749262497,0.18023000,11755.00000000,0.17971
1749262497,0.18024000,75625.00000000,0.17971
1749262497,0.18025000,44980.00000000,0.17971
1749262497,0.18026000,70666.00000000,0.17971
1749262497,0.18027000,64.00000000,0.17971
1749262497,0.18028000,14553.00000000,0.17971
1749262497,0.18029000,56654.00000000,0.17971
1749262497,0.18030000,12317.00000000,0.17971
1749262497,0.18031000,110909.00000000,0.17971
1749262497,0.18032000,22597.00000000,0.17971
1749262497,0.18033000,15314.00000000,0.17971
1749262497,0.18034000,45025.00000000,0.17971
1749262497,0.18035000,395667.00000000,0.17971
1749262497,0.18036000,116315.00000000,0.17971
1749262497,0.18037000,374.00000000,0.17971
1749262497,0.18038000,11969.00000000,0.17971
1749262497,0.18039000,56812.00000000,0.17971
1749262497,0.18040000,91268.00000000,0.17971
1749262497,0.18041000,234.00000000,0.17971
1749262497,0.18042000,67304.00000000,0.17971
1749262497,0.18043000,110.00000000,0.17971
1749262497,0.18044000,18537.00000000,0.17971
1749262497,0.18045000,88718.00000000,0.17971
1749262497,0.18046000,11776.00000000,0.17971
1749262497,0.18047000,15382.00000000,0.17971
1749262497,0.18048000,67739.00000000,0.17971
1749262497,0.18049000,56393.00000000,0.17971
1749262497,0.18050000,1186120.00000000,0.17971
1749262497,0.18051000,1826.00000000,0.17971
1749262497,0.18052000,11750.00000000,0.17971
1749262497,0.18053000,557.00000000,0.17971
1749262497,0.18054000,571390.00000000,0.17971
1749262497,0.18055000,55466.00000000,0.17971
1749262497,0.18056000,11822.00000000,0.17971
1749262497,0.18057000,276.00000000,0.17971
1749262497,0.18058000,67494.00000000,0.17971
1749262497,0.18059000,111023.00000000,0.17971
1749262497,0.18060000,18448.00000000,0.17971
1749262497,0.18061000,11165.00000000,0.17971
1749262497,0.18062000,12139.00000000,0.17971
1749262497,0.18063000,47.00000000,0.17971
1749262497,0.18064000,1692811.00000000,0.17971
1749262497,0.18065000,53260.00000000,0.17971
1749262497,0.18066000,14085.00000000,0.17971
1749262497,0.18067000,1640.00000000,0.17971
1749262497,0.18068000,70832.00000000,0.17971
1749262497,0.18069000,75.00000000,0.17971
1749262497,0.18070000,58702.00000000,0.17971
1749262799,0.17968000,101714.00000000,0.17968
1749262799,0.17969000,133093.00000000,0.17968
1749262799,0.17970000,194927.00000000,0.17968
1749262799,0.17971000,102061.00000000,0.17968
1749262799,0.17972000,45378.00000000,0.17968
1749262799,0.17973000,77139.00000000,0.17968
1749262799,0.17974000,44067.00000000,0.17968
1749262799,0.17975000,90543.00000000,0.17968
1749262799,0.17976000,54556.00000000,0.17968
1749262799,0.17977000,135358.00000000,0.17968
1749262799,0.17978000,116322.00000000,0.17968
1749262799,0.17979000,144939.00000000,0.17968
1749262799,0.17980000,112390.00000000,0.17968
1749262799,0.17981000,46782.00000000,0.17968
1749262799,0.17982000,77812.00000000,0.17968
1749262799,0.17983000,171588.00000000,0.17968
1749262799,0.17984000,119169.00000000,0.17968
1749262799,0.17985000,181622.00000000,0.17968
1749262799,0.17986000,97886.00000000,0.17968
1749262799,0.17987000,268024.00000000,0.17968
1749262799,0.17988000,61603.00000000,0.17968
1749262799,0.17989000,128740.00000000,0.17968
1749262799,0.17990000,71421.00000000,0.17968
1749262799,0.17991000,143118.00000000,0.17968
1749262799,0.17992000,281848.00000000,0.17968
1749262799,0.17993000,248076.00000000,0.17968
1749262799,0.17994000,181056.00000000,0.17968
1749262799,0.17995000,185256.00000000,0.17968
1749262799,0.17996000,206933.00000000,0.17968
1749262799,0.17997000,177596.00000000,0.17968
1749262799,0.17998000,281523.00000000,0.17968
1749262799,0.17999000,867003.00000000,0.17968
1749262799,0.18000000,3721364.00000000,0.17968
1749262799,0.18001000,32223.00000000,0.17968
1749262799,0.18002000,66730.00000000,0.17968
1749262799,0.18003000,176997.00000000,0.17968
1749262799,0.18004000,28705.00000000,0.17968
1749262799,0.18005000,69610.00000000,0.17968
1749262799,0.18006000,25734.00000000,0.17968
1749262799,0.18007000,173483.00000000,0.17968
1749262799,0.18008000,38181.00000000,0.17968
1749262799,0.18009000,143606.00000000,0.17968
1749262799,0.18010000,206957.00000000,0.17968
1749262799,0.18011000,121414.00000000,0.17968
1749262799,0.18012000,38680.00000000,0.17968
1749262799,0.18013000,63923.00000000,0.17968
1749262799,0.18014000,276662.00000000,0.17968
1749262799,0.18015000,18762.00000000,0.17968
1749262799,0.18016000,332882.00000000,0.17968
1749262799,0.18017000,125743.00000000,0.17968
1749262799,0.18018000,76770.00000000,0.17968
1749262799,0.18019000,72309.00000000,0.17968
1749262799,0.18020000,15413.00000000,0.17968
1749262799,0.18021000,55819.00000000,0.17968
1749262799,0.18022000,55553.00000000,0.17968
1749262799,0.18023000,16989.00000000,0.17968
1749262799,0.18024000,19989.00000000,0.17968
1749262799,0.18025000,44980.00000000,0.17968
1749262799,0.18026000,406294.00000000,0.17968
1749262799,0.18027000,64.00000000,0.17968
1749262799,0.18028000,22142.00000000,0.17968
1749262799,0.18029000,55664.00000000,0.17968
1749262799,0.18030000,12317.00000000,0.17968
1749262799,0.18031000,110915.00000000,0.17968
1749262799,0.18032000,22597.00000000,0.17968
1749262799,0.18033000,15308.00000000,0.17968
1749262799,0.18034000,45033.00000000,0.17968
1749262799,0.18035000,55572.00000000,0.17968
1749262799,0.18036000,116315.00000000,0.17968
1749262799,0.18037000,2407.00000000,0.17968
1749262799,0.18038000,12019.00000000,0.17968
1749262799,0.18039000,55915.00000000,0.17968
1749262799,0.18040000,1103520.00000000,0.17968
1749262799,0.18041000,227.00000000,0.17968
1749262799,0.18042000,67304.00000000,0.17968
1749262799,0.18043000,110.00000000,0.17968
1749262799,0.18044000,18482.00000000,0.17968
1749262799,0.18045000,88613.00000000,0.17968
1749262799,0.18046000,13754.00000000,0.17968
1749262799,0.18047000,15382.00000000,0.17968
1749262799,0.18048000,67739.00000000,0.17968
1749262799,0.18049000,56387.00000000,0.17968
1749262799,0.18050000,75824.00000000,0.17968
1749262799,0.18051000,1834.00000000,0.17968
1749262799,0.18052000,71036.00000000,0.17968
1749262799,0.18053000,1389273.00000000,0.17968
1749262799,0.18054000,624676.00000000,0.17968
1749262799,0.18055000,55466.00000000,0.17968
1749262799,0.18056000,11881.00000000,0.17968
1749262799,0.18057000,276.00000000,0.17968
1749262799,0.18058000,67437.00000000,0.17968
1749262799,0.18059000,111023.00000000,0.17968
1749262799,0.18060000,11884.00000000,0.17968
1749262799,0.18061000,11165.00000000,0.17968
1749262799,0.18062000,447.00000000,0.17968
1749262799,0.18063000,47.00000000,0.17968
1749262799,0.18064000,352678.00000000,0.17968
1749262799,0.18065000,66.00000000,0.17968
1749262799,0.18066000,2385.00000000,0.17968
1749262799,0.18067000,1583.00000000,0.17968
1749263100,0.17988000,104492.00000000,0.17986
1749263100,0.17989000,35623.00000000,0.17986
1749263100,0.17990000,70203.00000000,0.17986
1749263100,0.17991000,52742.00000000,0.17986
1749263100,0.17992000,128412.00000000,0.17986
1749263100,0.17993000,181553.00000000,0.17986
1749263100,0.17994000,40426.00000000,0.17986
1749263100,0.17995000,57960.00000000,0.17986
1749263100,0.17996000,44022.00000000,0.17986
1749263100,0.17997000,79897.00000000,0.17986
1749263100,0.17998000,157236.00000000,0.17986
1749263100,0.17999000,1048552.00000000,0.17986
1749263100,0.18000000,3698510.00000000,0.17986
1749263100,0.18001000,100523.00000000,0.17986
1749263100,0.18002000,119576.00000000,0.17986
1749263100,0.18003000,151168.00000000,0.17986
1749263100,0.18004000,117237.00000000,0.17986
1749263100,0.18005000,273349.00000000,0.17986
1749263100,0.18006000,310626.00000000,0.17986
1749263100,0.18007000,276509.00000000,0.17986
1749263100,0.18008000,158433.00000000,0.17986
1749263100,0.18009000,185469.00000000,0.17986
1749263100,0.18010000,171110.00000000,0.17986
1749263100,0.18011000,216447.00000000,0.17986
1749263100,0.18012000,208398.00000000,0.17986
1749263100,0.18013000,84303.00000000,0.17986
1749263100,0.18014000,97238.00000000,0.17986
1749263100,0.18015000,12672.00000000,0.17986
1749263100,0.18016000,515500.00000000,0.17986
1749263100,0.18017000,98261.00000000,0.17986
1749263100,0.18018000,105748.00000000,0.17986
1749263100,0.18019000,138416.00000000,0.17986
1749263100,0.18020000,149681.00000000,0.17986
1749263100,0.18021000,67439.00000000,0.17986
1749263100,0.18022000,76979.00000000,0.17986
1749263100,0.18023000,44560.00000000,0.17986
1749263100,0.18024000,36046.00000000,0.17986
1749263100,0.18025000,203013.00000000,0.17986
1749263100,0.18026000,84170.00000000,0.17986
1749263100,0.18027000,21681.00000000,0.17986
1749263100,0.18028000,30626.00000000,0.17986
1749263100,0.18029000,66174.00000000,0.17986
1749263100,0.18030000,23937.00000000,0.17986
1749263100,0.18031000,201060.00000000,0.17986
1749263100,0.18032000,113985.00000000,0.17986
1749263100,0.18033000,39808.00000000,0.17986
1749263100,0.18034000,45033.00000000,0.17986
1749263100,0.18035000,55578.00000000,0.17986
1749263100,0.18036000,116315.00000000,0.17986
1749263100,0.18037000,581.00000000,0.17986
1749263100,0.18038000,205322.00000000,0.17986
1749263100,0.18039000,58033.00000000,0.17986
1749263100,0.18040000,101767.00000000,0.17986
1749263100,0.18041000,227.00000000,0.17986
1749263100,0.18042000,67304.00000000,0.17986
1749263100,0.18043000,333971.00000000,0.17986
1749263100,0.18044000,18537.00000000,0.17986
1749263100,0.18045000,88668.00000000,0.17986
1749263100,0.18046000,11776.00000000,0.17986
1749263100,0.18047000,15637.00000000,0.17986
1749263100,0.18048000,88599.00000000,0.17986
1749263100,0.18049000,56442.00000000,0.17986
1749263100,0.18050000,67151.00000000,0.17986
1749263100,0.18051000,60781.00000000,0.17986
1749263100,0.18052000,11811.00000000,0.17986
1749263100,0.18053000,1387295.00000000,0.17986
1749263100,0.18054000,571445.00000000,0.17986
1749263100,0.18055000,55521.00000000,0.17986
1749263100,0.18056000,31829.00000000,0.17986
1749263100,0.18057000,531.00000000,0.17986
1749263100,0.18058000,67492.00000000,0.17986
1749263100,0.18059000,111078.00000000,0.17986
1749263100,0.18060000,11989.00000000,0.17986
1749263100,0.18061000,1014765.00000000,0.17986
1749263100,0.18062000,65449.00000000,0.17986
1749263100,0.18063000,102.00000000,0.17986
1749263100,0.18064000,350645.00000000,0.17986
1749263100,0.18065000,66.00000000,0.17986
1749263100,0.18066000,14085.00000000,0.17986
1749263100,0.18067000,1803.00000000,0.17986
1749263100,0.18068000,82539.00000000,0.17986
1749263100,0.18069000,68.00000000,0.17986
1749263100,0.18070000,70402.00000000,0.17986
1749263100,0.18071000,13.00000000,0.17986
1749263100,0.18072000,117838.00000000,0.17986
1749263100,0.18073000,7.00000000,0.17986
1749263100,0.18074000,13105.00000000,0.17986
1749263100,0.18075000,15349.00000000,0.17986
1749263100,0.18076000,1851512.00000000,0.17986
1749263100,0.18077000,122.00000000,0.17986
1749263100,0.18078000,27.00000000,0.17986
1749263100,0.18079000,37.00000000,0.17986
1749263100,0.18080000,73.00000000,0.17986
1749263100,0.18081000,55602.00000000,0.17986
1749263100,0.18082000,201.00000000,0.17986
1749263100,0.18083000,397.00000000,0.17986
1749263100,0.18084000,51.00000000,0.17986
1749263100,0.18085000,59.00000000,0.17986
1749263100,0.18086000,7.00000000,0.17986
1749263100,0.18087000,345.00000000,0.17986
1749263402,0.18015000,17447.00000000,0.18014
1749263402,0.18016000,108.00000000,0.18014
1749263402,0.18017000,19317.00000000,0.18014
1749263402,0.18018000,61003.00000000,0.18014
1749263402,0.18019000,243556.00000000,0.18014
1749263402,0.18020000,188527.00000000,0.18014
1749263402,0.18021000,71060.00000000,0.18014
1749263402,0.18022000,17465.00000000,0.18014
1749263402,0.18023000,70514.00000000,0.18014
1749263402,0.18024000,98715.00000000,0.18014
1749263402,0.18025000,231698.00000000,0.18014
1749263402,0.18026000,86254.00000000,0.18014
1749263402,0.18027000,141711.00000000,0.18014
1749263402,0.18028000,102395.00000000,0.18014
1749263402,0.18029000,157826.00000000,0.18014
1749263402,0.18030000,145914.00000000,0.18014
1749263402,0.18031000,298013.00000000,0.18014
1749263402,0.18032000,210494.00000000,0.18014
1749263402,0.18033000,231530.00000000,0.18014
1749263402,0.18034000,286995.00000000,0.18014
1749263402,0.18035000,221960.00000000,0.18014
1749263402,0.18036000,184581.00000000,0.18014
1749263402,0.18037000,182343.00000000,0.18014
1749263402,0.18038000,314953.00000000,0.18014
1749263402,0.18039000,224922.00000000,0.18014
1749263402,0.18040000,159316.00000000,0.18014
1749263402,0.18041000,80237.00000000,0.18014
1749263402,0.18042000,143548.00000000,0.18014
1749263402,0.18043000,39574.00000000,0.18014
1749263402,0.18044000,57222.00000000,0.18014
1749263402,0.18045000,133166.00000000,0.18014
1749263402,0.18046000,70139.00000000,0.18014
1749263402,0.18047000,149129.00000000,0.18014
1749263402,0.18048000,238298.00000000,0.18014
1749263402,0.18049000,228077.00000000,0.18014
1749263402,0.18050000,86888.00000000,0.18014
1749263402,0.18051000,36103.00000000,0.18014
1749263402,0.18052000,48993.00000000,0.18014
1749263402,0.18053000,127011.00000000,0.18014
1749263402,0.18054000,110450.00000000,0.18014
1749263402,0.18055000,155412.00000000,0.18014
1749263402,0.18056000,276809.00000000,0.18014
1749263402,0.18057000,13792.00000000,0.18014
1749263402,0.18058000,159380.00000000,0.18014
1749263402,0.18059000,144296.00000000,0.18014
1749263402,0.18060000,12499.00000000,0.18014
1749263402,0.18061000,208427.00000000,0.18014
1749263402,0.18062000,11815.00000000,0.18014
1749263402,0.18063000,55591.00000000,0.18014
1749263402,0.18064000,354442.00000000,0.18014
1749263402,0.18065000,2163.00000000,0.18014
1749263402,0.18066000,26057.00000000,0.18014
1749263402,0.18067000,1858.00000000,0.18014
1749263402,0.18068000,82593.00000000,0.18014
1749263402,0.18069000,57058.00000000,0.18014
1749263402,0.18070000,100644.00000000,0.18014
1749263402,0.18071000,464.00000000,0.18014
1749263402,0.18072000,124322.00000000,0.18014
1749263402,0.18073000,2091.00000000,0.18014
1749263402,0.18074000,13160.00000000,0.18014
1749263402,0.18075000,17427.00000000,0.18014
1749263402,0.18076000,67319.00000000,0.18014
1749263402,0.18077000,55915.00000000,0.18014
1749263402,0.18078000,344638.00000000,0.18014
1749263402,0.18079000,488.00000000,0.18014
1749263402,0.18080000,22327.00000000,0.18014
1749263402,0.18081000,55657.00000000,0.18014
1749263402,0.18082000,135914.00000000,0.18014
1749263402,0.18083000,1062446.00000000,0.18014
1749263402,0.18084000,11806.00000000,0.18014
1749263402,0.18085000,496149.00000000,0.18014
1749263402,0.18086000,11762.00000000,0.18014
1749263402,0.18087000,2629.00000000,0.18014
1749263402,0.18088000,11969.00000000,0.18014
1749263402,0.18089000,15294.00000000,0.18014
1749263402,0.18090000,59562.00000000,0.18014
1749263402,0.18091000,9395.00000000,0.18014
1749263402,0.18092000,22789.00000000,0.18014
1749263402,0.18093000,66.00000000,0.18014
1749263402,0.18094000,507.00000000,0.18014
1749263402,0.18095000,75.00000000,0.18014
1749263402,0.18096000,11752.00000000,0.18014
1749263402,0.18097000,4672.00000000,0.18014
1749263402,0.18098000,11960.00000000,0.18014
1749263402,0.18099000,58167.00000000,0.18014
1749263402,0.18100000,64656.00000000,0.18014
1749263402,0.18101000,2063.00000000,0.18014
1749263402,0.18102000,120.00000000,0.18014
1749263402,0.18103000,1403219.00000000,0.18014
1749263402,0.18104000,55.00000000,0.18014
1749263402,0.18105000,436.00000000,0.18014
1749263402,0.18106000,3201.00000000,0.18014
1749263402,0.18107000,48912.00000000,0.18014
1749263402,0.18108000,1735442.00000000,0.18014
1749263402,0.18109000,894.00000000,0.18014
1749263402,0.18110000,37.00000000,0.18014
1749263402,0.18111000,175.00000000,0.18014
1749263402,0.18112000,84.00000000,0.18014
1749263402,0.18113000,2529.00000000,0.18014
1749263402,0.18114000,2056.00000000,0.18014
1749263703,0.18008000,23802.00000000,0.18008
1749263703,0.18009000,64902.00000000,0.18008
1749263703,0.18010000,93758.00000000,0.18008
1749263703,0.18011000,86581.00000000,0.18008
1749263703,0.18012000,242440.00000000,0.18008
1749263703,0.18013000,202190.00000000,0.18008
1749263703,0.18014000,183065.00000000,0.18008
1749263703,0.18015000,249955.00000000,0.18008
1749263703,0.18016000,142911.00000000,0.18008
1749263703,0.18017000,154953.00000000,0.18008
1749263703,0.18018000,154024.00000000,0.18008
1749263703,0.18019000,206561.00000000,0.18008
1749263703,0.18020000,212915.00000000,0.18008
1749263703,0.18021000,258263.00000000,0.18008
1749263703,0.18022000,142360.00000000,0.18008
1749263703,0.18023000,104365.00000000,0.18008
1749263703,0.18024000,53704.00000000,0.18008
1749263703,0.18025000,84078.00000000,0.18008
1749263703,0.18026000,149452.00000000,0.18008
1749263703,0.18027000,122051.00000000,0.18008
1749263703,0.18028000,91814.00000000,0.18008
1749263703,0.18029000,123387.00000000,0.18008
1749263703,0.18030000,93243.00000000,0.18008
1749263703,0.18031000,162338.00000000,0.18008
1749263703,0.18032000,122456.00000000,0.18008
1749263703,0.18033000,152757.00000000,0.18008
1749263703,0.18034000,191009.00000000,0.18008
1749263703,0.18035000,265505.00000000,0.18008
1749263703,0.18036000,186230.00000000,0.18008
1749263703,0.18037000,237383.00000000,0.18008
1749263703,0.18038000,279961.00000000,0.18008
1749263703,0.18039000,376878.00000000,0.18008
1749263703,0.18040000,240647.00000000,0.18008
1749263703,0.18041000,67683.00000000,0.18008
1749263703,0.18042000,119834.00000000,0.18008
1749263703,0.18043000,15767.00000000,0.18008
1749263703,0.18044000,61743.00000000,0.18008
1749263703,0.18045000,155243.00000000,0.18008
1749263703,0.18046000,47412.00000000,0.18008
1749263703,0.18047000,183902.00000000,0.18008
1749263703,0.18048000,447733.00000000,0.18008
1749263703,0.18049000,120144.00000000,0.18008
1749263703,0.18050000,193502.00000000,0.18008
1749263703,0.18051000,255750.00000000,0.18008
1749263703,0.18052000,79542.00000000,0.18008
1749263703,0.18053000,166621.00000000,0.18008
1749263703,0.18054000,80495.00000000,0.18008
1749263703,0.18055000,63597.00000000,0.18008
1749263703,0.18056000,53426.00000000,0.18008
1749263703,0.18057000,95791.00000000,0.18008
1749263703,0.18058000,72695.00000000,0.18008
1749263703,0.18059000,111229.00000000,0.18008
1749263703,0.18060000,11945.00000000,0.18008
1749263703,0.18061000,2175.00000000,0.18008
1749263703,0.18062000,11822.00000000,0.18008
1749263703,0.18063000,88816.00000000,0.18008
1749263703,0.18064000,359017.00000000,0.18008
1749263703,0.18065000,2150.00000000,0.18008
1749263703,0.18066000,26051.00000000,0.18008
1749263703,0.18067000,1858.00000000,0.18008
1749263703,0.18068000,82799.00000000,0.18008
1749263703,0.18069000,56068.00000000,0.18008
1749263703,0.18070000,400282.00000000,0.18008
1749263703,0.18071000,471.00000000,0.18008
1749263703,0.18072000,191918.00000000,0.18008
1749263703,0.18073000,2091.00000000,0.18008
1749263703,0.18074000,13160.00000000,0.18008
1749263703,0.18075000,17427.00000000,0.18008
1749263703,0.18076000,67319.00000000,0.18008
1749263703,0.18077000,567476.00000000,0.18008
1749263703,0.18078000,11782.00000000,0.18008
1749263703,0.18079000,8562.00000000,0.18008
1749263703,0.18080000,25355.00000000,0.18008
1749263703,0.18081000,55657.00000000,0.18008
1749263703,0.18082000,82521.00000000,0.18008
1749263703,0.18083000,1063088.00000000,0.18008
1749263703,0.18084000,13780.00000000,0.18008
1749263703,0.18085000,59.00000000,0.18008
1749263703,0.18086000,11707.00000000,0.18008
1749263703,0.18087000,2574.00000000,0.18008
1749263703,0.18088000,12065.00000000,0.18008
1749263703,0.18089000,15239.00000000,0.18008
1749263703,0.18090000,61884.00000000,0.18008
1749263703,0.18091000,91.00000000,0.18008
1749263703,0.18092000,11734.00000000,0.18008
1749263703,0.18093000,11120.00000000,0.18008
1749263703,0.18094000,12207.00000000,0.18008
1749263703,0.18095000,82.00000000,0.18008
1749263703,0.18096000,52.00000000,0.18008
1749263703,0.18097000,4672.00000000,0.18008
1749263703,0.18098000,260.00000000,0.18008
1749263703,0.18099000,58167.00000000,0.18008
1749263703,0.18100000,52956.00000000,0.18008
1749263703,0.18101000,2063.00000000,0.18008
1749263703,0.18102000,113.00000000,0.18008
1749263703,0.18103000,1403219.00000000,0.18008
1749263703,0.18104000,55.00000000,0.18008
1749263703,0.18105000,436.00000000,0.18008
1749263703,0.18106000,3201.00000000,0.18008
1749263703,0.18107000,48963.00000000,0.18008
1749264005,0.18038000,131209.00000000,0.18035
1749264005,0.18039000,123895.00000000,0.18035
1749264005,0.18040000,59694.00000000,0.18035
1749264005,0.18041000,146677.00000000,0.18035
1749264005,0.18042000,215270.00000000,0.18035
1749264005,0.18043000,137459.00000000,0.18035
1749264005,0.18044000,152574.00000000,0.18035
1749264005,0.18045000,74670.00000000,0.18035
1749264005,0.18046000,67005.00000000,0.18035
1749264005,0.18047000,148570.00000000,0.18035
1749264005,0.18048000,182977.00000000,0.18035
1749264005,0.18049000,15767.00000000,0.18035
1749264005,0.18050000,52999.00000000,0.18035
1749264005,0.18051000,133866.00000000,0.18035
1749264005,0.18052000,154978.00000000,0.18035
1749264005,0.18053000,128668.00000000,0.18035
1749264005,0.18054000,226536.00000000,0.18035
1749264005,0.18055000,204106.00000000,0.18035
1749264005,0.18056000,126873.00000000,0.18035
1749264005,0.18057000,182938.00000000,0.18035
1749264005,0.18058000,203590.00000000,0.18035
1749264005,0.18059000,193993.00000000,0.18035
1749264005,0.18060000,94551.00000000,0.18035
1749264005,0.18061000,136787.00000000,0.18035
1749264005,0.18062000,131975.00000000,0.18035
1749264005,0.18063000,164815.00000000,0.18035
1749264005,0.18064000,136259.00000000,0.18035
1749264005,0.18065000,78487.00000000,0.18035
1749264005,0.18066000,81790.00000000,0.18035
1749264005,0.18067000,100515.00000000,0.18035
1749264005,0.18068000,214586.00000000,0.18035
1749264005,0.18069000,313923.00000000,0.18035
1749264005,0.18070000,281105.00000000,0.18035
1749264005,0.18071000,289688.00000000,0.18035
1749264005,0.18072000,277518.00000000,0.18035
1749264005,0.18073000,211051.00000000,0.18035
1749264005,0.18074000,314816.00000000,0.18035
1749264005,0.18075000,298139.00000000,0.18035
1749264005,0.18076000,148122.00000000,0.18035
1749264005,0.18077000,137394.00000000,0.18035
1749264005,0.18078000,204715.00000000,0.18035
1749264005,0.18079000,107072.00000000,0.18035
1749264005,0.18080000,154163.00000000,0.18035
1749264005,0.18081000,130652.00000000,0.18035
1749264005,0.18082000,206529.00000000,0.18035
1749264005,0.18083000,97683.00000000,0.18035
1749264005,0.18084000,96524.00000000,0.18035
1749264005,0.18085000,239685.00000000,0.18035
1749264005,0.18086000,16590.00000000,0.18035
1749264005,0.18087000,25033.00000000,0.18035
1749264005,0.18088000,136690.00000000,0.18035
1749264005,0.18089000,15294.00000000,0.18035
1749264005,0.18090000,63461.00000000,0.18035
1749264005,0.18091000,152.00000000,0.18035
1749264005,0.18092000,67146.00000000,0.18035
1749264005,0.18093000,102769.00000000,0.18035
1749264005,0.18094000,12262.00000000,0.18035
1749264005,0.18095000,2161.00000000,0.18035
1749264005,0.18096000,16826.00000000,0.18035
1749264005,0.18097000,1676.00000000,0.18035
1749264005,0.18098000,12021.00000000,0.18035
1749264005,0.18099000,56193.00000000,0.18035
1749264005,0.18100000,64711.00000000,0.18035
1749264005,0.18101000,2109.00000000,0.18035
1749264005,0.18102000,111014.00000000,0.18035
1749264005,0.18103000,69709.00000000,0.18035
1749264005,0.18104000,64927.00000000,0.18035
1749264005,0.18105000,1004972.00000000,0.18035
1749264005,0.18106000,12921.00000000,0.18035
1749264005,0.18107000,382342.00000000,0.18035
1749264005,0.18108000,11792.00000000,0.18035
1749264005,0.18109000,2306.00000000,0.18035
1749264005,0.18110000,306273.00000000,0.18035
1749264005,0.18111000,2255.00000000,0.18035
1749264005,0.18112000,155958.00000000,0.18035
1749264005,0.18113000,569937.00000000,0.18035
1749264005,0.18114000,11747.00000000,0.18035
1749264005,0.18115000,59.00000000,0.18035
1749264005,0.18116000,2127.00000000,0.18035
1749264005,0.18117000,70860.00000000,0.18035
1749264005,0.18118000,11891.00000000,0.18035
1749264005,0.18119000,1226.00000000,0.18035
1749264005,0.18120000,14764.00000000,0.18035
1749264005,0.18121000,2207.00000000,0.18035
1749264005,0.18122000,67231.00000000,0.18035
1749264005,0.18123000,56289.00000000,0.18035
1749264005,0.18124000,11745.00000000,0.18035
1749264005,0.18125000,93.00000000,0.18035
1749264005,0.18126000,68475.00000000,0.18035
1749264005,0.18127000,330.00000000,0.18035
1749264005,0.18128000,69413.00000000,0.18035
1749264005,0.18129000,1387121.00000000,0.18035
1749264005,0.18130000,12848.00000000,0.18035
1749264005,0.18131000,15442.00000000,0.18035
1749264005,0.18132000,14870.00000000,0.18035
1749264005,0.18133000,1228.00000000,0.18035
1749264005,0.18134000,13750.00000000,0.18035
1749264005,0.18135000,2056.00000000,0.18035
1749264005,0.18136000,56032.00000000,0.18035
1749264005,0.18137000,65.00000000,0.18035
1749264307,0.18022000,139297.00000000,0.18022
1749264307,0.18023000,103527.00000000,0.18022
1749264307,0.18024000,153882.00000000,0.18022
1749264307,0.18025000,185527.00000000,0.18022
1749264307,0.18026000,172686.00000000,0.18022
1749264307,0.18027000,235876.00000000,0.18022
1749264307,0.18028000,77432.00000000,0.18022
1749264307,0.18029000,185612.00000000,0.18022
1749264307,0.18030000,130392.00000000,0.18022
1749264307,0.18031000,164449.00000000,0.18022
1749264307,0.18032000,200168.00000000,0.18022
1749264307,0.18033000,85841.00000000,0.18022
1749264307,0.18034000,86304.00000000,0.18022
1749264307,0.18035000,117739.00000000,0.18022
1749264307,0.18036000,178203.00000000,0.18022
1749264307,0.18037000,147632.00000000,0.18022
1749264307,0.18038000,86915.00000000,0.18022
1749264307,0.18039000,139371.00000000,0.18022
1749264307,0.18040000,182246.00000000,0.18022
1749264307,0.18041000,212916.00000000,0.18022
1749264307,0.18042000,28592.00000000,0.18022
1749264307,0.18043000,48989.00000000,0.18022
1749264307,0.18044000,107637.00000000,0.18022
1749264307,0.18045000,137049.00000000,0.18022
1749264307,0.18046000,109177.00000000,0.18022
1749264307,0.18047000,132467.00000000,0.18022
1749264307,0.18048000,156475.00000000,0.18022
1749264307,0.18049000,165066.00000000,0.18022
1749264307,0.18050000,389291.00000000,0.18022
1749264307,0.18051000,448198.00000000,0.18022
1749264307,0.18052000,268196.00000000,0.18022
1749264307,0.18053000,215384.00000000,0.18022
1749264307,0.18054000,71131.00000000,0.18022
1749264307,0.18055000,41496.00000000,0.18022
1749264307,0.18056000,84680.00000000,0.18022
1749264307,0.18057000,72999.00000000,0.18022
1749264307,0.18058000,139562.00000000,0.18022
1749264307,0.18059000,186927.00000000,0.18022
1749264307,0.18060000,152298.00000000,0.18022
1749264307,0.18061000,180614.00000000,0.18022
1749264307,0.18062000,120288.00000000,0.18022
1749264307,0.18063000,374749.00000000,0.18022
1749264307,0.18064000,78483.00000000,0.18022
1749264307,0.18065000,62417.00000000,0.18022
1749264307,0.18066000,96381.00000000,0.18022
1749264307,0.18067000,38701.00000000,0.18022
1749264307,0.18068000,323668.00000000,0.18022
1749264307,0.18069000,195158.00000000,0.18022
1749264307,0.18070000,75335.00000000,0.18022
1749264307,0.18071000,32935.00000000,0.18022
1749264307,0.18072000,126814.00000000,0.18022
1749264307,0.18073000,30745.00000000,0.18022
1749264307,0.18074000,63031.00000000,0.18022
1749264307,0.18075000,16394.00000000,0.18022
1749264307,0.18076000,122798.00000000,0.18022
1749264307,0.18077000,55866.00000000,0.18022
1749264307,0.18078000,28423.00000000,0.18022
1749264307,0.18079000,482.00000000,0.18022
1749264307,0.18080000,35780.00000000,0.18022
1749264307,0.18081000,108918.00000000,0.18022
1749264307,0.18082000,173700.00000000,0.18022
1749264307,0.18083000,74.00000000,0.18022
1749264307,0.18084000,11812.00000000,0.18022
1749264307,0.18085000,5652.00000000,0.18022
1749264307,0.18086000,14531.00000000,0.18022
1749264307,0.18087000,307.00000000,0.18022
1749264307,0.18088000,123421.00000000,0.18022
1749264307,0.18089000,15294.00000000,0.18022
1749264307,0.18090000,60419.00000000,0.18022
1749264307,0.18091000,146.00000000,0.18022
1749264307,0.18092000,67146.00000000,0.18022
1749264307,0.18093000,102769.00000000,0.18022
1749264307,0.18094000,12262.00000000,0.18022
1749264307,0.18095000,136.00000000,0.18022
1749264307,0.18096000,11846.00000000,0.18022
1749264307,0.18097000,1726.00000000,0.18022
1749264307,0.18098000,71406.00000000,0.18022
1749264307,0.18099000,56138.00000000,0.18022
1749264307,0.18100000,58942.00000000,0.18022
1749264307,0.18101000,295.00000000,0.18022
1749264307,0.18102000,122665.00000000,0.18022
1749264307,0.18103000,16521.00000000,0.18022
1749264307,0.18104000,11755.00000000,0.18022
1749264307,0.18105000,1004917.00000000,0.18022
1749264307,0.18106000,574507.00000000,0.18022
1749264307,0.18107000,381825.00000000,0.18022
1749264307,0.18108000,11737.00000000,0.18022
1749264307,0.18109000,11536.00000000,0.18022
1749264307,0.18110000,306168.00000000,0.18022
1749264307,0.18111000,175.00000000,0.18022
1749264307,0.18112000,122637.00000000,0.18022
1749264307,0.18113000,2529.00000000,0.18022
1749264307,0.18114000,11747.00000000,0.18022
1749264307,0.18115000,59.00000000,0.18022
1749264307,0.18116000,102.00000000,0.18022
1749264307,0.18117000,70860.00000000,0.18022
1749264307,0.18118000,11891.00000000,0.18022
1749264307,0.18119000,970.00000000,0.18022
1749264307,0.18120000,14764.00000000,0.18022
1749264307,0.18121000,190.00000000,0.18022
1749264609,0.18067000,16471.00000000,0.18066
1749264609,0.18068000,5966.00000000,0.18066
1749264609,0.18069000,19825.00000000,0.18066
1749264609,0.18070000,45345.00000000,0.18066
1749264609,0.18071000,166366.00000000,0.18066
1749264609,0.18072000,109280.00000000,0.18066
1749264609,0.18073000,188148.00000000,0.18066
1749264609,0.18074000,140482.00000000,0.18066
1749264609,0.18075000,79587.00000000,0.18066
1749264609,0.18076000,127878.00000000,0.18066
1749264609,0.18077000,111834.00000000,0.18066
1749264609,0.18078000,127720.00000000,0.18066
1749264609,0.18079000,109459.00000000,0.18066
1749264609,0.18080000,98546.00000000,0.18066
1749264609,0.18081000,268184.00000000,0.18066
1749264609,0.18082000,246380.00000000,0.18066
1749264609,0.18083000,128820.00000000,0.18066
1749264609,0.18084000,144343.00000000,0.18066
1749264609,0.18085000,97484.00000000,0.18066
1749264609,0.18086000,132531.00000000,0.18066
1749264609,0.18087000,254221.00000000,0.18066
1749264609,0.18088000,333902.00000000,0.18066
1749264609,0.18089000,147790.00000000,0.18066
1749264609,0.18090000,200608.00000000,0.18066
1749264609,0.18091000,222734.00000000,0.18066
1749264609,0.18092000,339969.00000000,0.18066
1749264609,0.18093000,206318.00000000,0.18066
1749264609,0.18094000,69367.00000000,0.18066
1749264609,0.18095000,154778.00000000,0.18066
1749264609,0.18096000,316708.00000000,0.18066
1749264609,0.18097000,349983.00000000,0.18066
1749264609,0.18098000,151972.00000000,0.18066
1749264609,0.18099000,88773.00000000,0.18066
1749264609,0.18100000,78068.00000000,0.18066
1749264609,0.18101000,71726.00000000,0.18066
1749264609,0.18102000,171689.00000000,0.18066
1749264609,0.18103000,87645.00000000,0.18066
1749264609,0.18104000,73178.00000000,0.18066
1749264609,0.18105000,74563.00000000,0.18066
1749264609,0.18106000,217939.00000000,0.18066
1749264609,0.18107000,459096.00000000,0.18066
1749264609,0.18108000,73254.00000000,0.18066
1749264609,0.18109000,30472.00000000,0.18066
1749264609,0.18110000,340817.00000000,0.18066
1749264609,0.18111000,2276.00000000,0.18066
1749264609,0.18112000,144483.00000000,0.18066
1749264609,0.18113000,560.00000000,0.18066
1749264609,0.18114000,11802.00000000,0.18066
1749264609,0.18115000,35357.00000000,0.18066
1749264609,0.18116000,178047.00000000,0.18066
1749264609,0.18117000,72027.00000000,0.18066
1749264609,0.18118000,11952.00000000,0.18066
1749264609,0.18119000,1025.00000000,0.18066
1749264609,0.18120000,30543.00000000,0.18066
1749264609,0.18121000,2325.00000000,0.18066
1749264609,0.18122000,67286.00000000,0.18066
1749264609,0.18123000,56344.00000000,0.18066
1749264609,0.18124000,60293.00000000,0.18066
1749264609,0.18125000,503928.00000000,0.18066
1749264609,0.18126000,58948.00000000,0.18066
1749264609,0.18127000,1003930.00000000,0.18066
1749264609,0.18128000,138765.00000000,0.18066
1749264609,0.18129000,1446239.00000000,0.18066
1749264609,0.18130000,13162.00000000,0.18066
1749264609,0.18131000,15497.00000000,0.18066
1749264609,0.18132000,11921.00000000,0.18066
1749264609,0.18133000,3308.00000000,0.18066
1749264609,0.18134000,11780.00000000,0.18066
1749264609,0.18135000,1495.00000000,0.18066
1749264609,0.18136000,135697.00000000,0.18066
1749264609,0.18137000,120.00000000,0.18066
1749264609,0.18138000,68720.00000000,0.18066
1749264609,0.18139000,57636.00000000,0.18066
1749264609,0.18140000,12114.00000000,0.18066
1749264609,0.18141000,1735524.00000000,0.18066
1749264609,0.18142000,27086.00000000,0.18066
1749264609,0.18143000,3511.00000000,0.18066
1749264609,0.18144000,11379.00000000,0.18066
1749264609,0.18145000,49694.00000000,0.18066
1749264609,0.18146000,874.00000000,0.18066
1749264609,0.18147000,5756.00000000,0.18066
1749264609,0.18148000,2078.00000000,0.18066
1749264609,0.18149000,249.00000000,0.18066
1749264609,0.18150000,1394.00000000,0.18066
1749264609,0.18151000,50.00000000,0.18066
1749264609,0.18152000,51.00000000,0.18066
1749264609,0.18153000,5119.00000000,0.18066
1749264609,0.18154000,61732.00000000,0.18066
1749264609,0.18155000,55659.00000000,0.18066
1749264609,0.18156000,15736.00000000,0.18066
1749264609,0.18157000,198.00000000,0.18066
1749264609,0.18158000,2250.00000000,0.18066
1749264609,0.18159000,5677.00000000,0.18066
1749264609,0.18160000,405.00000000,0.18066
1749264609,0.18161000,2023.00000000,0.18066
1749264609,0.18162000,158.00000000,0.18066
1749264609,0.18163000,2070.00000000,0.18066
1749264609,0.18164000,46993.00000000,0.18066
1749264609,0.18165000,130.00000000,0.18066
1749264609,0.18166000,1527.00000000,0.18066
1749264910,0.18107000,58757.00000000,0.18104
1749264910,0.18108000,76521.00000000,0.18104
1749264910,0.18109000,91905.00000000,0.18104
1749264910,0.18110000,122651.00000000,0.18104
1749264910,0.18111000,246249.00000000,0.18104
1749264910,0.18112000,266810.00000000,0.18104
1749264910,0.18113000,106462.00000000,0.18104
1749264910,0.18114000,166747.00000000,0.18104
1749264910,0.18115000,203794.00000000,0.18104
1749264910,0.18116000,275878.00000000,0.18104
1749264910,0.18117000,149465.00000000,0.18104
1749264910,0.18118000,198900.00000000,0.18104
1749264910,0.18119000,106871.00000000,0.18104
1749264910,0.18120000,172720.00000000,0.18104
1749264910,0.18121000,57060.00000000,0.18104
1749264910,0.18122000,154015.00000000,0.18104
1749264910,0.18123000,121749.00000000,0.18104
1749264910,0.18124000,111216.00000000,0.18104
1749264910,0.18125000,126136.00000000,0.18104
1749264910,0.18126000,165220.00000000,0.18104
1749264910,0.18127000,91111.00000000,0.18104
1749264910,0.18128000,129916.00000000,0.18104
1749264910,0.18129000,84552.00000000,0.18104
1749264910,0.18130000,78764.00000000,0.18104
1749264910,0.18131000,142837.00000000,0.18104
1749264910,0.18132000,205384.00000000,0.18104
1749264910,0.18133000,145025.00000000,0.18104
1749264910,0.18134000,260121.00000000,0.18104
1749264910,0.18135000,398409.00000000,0.18104
1749264910,0.18136000,284012.00000000,0.18104
1749264910,0.18137000,80048.00000000,0.18104
1749264910,0.18138000,147582.00000000,0.18104
1749264910,0.18139000,97240.00000000,0.18104
1749264910,0.18140000,107168.00000000,0.18104
1749264910,0.18141000,147396.00000000,0.18104
1749264910,0.18142000,103828.00000000,0.18104
1749264910,0.18143000,27895.00000000,0.18104
1749264910,0.18144000,109524.00000000,0.18104
1749264910,0.18145000,226256.00000000,0.18104
1749264910,0.18146000,205494.00000000,0.18104
1749264910,0.18147000,356086.00000000,0.18104
1749264910,0.18148000,88414.00000000,0.18104
1749264910,0.18149000,111290.00000000,0.18104
1749264910,0.18150000,284006.00000000,0.18104
1749264910,0.18151000,80317.00000000,0.18104
1749264910,0.18152000,99445.00000000,0.18104
1749264910,0.18153000,230084.00000000,0.18104
1749264910,0.18154000,144286.00000000,0.18104
1749264910,0.18155000,113802.00000000,0.18104
1749264910,0.18156000,27491.00000000,0.18104
1749264910,0.18157000,509.00000000,0.18104
1749264910,0.18158000,345950.00000000,0.18104
1749264910,0.18159000,19555.00000000,0.18104
1749264910,0.18160000,32077.00000000,0.18104
1749264910,0.18161000,432.00000000,0.18104
1749264910,0.18162000,11913.00000000,0.18104
1749264910,0.18163000,96.00000000,0.18104
1749264910,0.18164000,113451.00000000,0.18104
1749264910,0.18165000,88886.00000000,0.18104
1749264910,0.18166000,23136.00000000,0.18104
1749264910,0.18167000,1388.00000000,0.18104
1749264910,0.18168000,25673.00000000,0.18104
1749264910,0.18169000,55538.00000000,0.18104
1749264910,0.18170000,1030966.00000000,0.18104
1749264910,0.18171000,128.00000000,0.18104
1749264910,0.18172000,67168.00000000,0.18104
1749264910,0.18173000,126.00000000,0.18104
1749264910,0.18174000,69868.00000000,0.18104
1749264910,0.18175000,140.00000000,0.18104
1749264910,0.18176000,59944.00000000,0.18104
1749264910,0.18177000,126591.00000000,0.18104
1749264910,0.18178000,11921.00000000,0.18104
1749264910,0.18179000,503808.00000000,0.18104
1749264910,0.18180000,496.00000000,0.18104
1749264910,0.18181000,1387087.00000000,0.18104
1749264910,0.18182000,67534.00000000,0.18104
1749264910,0.18183000,47452.00000000,0.18104
1749264910,0.18184000,28170.00000000,0.18104
1749264910,0.18185000,285.00000000,0.18104
1749264910,0.18186000,34.00000000,0.18104
1749264910,0.18187000,6.00000000,0.18104
1749264910,0.18188000,447.00000000,0.18104
1749264910,0.18189000,1474.00000000,0.18104
1749264910,0.18190000,23218.00000000,0.18104
1749264910,0.18191000,286.00000000,0.18104
1749264910,0.18192000,67436.00000000,0.18104
1749264910,0.18193000,114629.00000000,0.18104
1749264910,0.18194000,11775.00000000,0.18104
1749264910,0.18195000,5133.00000000,0.18104
1749264910,0.18196000,23758.00000000,0.18104
1749264910,0.18197000,47.00000000,0.18104
1749264910,0.18198000,26947.00000000,0.18104
1749264910,0.18199000,552.00000000,0.18104
1749264910,0.18200000,84835.00000000,0.18104
1749264910,0.18201000,347.00000000,0.18104
1749264910,0.18202000,103055.00000000,0.18104
1749264910,0.18203000,470.00000000,0.18104
1749264910,0.18204000,200.00000000,0.18104
1749264910,0.18205000,1735875.00000000,0.18104
1749264910,0.18206000,5134.00000000,0.18104
1749265217,0.18091000,21559.00000000,0.18091
1749265217,0.18092000,77252.00000000,0.18091
1749265217,0.18093000,123532.00000000,0.18091
1749265217,0.18094000,11823.00000000,0.18091
1749265217,0.18095000,47516.00000000,0.18091
1749265217,0.18096000,192558.00000000,0.18091
1749265217,0.18097000,131906.00000000,0.18091
1749265217,0.18098000,91476.00000000,0.18091
1749265217,0.18099000,130497.00000000,0.18091
1749265217,0.18100000,133852.00000000,0.18091
1749265217,0.18101000,244964.00000000,0.18091
1749265217,0.18102000,226742.00000000,0.18091
1749265217,0.18103000,151538.00000000,0.18091
1749265217,0.18104000,38958.00000000,0.18091
1749265217,0.18105000,117767.00000000,0.18091
1749265217,0.18106000,128587.00000000,0.18091
1749265217,0.18107000,125908.00000000,0.18091
1749265217,0.18108000,89046.00000000,0.18091
1749265217,0.18109000,126011.00000000,0.18091
1749265217,0.18110000,144595.00000000,0.18091
1749265217,0.18111000,156908.00000000,0.18091
1749265217,0.18112000,115086.00000000,0.18091
1749265217,0.18113000,67843.00000000,0.18091
1749265217,0.18114000,78395.00000000,0.18091
1749265217,0.18115000,208058.00000000,0.18091
1749265217,0.18116000,331798.00000000,0.18091
1749265217,0.18117000,167509.00000000,0.18091
1749265217,0.18118000,236556.00000000,0.18091
1749265217,0.18119000,263884.00000000,0.18091
1749265217,0.18120000,216155.00000000,0.18091
1749265217,0.18121000,250533.00000000,0.18091
1749265217,0.18122000,157097.00000000,0.18091
1749265217,0.18123000,171277.00000000,0.18091
1749265217,0.18124000,149691.00000000,0.18091
1749265217,0.18125000,168744.00000000,0.18091
1749265217,0.18126000,248120.00000000,0.18091
1749265217,0.18127000,134866.00000000,0.18091
1749265217,0.18128000,257182.00000000,0.18091
1749265217,0.18129000,74413.00000000,0.18091
1749265217,0.18130000,92610.00000000,0.18091
1749265217,0.18131000,168867.00000000,0.18091
1749265217,0.18132000,43805.00000000,0.18091
1749265217,0.18133000,40761.00000000,0.18091
1749265217,0.18134000,152002.00000000,0.18091
1749265217,0.18135000,194153.00000000,0.18091
1749265217,0.18136000,101790.00000000,0.18091
1749265217,0.18137000,233802.00000000,0.18091
1749265217,0.18138000,122363.00000000,0.18091
1749265217,0.18139000,336194.00000000,0.18091
1749265217,0.18140000,14682.00000000,0.18091
1749265217,0.18141000,3202.00000000,0.18091
1749265217,0.18142000,83633.00000000,0.18091
1749265217,0.18143000,22432.00000000,0.18091
1749265217,0.18144000,12111.00000000,0.18091
1749265217,0.18145000,105737.00000000,0.18091
1749265217,0.18146000,101232.00000000,0.18091
1749265217,0.18147000,311368.00000000,0.18091
1749265217,0.18148000,16592.00000000,0.18091
1749265217,0.18149000,348385.00000000,0.18091
1749265217,0.18150000,72006.00000000,0.18091
1749265217,0.18151000,22022.00000000,0.18091
1749265217,0.18152000,14571.00000000,0.18091
1749265217,0.18153000,3150.00000000,0.18091
1749265217,0.18154000,649280.00000000,0.18091
1749265217,0.18155000,55720.00000000,0.18091
1749265217,0.18156000,27491.00000000,0.18091
1749265217,0.18157000,503.00000000,0.18091
1749265217,0.18158000,12083.00000000,0.18091
1749265217,0.18159000,671.00000000,0.18091
1749265217,0.18160000,12184.00000000,0.18091
1749265217,0.18161000,2449.00000000,0.18091
1749265217,0.18162000,71517.00000000,0.18091
1749265217,0.18163000,96.00000000,0.18091
1749265217,0.18164000,113457.00000000,0.18091
1749265217,0.18165000,57685.00000000,0.18091
1749265217,0.18166000,13282.00000000,0.18091
1749265217,0.18167000,343.00000000,0.18091
1749265217,0.18168000,11974.00000000,0.18091
1749265217,0.18169000,55483.00000000,0.18091
1749265217,0.18170000,1030911.00000000,0.18091
1749265217,0.18171000,2195.00000000,0.18091
1749265217,0.18172000,67169.00000000,0.18091
1749265217,0.18173000,16.00000000,0.18091
1749265217,0.18174000,122730.00000000,0.18091
1749265217,0.18175000,85.00000000,0.18091
1749265217,0.18176000,14874.00000000,0.18091
1749265217,0.18177000,126486.00000000,0.18091
1749265217,0.18178000,14891.00000000,0.18091
1749265217,0.18179000,11263.00000000,0.18091
1749265217,0.18180000,12141.00000000,0.18091
1749265217,0.18181000,1387032.00000000,0.18091
1749265217,0.18182000,67427.00000000,0.18091
1749265217,0.18183000,552575.00000000,0.18091
1749265217,0.18184000,30197.00000000,0.18091
1749265217,0.18185000,285.00000000,0.18091
1749265217,0.18186000,34.00000000,0.18091
1749265217,0.18187000,2023.00000000,0.18091
1749265217,0.18188000,12046.00000000,0.18091
1749265217,0.18189000,1474.00000000,0.18091
1749265217,0.18190000,23218.00000000,0.18091
1749265519,0.18119000,38322.00000000,0.1812
1749265519,0.18120000,45281.00000000,0.1812
1749265519,0.18121000,33439.00000000,0.1812
1749265519,0.18122000,110095.00000000,0.1812
1749265519,0.18123000,258722.00000000,0.1812
1749265519,0.18124000,169809.00000000,0.1812
1749265519,0.18125000,147465.00000000,0.1812
1749265519,0.18126000,103610.00000000,0.1812
1749265519,0.18127000,132880.00000000,0.1812
1749265519,0.18128000,151345.00000000,0.1812
1749265519,0.18129000,150777.00000000,0.1812
1749265519,0.18130000,140160.00000000,0.1812
1749265519,0.18131000,108807.00000000,0.1812
1749265519,0.18132000,96597.00000000,0.1812
1749265519,0.18133000,173131.00000000,0.1812
1749265519,0.18134000,45067.00000000,0.1812
1749265519,0.18135000,47347.00000000,0.1812
1749265519,0.18136000,99393.00000000,0.1812
1749265519,0.18137000,102682.00000000,0.1812
1749265519,0.18138000,162559.00000000,0.1812
1749265519,0.18139000,262835.00000000,0.1812
1749265519,0.18140000,124834.00000000,0.1812
1749265519,0.18141000,120304.00000000,0.1812
1749265519,0.18142000,89516.00000000,0.1812
1749265519,0.18143000,147235.00000000,0.1812
1749265519,0.18144000,206029.00000000,0.1812
1749265519,0.18145000,310983.00000000,0.1812
1749265519,0.18146000,207926.00000000,0.1812
1749265519,0.18147000,235391.00000000,0.1812
1749265519,0.18148000,276074.00000000,0.1812
1749265519,0.18149000,368468.00000000,0.1812
1749265519,0.18150000,140369.00000000,0.1812
1749265519,0.18151000,36626.00000000,0.1812
1749265519,0.18152000,126077.00000000,0.1812
1749265519,0.18153000,293350.00000000,0.1812
1749265519,0.18154000,152732.00000000,0.1812
1749265519,0.18155000,100468.00000000,0.1812
1749265519,0.18156000,74295.00000000,0.1812
1749265519,0.18157000,104560.00000000,0.1812
1749265519,0.18158000,191807.00000000,0.1812
1749265519,0.18159000,84634.00000000,0.1812
1749265519,0.18160000,122956.00000000,0.1812
1749265519,0.18161000,264025.00000000,0.1812
1749265519,0.18162000,44236.00000000,0.1812
1749265519,0.18163000,56580.00000000,0.1812
1749265519,0.18164000,352894.00000000,0.1812
1749265519,0.18165000,75308.00000000,0.1812
1749265519,0.18166000,18639.00000000,0.1812
1749265519,0.18167000,61006.00000000,0.1812
1749265519,0.18168000,54742.00000000,0.1812
1749265519,0.18169000,56641.00000000,0.1812
1749265519,0.18170000,44556.00000000,0.1812
1749265519,0.18171000,2774.00000000,0.1812
1749265519,0.18172000,67218.00000000,0.1812
1749265519,0.18173000,77.00000000,0.1812
1749265519,0.18174000,123119.00000000,0.1812
1749265519,0.18175000,72436.00000000,0.1812
1749265519,0.18176000,14770.00000000,0.1812
1749265519,0.18177000,71052.00000000,0.1812
1749265519,0.18178000,11927.00000000,0.1812
1749265519,0.18179000,3975.00000000,0.1812
1749265519,0.18180000,68229.00000000,0.1812
1749265519,0.18181000,383.00000000,0.1812
1749265519,0.18182000,67482.00000000,0.1812
1749265519,0.18183000,69860.00000000,0.1812
1749265519,0.18184000,28480.00000000,0.1812
1749265519,0.18185000,89041.00000000,0.1812
1749265519,0.18186000,332939.00000000,0.1812
1749265519,0.18187000,67.00000000,0.1812
1749265519,0.18188000,67254.00000000,0.1812
1749265519,0.18189000,54454.00000000,0.1812
1749265519,0.18190000,23267.00000000,0.1812
1749265519,0.18191000,124145.00000000,0.1812
1749265519,0.18192000,67491.00000000,0.1812
1749265519,0.18193000,55712.00000000,0.1812
1749265519,0.18194000,71290.00000000,0.1812
1749265519,0.18195000,14.00000000,0.1812
1749265519,0.18196000,12767.00000000,0.1812
1749265519,0.18197000,47.00000000,0.1812
1749265519,0.18198000,82366.00000000,0.1812
1749265519,0.18199000,293549.00000000,0.1812
1749265519,0.18200000,84852.00000000,0.1812
1749265519,0.18201000,55830.00000000,0.1812
1749265519,0.18202000,130399.00000000,0.1812
1749265519,0.18203000,463.00000000,0.1812
1749265519,0.18204000,11900.00000000,0.1812
1749265519,0.18205000,510300.00000000,0.1812
1749265519,0.18206000,1400507.00000000,0.1812
1749265519,0.18207000,221.00000000,0.1812
1749265519,0.18208000,13394.00000000,0.1812
1749265519,0.18209000,7557.00000000,0.1812
1749265519,0.18210000,13373.00000000,0.1812
1749265519,0.18211000,55728.00000000,0.1812
1749265519,0.18212000,83882.00000000,0.1812
1749265519,0.18213000,11099.00000000,0.1812
1749265519,0.18214000,1003803.00000000,0.1812
1749265519,0.18215000,37.00000000,0.1812
1749265519,0.18216000,94.00000000,0.1812
1749265519,0.18217000,202.00000000,0.1812
1749265519,0.18218000,211.00000000,0.1812
1749265821,0.18096000,23266.00000000,0.18096
1749265821,0.18097000,14902.00000000,0.18096
1749265821,0.18098000,15625.00000000,0.18096
1749265821,0.18099000,43996.00000000,0.18096
1749265821,0.18100000,153436.00000000,0.18096
1749265821,0.18101000,155578.00000000,0.18096
1749265821,0.18102000,291750.00000000,0.18096
1749265821,0.18103000,104866.00000000,0.18096
1749265821,0.18104000,111703.00000000,0.18096
1749265821,0.18105000,18536.00000000,0.18096
1749265821,0.18106000,38980.00000000,0.18096
1749265821,0.18107000,128188.00000000,0.18096
1749265821,0.18108000,152659.00000000,0.18096
1749265821,0.18109000,166520.00000000,0.18096
1749265821,0.18110000,71518.00000000,0.18096
1749265821,0.18111000,138181.00000000,0.18096
1749265821,0.18112000,277481.00000000,0.18096
1749265821,0.18113000,285358.00000000,0.18096
1749265821,0.18114000,105676.00000000,0.18096
1749265821,0.18115000,226656.00000000,0.18096
1749265821,0.18116000,194664.00000000,0.18096
1749265821,0.18117000,126974.00000000,0.18096
1749265821,0.18118000,165044.00000000,0.18096
1749265821,0.18119000,240680.00000000,0.18096
1749265821,0.18120000,160963.00000000,0.18096
1749265821,0.18121000,90693.00000000,0.18096
1749265821,0.18122000,91887.00000000,0.18096
1749265821,0.18123000,223553.00000000,0.18096
1749265821,0.18124000,207738.00000000,0.18096
1749265821,0.18125000,187810.00000000,0.18096
1749265821,0.18126000,175974.00000000,0.18096
1749265821,0.18127000,179069.00000000,0.18096
1749265821,0.18128000,295892.00000000,0.18096
1749265821,0.18129000,65968.00000000,0.18096
1749265821,0.18130000,179573.00000000,0.18096
1749265821,0.18131000,200157.00000000,0.18096
1749265821,0.18132000,118059.00000000,0.18096
1749265821,0.18133000,168711.00000000,0.18096
1749265821,0.18134000,89780.00000000,0.18096
1749265821,0.18135000,190997.00000000,0.18096
1749265821,0.18136000,34635.00000000,0.18096
1749265821,0.18137000,65145.00000000,0.18096
1749265821,0.18138000,101067.00000000,0.18096
1749265821,0.18139000,135047.00000000,0.18096
1749265821,0.18140000,41058.00000000,0.18096
1749265821,0.18141000,97940.00000000,0.18096
1749265821,0.18142000,231467.00000000,0.18096
1749265821,0.18143000,107939.00000000,0.18096
1749265821,0.18144000,65832.00000000,0.18096
1749265821,0.18145000,158095.00000000,0.18096
1749265821,0.18146000,264046.00000000,0.18096
1749265821,0.18147000,34781.00000000,0.18096
1749265821,0.18148000,27040.00000000,0.18096
1749265821,0.18149000,58402.00000000,0.18096
1749265821,0.18150000,20123.00000000,0.18096
1749265821,0.18151000,9477.00000000,0.18096
1749265821,0.18152000,12387.00000000,0.18096
1749265821,0.18153000,36368.00000000,0.18096
1749265821,0.18154000,111034.00000000,0.18096
1749265821,0.18155000,74914.00000000,0.18096
1749265821,0.18156000,27740.00000000,0.18096
1749265821,0.18157000,9522.00000000,0.18096
1749265821,0.18158000,12083.00000000,0.18096
1749265821,0.18159000,57423.00000000,0.18096
1749265821,0.18160000,74643.00000000,0.18096
1749265821,0.18161000,18978.00000000,0.18096
1749265821,0.18162000,857891.00000000,0.18096
1749265821,0.18163000,51243.00000000,0.18096
1749265821,0.18164000,132792.00000000,0.18096
1749265821,0.18165000,57686.00000000,0.18096
1749265821,0.18166000,18605.00000000,0.18096
1749265821,0.18167000,102241.00000000,0.18096
1749265821,0.18168000,12029.00000000,0.18096
1749265821,0.18169000,56641.00000000,0.18096
1749265821,0.18170000,51210.00000000,0.18096
1749265821,0.18171000,2713.00000000,0.18096
1749265821,0.18172000,67163.00000000,0.18096
1749265821,0.18173000,2040.00000000,0.18096
1749265821,0.18174000,123036.00000000,0.18096
1749265821,0.18175000,19270.00000000,0.18096
1749265821,0.18176000,16733.00000000,0.18096
1749265821,0.18177000,70997.00000000,0.18096
1749265821,0.18178000,71096.00000000,0.18096
1749265821,0.18179000,3913.00000000,0.18096
1749265821,0.18180000,67624.00000000,0.18096
1749265821,0.18181000,328.00000000,0.18096
1749265821,0.18182000,67434.00000000,0.18096
1749265821,0.18183000,1053457.00000000,0.18096
1749265821,0.18184000,28425.00000000,0.18096
1749265821,0.18185000,55768.00000000,0.18096
1749265821,0.18186000,11728.00000000,0.18096
1749265821,0.18187000,2030.00000000,0.18096
1749265821,0.18188000,67199.00000000,0.18096
1749265821,0.18189000,1474.00000000,0.18096
1749265821,0.18190000,25230.00000000,0.18096
1749265821,0.18191000,70979.00000000,0.18096
1749265821,0.18192000,129009.00000000,0.18096
1749265821,0.18193000,55657.00000000,0.18096
1749265821,0.18194000,22768.00000000,0.18096
1749265821,0.18195000,2032.00000000,0.18096
1749266122,0.18189000,17928.00000000,0.1819
1749266122,0.18190000,3478.00000000,0.1819
1749266122,0.18191000,22256.00000000,0.1819
1749266122,0.18192000,61355.00000000,0.1819
1749266122,0.18193000,78760.00000000,0.1819
1749266122,0.18194000,119899.00000000,0.1819
1749266122,0.18195000,212740.00000000,0.1819
1749266122,0.18196000,263765.00000000,0.1819
1749266122,0.18197000,123408.00000000,0.1819
1749266122,0.18198000,202342.00000000,0.1819
1749266122,0.18199000,96944.00000000,0.1819
1749266122,0.18200000,109007.00000000,0.1819
1749266122,0.18201000,27645.00000000,0.1819
1749266122,0.18202000,109931.00000000,0.1819
1749266122,0.18203000,197440.00000000,0.1819
1749266122,0.18204000,222100.00000000,0.1819
1749266122,0.18205000,86511.00000000,0.1819
1749266122,0.18206000,199934.00000000,0.1819
1749266122,0.18207000,221689.00000000,0.1819
1749266122,0.18208000,374210.00000000,0.1819
1749266122,0.18209000,186198.00000000,0.1819
1749266122,0.18210000,140363.00000000,0.1819
1749266122,0.18211000,123915.00000000,0.1819
1749266122,0.18212000,271742.00000000,0.1819
1749266122,0.18213000,195775.00000000,0.1819
1749266122,0.18214000,190097.00000000,0.1819
1749266122,0.18215000,171272.00000000,0.1819
1749266122,0.18216000,382419.00000000,0.1819
1749266122,0.18217000,161041.00000000,0.1819
1749266122,0.18218000,146435.00000000,0.1819
1749266122,0.18219000,158169.00000000,0.1819
1749266122,0.18220000,224317.00000000,0.1819
1749266122,0.18221000,173796.00000000,0.1819
1749266122,0.18222000,131894.00000000,0.1819
1749266122,0.18223000,193426.00000000,0.1819
1749266122,0.18224000,323207.00000000,0.1819
1749266122,0.18225000,24958.00000000,0.1819
1749266122,0.18226000,80769.00000000,0.1819
1749266122,0.18227000,175302.00000000,0.1819
1749266122,0.18228000,90328.00000000,0.1819
1749266122,0.18229000,134580.00000000,0.1819
1749266122,0.18230000,281344.00000000,0.1819
1749266122,0.18231000,10609.00000000,0.1819
1749266122,0.18232000,22274.00000000,0.1819
1749266122,0.18233000,83.00000000,0.1819
1749266122,0.18234000,35879.00000000,0.1819
1749266122,0.18235000,39857.00000000,0.1819
1749266122,0.18236000,13138.00000000,0.1819
1749266122,0.18237000,70836.00000000,0.1819
1749266122,0.18238000,67159.00000000,0.1819
1749266122,0.18239000,66082.00000000,0.1819
1749266122,0.18240000,62332.00000000,0.1819
1749266122,0.18241000,145136.00000000,0.1819
1749266122,0.18242000,11851.00000000,0.1819
1749266122,0.18243000,254822.00000000,0.1819
1749266122,0.18244000,11875.00000000,0.1819
1749266122,0.18245000,2409.00000000,0.1819
1749266122,0.18246000,67469.00000000,0.1819
1749266122,0.18247000,111490.00000000,0.1819
1749266122,0.18248000,345535.00000000,0.1819
1749266122,0.18249000,33615.00000000,0.1819
1749266122,0.18250000,344645.00000000,0.1819
1749266122,0.18251000,585805.00000000,0.1819
1749266122,0.18252000,1074469.00000000,0.1819
1749266122,0.18253000,2834.00000000,0.1819
1749266122,0.18254000,11879.00000000,0.1819
1749266122,0.18255000,350.00000000,0.1819
1749266122,0.18256000,15530.00000000,0.1819
1749266122,0.18257000,127664.00000000,0.1819
1749266122,0.18258000,1388678.00000000,0.1819
1749266122,0.18259000,67074.00000000,0.1819
1749266122,0.18260000,13891.00000000,0.1819
1749266122,0.18261000,225.00000000,0.1819
1749266122,0.18262000,74614.00000000,0.1819
1749266122,0.18263000,757.00000000,0.1819
1749266122,0.18264000,11857.00000000,0.1819
1749266122,0.18265000,71082.00000000,0.1819
1749266122,0.18266000,385.00000000,0.1819
1749266122,0.18267000,109523.00000000,0.1819
1749266122,0.18268000,55598.00000000,0.1819
1749266122,0.18269000,24.00000000,0.1819
1749266122,0.18270000,948.00000000,0.1819
1749266122,0.18271000,55408.00000000,0.1819
1749266122,0.18272000,1735729.00000000,0.1819
1749266122,0.18273000,10.00000000,0.1819
1749266122,0.18274000,671.00000000,0.1819
1749266122,0.18275000,55635.00000000,0.1819
1749266122,0.18276000,195.00000000,0.1819
1749266122,0.18277000,1218.00000000,0.1819
1749266122,0.18278000,47551.00000000,0.1819
1749266122,0.18279000,26182.00000000,0.1819
1749266122,0.18280000,2168.00000000,0.1819
1749266122,0.18281000,56872.00000000,0.1819
1749266122,0.18282000,432.00000000,0.1819
1749266122,0.18283000,46.00000000,0.1819
1749266122,0.18284000,69.00000000,0.1819
1749266122,0.18285000,491.00000000,0.1819
1749266122,0.18286000,118.00000000,0.1819
1749266122,0.18287000,3904.00000000,0.1819
1749266122,0.18288000,415.00000000,0.1819
1749266424,0.18162000,22232.00000000,0.18161
1749266424,0.18163000,11371.00000000,0.18161
1749266424,0.18164000,87859.00000000,0.18161
1749266424,0.18165000,227283.00000000,0.18161
1749266424,0.18166000,314555.00000000,0.18161
1749266424,0.18167000,133450.00000000,0.18161
1749266424,0.18168000,39914.00000000,0.18161
1749266424,0.18169000,46516.00000000,0.18161
1749266424,0.18170000,126774.00000000,0.18161
1749266424,0.18171000,147062.00000000,0.18161
1749266424,0.18172000,149340.00000000,0.18161
1749266424,0.18173000,118258.00000000,0.18161
1749266424,0.18174000,146772.00000000,0.18161
1749266424,0.18175000,212053.00000000,0.18161
1749266424,0.18176000,35728.00000000,0.18161
1749266424,0.18177000,98793.00000000,0.18161
1749266424,0.18178000,178642.00000000,0.18161
1749266424,0.18179000,145628.00000000,0.18161
1749266424,0.18180000,104164.00000000,0.18161
1749266424,0.18181000,143537.00000000,0.18161
1749266424,0.18182000,298666.00000000,0.18161
1749266424,0.18183000,139798.00000000,0.18161
1749266424,0.18184000,155804.00000000,0.18161
1749266424,0.18185000,121739.00000000,0.18161
1749266424,0.18186000,151013.00000000,0.18161
1749266424,0.18187000,111686.00000000,0.18161
1749266424,0.18188000,126845.00000000,0.18161
1749266424,0.18189000,180326.00000000,0.18161
1749266424,0.18190000,217447.00000000,0.18161
1749266424,0.18191000,191878.00000000,0.18161
1749266424,0.18192000,228214.00000000,0.18161
1749266424,0.18193000,222154.00000000,0.18161
1749266424,0.18194000,174762.00000000,0.18161
1749266424,0.18195000,212168.00000000,0.18161
1749266424,0.18196000,328261.00000000,0.18161
1749266424,0.18197000,199231.00000000,0.18161
1749266424,0.18198000,29343.00000000,0.18161
1749266424,0.18199000,64019.00000000,0.18161
1749266424,0.18200000,137846.00000000,0.18161
1749266424,0.18201000,73094.00000000,0.18161
1749266424,0.18202000,193740.00000000,0.18161
1749266424,0.18203000,243786.00000000,0.18161
1749266424,0.18204000,153880.00000000,0.18161
1749266424,0.18205000,46036.00000000,0.18161
1749266424,0.18206000,30276.00000000,0.18161
1749266424,0.18207000,10982.00000000,0.18161
1749266424,0.18208000,42985.00000000,0.18161
1749266424,0.18209000,110906.00000000,0.18161
1749266424,0.18210000,41913.00000000,0.18161
1749266424,0.18211000,263759.00000000,0.18161
1749266424,0.18212000,18714.00000000,0.18161
1749266424,0.18213000,55537.00000000,0.18161
1749266424,0.18214000,82598.00000000,0.18161
1749266424,0.18215000,57817.00000000,0.18161
1749266424,0.18216000,87466.00000000,0.18161
1749266424,0.18217000,34604.00000000,0.18161
1749266424,0.18218000,67271.00000000,0.18161
1749266424,0.18219000,6102.00000000,0.18161
1749266424,0.18220000,67197.00000000,0.18161
1749266424,0.18221000,50322.00000000,0.18161
1749266424,0.18222000,11872.00000000,0.18161
1749266424,0.18223000,81794.00000000,0.18161
1749266424,0.18224000,45051.00000000,0.18161
1749266424,0.18225000,56652.00000000,0.18161
1749266424,0.18226000,69401.00000000,0.18161
1749266424,0.18227000,8355.00000000,0.18161
1749266424,0.18228000,12223.00000000,0.18161
1749266424,0.18229000,94863.00000000,0.18161
1749266424,0.18230000,118864.00000000,0.18161
1749266424,0.18231000,517432.00000000,0.18161
1749266424,0.18232000,210302.00000000,0.18161
1749266424,0.18233000,67576.00000000,0.18161
1749266424,0.18234000,67139.00000000,0.18161
1749266424,0.18235000,21670.00000000,0.18161
1749266424,0.18236000,68705.00000000,0.18161
1749266424,0.18237000,84552.00000000,0.18161
1749266424,0.18238000,102038.00000000,0.18161
1749266424,0.18239000,390234.00000000,0.18161
1749266424,0.18240000,93115.00000000,0.18161
1749266424,0.18241000,56874.00000000,0.18161
1749266424,0.18242000,28265.00000000,0.18161
1749266424,0.18243000,76536.00000000,0.18161
1749266424,0.18244000,27039.00000000,0.18161
1749266424,0.18245000,1005805.00000000,0.18161
1749266424,0.18246000,126681.00000000,0.18161
1749266424,0.18247000,111435.00000000,0.18161
1749266424,0.18248000,15249.00000000,0.18161
1749266424,0.18249000,2911.00000000,0.18161
1749266424,0.18250000,157904.00000000,0.18161
1749266424,0.18251000,82206.00000000,0.18161
1749266424,0.18252000,366467.00000000,0.18161
1749266424,0.18253000,2774.00000000,0.18161
1749266424,0.18254000,14548.00000000,0.18161
1749266424,0.18255000,2310.00000000,0.18161
1749266424,0.18256000,11983.00000000,0.18161
1749266424,0.18257000,55442.00000000,0.18161
1749266424,0.18258000,13886.00000000,0.18161
1749266424,0.18259000,46675.00000000,0.18161
1749266424,0.18260000,13844.00000000,0.18161
1749266424,0.18261000,3196.00000000,0.18161
1749266725,0.18191000,83984.00000000,0.18192
1749266725,0.18192000,75749.00000000,0.18192
1749266725,0.18193000,97240.00000000,0.18192
1749266725,0.18194000,165877.00000000,0.18192
1749266725,0.18195000,124873.00000000,0.18192
1749266725,0.18196000,207293.00000000,0.18192
1749266725,0.18197000,111346.00000000,0.18192
1749266725,0.18198000,128231.00000000,0.18192
1749266725,0.18199000,174086.00000000,0.18192
1749266725,0.18200000,265562.00000000,0.18192
1749266725,0.18201000,232142.00000000,0.18192
1749266725,0.18202000,109160.00000000,0.18192
1749266725,0.18203000,25752.00000000,0.18192
1749266725,0.18204000,43666.00000000,0.18192
1749266725,0.18205000,115924.00000000,0.18192
1749266725,0.18206000,57553.00000000,0.18192
1749266725,0.18207000,32748.00000000,0.18192
1749266725,0.18208000,42710.00000000,0.18192
1749266725,0.18209000,142270.00000000,0.18192
1749266725,0.18210000,171977.00000000,0.18192
1749266725,0.18211000,156505.00000000,0.18192
1749266725,0.18212000,129753.00000000,0.18192
1749266725,0.18213000,192689.00000000,0.18192
1749266725,0.18214000,156940.00000000,0.18192
1749266725,0.18215000,294820.00000000,0.18192
1749266725,0.18216000,258580.00000000,0.18192
1749266725,0.18217000,305444.00000000,0.18192
1749266725,0.18218000,200989.00000000,0.18192
1749266725,0.18219000,91330.00000000,0.18192
1749266725,0.18220000,171276.00000000,0.18192
1749266725,0.18221000,116522.00000000,0.18192
1749266725,0.18222000,244701.00000000,0.18192
1749266725,0.18223000,275909.00000000,0.18192
1749266725,0.18224000,176986.00000000,0.18192
1749266725,0.18225000,32799.00000000,0.18192
1749266725,0.18226000,18527.00000000,0.18192
1749266725,0.18227000,27279.00000000,0.18192
1749266725,0.18228000,46361.00000000,0.18192
1749266725,0.18229000,147375.00000000,0.18192
1749266725,0.18230000,175838.00000000,0.18192
1749266725,0.18231000,139841.00000000,0.18192
1749266725,0.18232000,73064.00000000,0.18192
1749266725,0.18233000,151649.00000000,0.18192
1749266725,0.18234000,60701.00000000,0.18192
1749266725,0.18235000,133969.00000000,0.18192
1749266725,0.18236000,22951.00000000,0.18192
1749266725,0.18237000,53549.00000000,0.18192
1749266725,0.18238000,343752.00000000,0.18192
1749266725,0.18239000,55738.00000000,0.18192
1749266725,0.18240000,146876.00000000,0.18192
1749266725,0.18241000,2732.00000000,0.18192
1749266725,0.18242000,241335.00000000,0.18192
1749266725,0.18243000,98123.00000000,0.18192
1749266725,0.18244000,113116.00000000,0.18192
1749266725,0.18245000,6670.00000000,0.18192
1749266725,0.18246000,50725.00000000,0.18192
1749266725,0.18247000,73169.00000000,0.18192
1749266725,0.18248000,12673.00000000,0.18192
1749266725,0.18249000,120484.00000000,0.18192
1749266725,0.18250000,227268.00000000,0.18192
1749266725,0.18251000,104222.00000000,0.18192
1749266725,0.18252000,292960.00000000,0.18192
1749266725,0.18253000,19286.00000000,0.18192
1749266725,0.18254000,14409.00000000,0.18192
1749266725,0.18255000,55839.00000000,0.18192
1749266725,0.18256000,28498.00000000,0.18192
1749266725,0.18257000,72078.00000000,0.18192
1749266725,0.18258000,13940.00000000,0.18192
1749266725,0.18259000,50010.00000000,0.18192
1749266725,0.18260000,380513.00000000,0.18192
1749266725,0.18261000,225.00000000,0.18192
1749266725,0.18262000,12938.00000000,0.18192
1749266725,0.18263000,56120.00000000,0.18192
1749266725,0.18264000,22356.00000000,0.18192
1749266725,0.18265000,129218.00000000,0.18192
1749266725,0.18266000,14882.00000000,0.18192
1749266725,0.18267000,57002.00000000,0.18192
1749266725,0.18268000,11815.00000000,0.18192
1749266725,0.18269000,24.00000000,0.18192
1749266725,0.18270000,12648.00000000,0.18192
1749266725,0.18271000,118762.00000000,0.18192
1749266725,0.18272000,31917.00000000,0.18192
1749266725,0.18273000,10.00000000,0.18192
1749266725,0.18274000,12371.00000000,0.18192
1749266725,0.18275000,55748.00000000,0.18192
1749266725,0.18276000,11888.00000000,0.18192
1749266725,0.18277000,839.00000000,0.18192
1749266725,0.18278000,173396.00000000,0.18192
1749266725,0.18279000,532870.00000000,0.18192
1749266725,0.18280000,36786.00000000,0.18192
1749266725,0.18281000,56922.00000000,0.18192
1749266725,0.18282000,67622.00000000,0.18192
1749266725,0.18283000,46.00000000,0.18192
1749266725,0.18284000,11775.00000000,0.18192
1749266725,0.18285000,11429.00000000,0.18192
1749266725,0.18286000,11825.00000000,0.18192
1749266725,0.18287000,55560.00000000,0.18192
1749266725,0.18288000,87491.00000000,0.18192
1749266725,0.18289000,1008815.00000000,0.18192
1749266725,0.18290000,12436.00000000,0.18192
1749267027,0.18162000,115318.00000000,0.18161
1749267027,0.18163000,21530.00000000,0.18161
1749267027,0.18164000,35854.00000000,0.18161
1749267027,0.18165000,112001.00000000,0.18161
1749267027,0.18166000,322359.00000000,0.18161
1749267027,0.18167000,303748.00000000,0.18161
1749267027,0.18168000,152830.00000000,0.18161
1749267027,0.18169000,79603.00000000,0.18161
1749267027,0.18170000,59326.00000000,0.18161
1749267027,0.18171000,115700.00000000,0.18161
1749267027,0.18172000,63252.00000000,0.18161
1749267027,0.18173000,96532.00000000,0.18161
1749267027,0.18174000,77921.00000000,0.18161
1749267027,0.18175000,43403.00000000,0.18161
1749267027,0.18176000,54340.00000000,0.18161
1749267027,0.18177000,187802.00000000,0.18161
1749267027,0.18178000,210049.00000000,0.18161
1749267027,0.18179000,116946.00000000,0.18161
1749267027,0.18180000,277009.00000000,0.18161
1749267027,0.18181000,189317.00000000,0.18161
1749267027,0.18182000,218683.00000000,0.18161
1749267027,0.18183000,253445.00000000,0.18161
1749267027,0.18184000,208877.00000000,0.18161
1749267027,0.18185000,264013.00000000,0.18161
1749267027,0.18186000,251450.00000000,0.18161
1749267027,0.18187000,125035.00000000,0.18161
1749267027,0.18188000,57801.00000000,0.18161
1749267027,0.18189000,50250.00000000,0.18161
1749267027,0.18190000,163594.00000000,0.18161
1749267027,0.18191000,216503.00000000,0.18161
1749267027,0.18192000,105413.00000000,0.18161
1749267027,0.18193000,170840.00000000,0.18161
1749267027,0.18194000,126685.00000000,0.18161
1749267027,0.18195000,72472.00000000,0.18161
1749267027,0.18196000,121764.00000000,0.18161
1749267027,0.18197000,122357.00000000,0.18161
1749267027,0.18198000,238017.00000000,0.18161
1749267027,0.18199000,197866.00000000,0.18161
1749267027,0.18200000,218627.00000000,0.18161
1749267027,0.18201000,35646.00000000,0.18161
1749267027,0.18202000,199726.00000000,0.18161
1749267027,0.18203000,205063.00000000,0.18161
1749267027,0.18204000,46436.00000000,0.18161
1749267027,0.18205000,128826.00000000,0.18161
1749267027,0.18206000,13417.00000000,0.18161
1749267027,0.18207000,283024.00000000,0.18161
1749267027,0.18208000,6676.00000000,0.18161
1749267027,0.18209000,89100.00000000,0.18161
1749267027,0.18210000,136752.00000000,0.18161
1749267027,0.18211000,49733.00000000,0.18161
1749267027,0.18212000,33857.00000000,0.18161
1749267027,0.18213000,39288.00000000,0.18161
1749267027,0.18214000,29154.00000000,0.18161
1749267027,0.18215000,67205.00000000,0.18161
1749267027,0.18216000,76834.00000000,0.18161
1749267027,0.18217000,33435.00000000,0.18161
1749267027,0.18218000,67276.00000000,0.18161
1749267027,0.18219000,5732.00000000,0.18161
1749267027,0.18220000,116547.00000000,0.18161
1749267027,0.18221000,50176.00000000,0.18161
1749267027,0.18222000,15082.00000000,0.18161
1749267027,0.18223000,116829.00000000,0.18161
1749267027,0.18224000,55469.00000000,0.18161
1749267027,0.18225000,19764.00000000,0.18161
1749267027,0.18226000,2063.00000000,0.18161
1749267027,0.18227000,14527.00000000,0.18161
1749267027,0.18228000,974.00000000,0.18161
1749267027,0.18229000,81064.00000000,0.18161
1749267027,0.18230000,131864.00000000,0.18161
1749267027,0.18231000,44972.00000000,0.18161
1749267027,0.18232000,185.00000000,0.18161
