timestamp,price,volume,current_price
1749258250,0.18104000,46026.00000000,0.18101
1749258250,0.18105000,13120.00000000,0.18101
1749258250,0.18106000,15817.00000000,0.18101
1749258250,0.18107000,95.00000000,0.18101
1749258250,0.18108000,12846.00000000,0.18101
1749258250,0.18109000,31236.00000000,0.18101
1749258250,0.18110000,81992.00000000,0.18101
1749258250,0.18111000,132977.00000000,0.18101
1749258250,0.18112000,170175.00000000,0.18101
1749258250,0.18113000,73357.00000000,0.18101
1749258250,0.18114000,89390.00000000,0.18101
1749258250,0.18115000,108545.00000000,0.18101
1749258250,0.18116000,96840.00000000,0.18101
1749258250,0.18117000,88883.00000000,0.18101
1749258250,0.18118000,195415.00000000,0.18101
1749258250,0.18119000,185581.00000000,0.18101
1749258250,0.18120000,120618.00000000,0.18101
1749258250,0.18121000,173152.00000000,0.18101
1749258250,0.18122000,179774.00000000,0.18101
1749258250,0.18123000,215763.00000000,0.18101
1749258250,0.18124000,138893.00000000,0.18101
1749258250,0.18125000,139193.00000000,0.18101
1749258250,0.18126000,75040.00000000,0.18101
1749258250,0.18127000,122013.00000000,0.18101
1749258250,0.18128000,175972.00000000,0.18101
1749258250,0.18129000,72906.00000000,0.18101
1749258250,0.18130000,70054.00000000,0.18101
1749258250,0.18131000,138307.00000000,0.18101
1749258250,0.18132000,352023.00000000,0.18101
1749258250,0.18133000,107354.00000000,0.18101
1749258250,0.18134000,183460.00000000,0.18101
1749258250,0.18135000,24739.00000000,0.18101
1749258250,0.18136000,86197.00000000,0.18101
1749258250,0.18137000,53727.00000000,0.18101
1749258250,0.18138000,217667.00000000,0.18101
1749258250,0.18139000,76770.00000000,0.18101
1749258250,0.18140000,86650.00000000,0.18101
1749258250,0.18141000,81230.00000000,0.18101
1749258250,0.18142000,112450.00000000,0.18101
1749258250,0.18143000,54167.00000000,0.18101
1749258250,0.18144000,75891.00000000,0.18101
1749258250,0.18145000,64927.00000000,0.18101
1749258250,0.18146000,173435.00000000,0.18101
1749258250,0.18147000,66985.00000000,0.18101
1749258250,0.18148000,115.00000000,0.18101
1749258250,0.18149000,12004.00000000,0.18101
1749258250,0.18150000,187536.00000000,0.18101
1749258250,0.18151000,67288.00000000,0.18101
1749258250,0.18152000,59344.00000000,0.18101
1749258250,0.18153000,17622.00000000,0.18101
1749258250,0.18154000,17435.00000000,0.18101
1749258250,0.18155000,101500.00000000,0.18101
1749258250,0.18156000,527.00000000,0.18101
1749258250,0.18157000,67491.00000000,0.18101
1749258250,0.18158000,1121.00000000,0.18101
1749258250,0.18159000,14203.00000000,0.18101
1749258250,0.18160000,58199.00000000,0.18101
1749258250,0.18161000,12197.00000000,0.18101
1749258250,0.18162000,213.00000000,0.18101
1749258250,0.18163000,13798.00000000,0.18101
1749258250,0.18164000,46968.00000000,0.18101
1749258250,0.18165000,11892.00000000,0.18101
1749258250,0.18166000,1588.00000000,0.18101
1749258250,0.18167000,11848.00000000,0.18101
1749258250,0.18168000,419675.00000000,0.18101
1749258250,0.18169000,13777.00000000,0.18101
1749258250,0.18170000,55463.00000000,0.18101
1749258250,0.18171000,67377.00000000,0.18101
1749258250,0.18172000,243.00000000,0.18101
1749258250,0.18173000,1183.00000000,0.18101
1749258250,0.18174000,2353.00000000,0.18101
1749258250,0.18175000,122745.00000000,0.18101
1749258250,0.18176000,315.00000000,0.18101
1749258250,0.18177000,76673.00000000,0.18101
1749258250,0.18178000,2242.00000000,0.18101
1749258250,0.18179000,126254.00000000,0.18101
1749258250,0.18180000,497357.00000000,0.18101
1749258250,0.18181000,11923.00000000,0.18101
1749258250,0.18182000,3497.00000000,0.18101
1749258250,0.18183000,60144.00000000,0.18101
1749258250,0.18184000,1267.00000000,0.18101
1749258250,0.18185000,64170.00000000,0.18101
1749258250,0.18186000,34.00000000,0.18101
1749258250,0.18187000,6.00000000,0.18101
1749258250,0.18188000,2157.00000000,0.18101
1749258250,0.18189000,1481.00000000,0.18101
1749258250,0.18190000,125602.00000000,0.18101
1749258250,0.18191000,1383.00000000,0.18101
1749258250,0.18192000,379.00000000,0.18101
1749258250,0.18193000,78436.00000000,0.18101
1749258250,0.18194000,213.00000000,0.18101
1749258250,0.18195000,20.00000000,0.18101
1749258250,0.18196000,1067.00000000,0.18101
1749258250,0.18197000,8.00000000,0.18101
1749258250,0.18198000,22.00000000,0.18101
1749258250,0.18199000,2572.00000000,0.18101
1749258250,0.18200000,75828.00000000,0.18101
1749258250,0.18201000,4131.00000000,0.18101
1749258250,0.18202000,49409.00000000,0.18101
1749258250,0.18203000,463.00000000,0.18101
1749258557,0.18022000,29426.00000000,0.18014
1749258557,0.18023000,28853.00000000,0.18014
1749258557,0.18024000,83783.00000000,0.18014
1749258557,0.18025000,30284.00000000,0.18014
1749258557,0.18026000,43926.00000000,0.18014
1749258557,0.18027000,56203.00000000,0.18014
1749258557,0.18028000,163058.00000000,0.18014
1749258557,0.18029000,71423.00000000,0.18014
1749258557,0.18030000,136202.00000000,0.18014
1749258557,0.18031000,114766.00000000,0.18014
1749258557,0.18032000,194243.00000000,0.18014
1749258557,0.18033000,201180.00000000,0.18014
1749258557,0.18034000,107803.00000000,0.18014
1749258557,0.18035000,48605.00000000,0.18014
1749258557,0.18036000,118567.00000000,0.18014
1749258557,0.18037000,92808.00000000,0.18014
1749258557,0.18038000,106920.00000000,0.18014
1749258557,0.18039000,207944.00000000,0.18014
1749258557,0.18040000,107873.00000000,0.18014
1749258557,0.18041000,141387.00000000,0.18014
1749258557,0.18042000,120978.00000000,0.18014
1749258557,0.18043000,65354.00000000,0.18014
1749258557,0.18044000,196997.00000000,0.18014
1749258557,0.18045000,103267.00000000,0.18014
1749258557,0.18046000,114107.00000000,0.18014
1749258557,0.18047000,86665.00000000,0.18014
1749258557,0.18048000,293152.00000000,0.18014
1749258557,0.18049000,266523.00000000,0.18014
1749258557,0.18050000,142918.00000000,0.18014
1749258557,0.18051000,118766.00000000,0.18014
1749258557,0.18052000,73678.00000000,0.18014
1749258557,0.18053000,172353.00000000,0.18014
1749258557,0.18054000,183792.00000000,0.18014
1749258557,0.18055000,212404.00000000,0.18014
1749258557,0.18056000,89771.00000000,0.18014
1749258557,0.18057000,112237.00000000,0.18014
1749258557,0.18058000,12240.00000000,0.18014
1749258557,0.18059000,85490.00000000,0.18014
1749258557,0.18060000,146118.00000000,0.18014
1749258557,0.18061000,91003.00000000,0.18014
1749258557,0.18062000,84025.00000000,0.18014
1749258557,0.18063000,60959.00000000,0.18014
1749258557,0.18064000,17513.00000000,0.18014
1749258557,0.18065000,49981.00000000,0.18014
1749258557,0.18066000,216040.00000000,0.18014
1749258557,0.18067000,107576.00000000,0.18014
1749258557,0.18068000,316773.00000000,0.18014
1749258557,0.18069000,67866.00000000,0.18014
1749258557,0.18070000,81620.00000000,0.18014
1749258557,0.18071000,86795.00000000,0.18014
1749258557,0.18072000,61010.00000000,0.18014
1749258557,0.18073000,1172.00000000,0.18014
1749258557,0.18074000,86732.00000000,0.18014
1749258557,0.18075000,57569.00000000,0.18014
1749258557,0.18076000,100419.00000000,0.18014
1749258557,0.18077000,15286.00000000,0.18014
1749258557,0.18078000,97.00000000,0.18014
1749258557,0.18079000,5581.00000000,0.18014
1749258557,0.18080000,56170.00000000,0.18014
1749258557,0.18081000,111016.00000000,0.18014
1749258557,0.18082000,33318.00000000,0.18014
1749258557,0.18083000,55.00000000,0.18014
1749258557,0.18084000,17339.00000000,0.18014
1749258557,0.18085000,55.00000000,0.18014
1749258557,0.18086000,55418.00000000,0.18014
1749258557,0.18087000,72764.00000000,0.18014
1749258557,0.18088000,48716.00000000,0.18014
1749258557,0.18089000,35298.00000000,0.18014
1749258557,0.18090000,14150.00000000,0.18014
1749258557,0.18091000,70167.00000000,0.18014
1749258557,0.18092000,55659.00000000,0.18014
1749258557,0.18093000,25743.00000000,0.18014
1749258557,0.18094000,70772.00000000,0.18014
1749258557,0.18095000,11755.00000000,0.18014
1749258557,0.18096000,115207.00000000,0.18014
1749258557,0.18097000,518471.00000000,0.18014
1749258557,0.18098000,7557.00000000,0.18014
1749258557,0.18099000,67192.00000000,0.18014
1749258557,0.18100000,57480.00000000,0.18014
1749258557,0.18101000,26925.00000000,0.18014
1749258557,0.18102000,55582.00000000,0.18014
1749258557,0.18103000,11709.00000000,0.18014
1749258557,0.18104000,55511.00000000,0.18014
1749258557,0.18105000,60180.00000000,0.18014
1749258557,0.18106000,16681.00000000,0.18014
1749258557,0.18107000,48713.00000000,0.18014
1749258557,0.18108000,26969.00000000,0.18014
1749258557,0.18109000,351389.00000000,0.18014
1749258557,0.18110000,78711.00000000,0.18014
1749258557,0.18111000,55620.00000000,0.18014
1749258557,0.18112000,70089.00000000,0.18014
1749258557,0.18113000,3117.00000000,0.18014
1749258557,0.18114000,13828.00000000,0.18014
1749258557,0.18115000,72613.00000000,0.18014
1749258557,0.18116000,23681.00000000,0.18014
1749258557,0.18117000,30.00000000,0.18014
1749258557,0.18118000,69714.00000000,0.18014
1749258557,0.18119000,56122.00000000,0.18014
1749258557,0.18120000,1673.00000000,0.18014
1749258557,0.18121000,13758.00000000,0.18014
1749258873,0.18048000,73.00000000,0.1805
1749258873,0.18049000,120.00000000,0.1805
1749258873,0.18050000,92798.00000000,0.1805
1749258873,0.18051000,14363.00000000,0.1805
1749258873,0.18052000,62308.00000000,0.1805
1749258873,0.18053000,73585.00000000,0.1805
1749258873,0.18054000,199423.00000000,0.1805
1749258873,0.18055000,144885.00000000,0.1805
1749258873,0.18056000,103600.00000000,0.1805
1749258873,0.18057000,140070.00000000,0.1805
1749258873,0.18058000,167971.00000000,0.1805
1749258873,0.18059000,179115.00000000,0.1805
1749258873,0.18060000,125947.00000000,0.1805
1749258873,0.18061000,100867.00000000,0.1805
1749258873,0.18062000,123428.00000000,0.1805
1749258873,0.18063000,308669.00000000,0.1805
1749258873,0.18064000,206797.00000000,0.1805
1749258873,0.18065000,127817.00000000,0.1805
1749258873,0.18066000,89288.00000000,0.1805
1749258873,0.18067000,149352.00000000,0.1805
1749258873,0.18068000,300198.00000000,0.1805
1749258873,0.18069000,91153.00000000,0.1805
1749258873,0.18070000,113741.00000000,0.1805
1749258873,0.18071000,91545.00000000,0.1805
1749258873,0.18072000,123295.00000000,0.1805
1749258873,0.18073000,91666.00000000,0.1805
1749258873,0.18074000,353970.00000000,0.1805
1749258873,0.18075000,229570.00000000,0.1805
1749258873,0.18076000,253793.00000000,0.1805
1749258873,0.18077000,111577.00000000,0.1805
1749258873,0.18078000,173930.00000000,0.1805
1749258873,0.18079000,237402.00000000,0.1805
1749258873,0.18080000,199844.00000000,0.1805
1749258873,0.18081000,183434.00000000,0.1805
1749258873,0.18082000,106484.00000000,0.1805
1749258873,0.18083000,295008.00000000,0.1805
1749258873,0.18084000,202051.00000000,0.1805
1749258873,0.18085000,49123.00000000,0.1805
1749258873,0.18086000,58155.00000000,0.1805
1749258873,0.18087000,107163.00000000,0.1805
1749258873,0.18088000,109978.00000000,0.1805
1749258873,0.18089000,82733.00000000,0.1805
1749258873,0.18090000,12712.00000000,0.1805
1749258873,0.18091000,58192.00000000,0.1805
1749258873,0.18092000,80324.00000000,0.1805
1749258873,0.18093000,297440.00000000,0.1805
1749258873,0.18094000,73844.00000000,0.1805
1749258873,0.18095000,34432.00000000,0.1805
1749258873,0.18096000,79740.00000000,0.1805
1749258873,0.18097000,32828.00000000,0.1805
1749258873,0.18098000,33285.00000000,0.1805
1749258873,0.18099000,67247.00000000,0.1805
1749258873,0.18100000,62718.00000000,0.1805
1749258873,0.18101000,26980.00000000,0.1805
1749258873,0.18102000,55638.00000000,0.1805
1749258873,0.18103000,451079.00000000,0.1805
1749258873,0.18104000,55566.00000000,0.1805
1749258873,0.18105000,55726.00000000,0.1805
1749258873,0.18106000,15689.00000000,0.1805
1749258873,0.18107000,48820.00000000,0.1805
1749258873,0.18108000,11799.00000000,0.1805
1749258873,0.18109000,33279.00000000,0.1805
1749258873,0.18110000,67125.00000000,0.1805
1749258873,0.18111000,67608.00000000,0.1805
1749258873,0.18112000,67383.00000000,0.1805
1749258873,0.18113000,9844.00000000,0.1805
1749258873,0.18114000,11919.00000000,0.1805
1749258873,0.18115000,159344.00000000,0.1805
1749258873,0.18116000,1012566.00000000,0.1805
1749258873,0.18117000,994.00000000,0.1805
1749258873,0.18118000,145.00000000,0.1805
1749258873,0.18119000,63905.00000000,0.1805
1749258873,0.18120000,13456.00000000,0.1805
1749258873,0.18121000,88.00000000,0.1805
1749258873,0.18122000,155.00000000,0.1805
1749258873,0.18123000,56356.00000000,0.1805
1749258873,0.18124000,67100.00000000,0.1805
1749258873,0.18125000,58940.00000000,0.1805
1749258873,0.18126000,59374.00000000,0.1805
1749258873,0.18127000,498376.00000000,0.1805
1749258873,0.18128000,67389.00000000,0.1805
1749258873,0.18129000,15434.00000000,0.1805
1749258873,0.18130000,1391413.00000000,0.1805
1749258873,0.18131000,3242.00000000,0.1805
1749258873,0.18132000,67202.00000000,0.1805
1749258873,0.18133000,67781.00000000,0.1805
1749258873,0.18134000,11731.00000000,0.1805
1749258873,0.18135000,124.00000000,0.1805
1749258873,0.18136000,656.00000000,0.1805
1749258873,0.18137000,111.00000000,0.1805
1749258873,0.18138000,68461.00000000,0.1805
1749258873,0.18139000,73.00000000,0.1805
1749258873,0.18140000,429.00000000,0.1805
1749258873,0.18141000,58.00000000,0.1805
1749258873,0.18142000,67154.00000000,0.1805
1749258873,0.18143000,16719.00000000,0.1805
1749258873,0.18144000,14933.00000000,0.1805
1749258873,0.18145000,51527.00000000,0.1805
1749258873,0.18146000,876.00000000,0.1805
1749258873,0.18147000,94.00000000,0.1805
1749259174,0.18030000,4878.00000000,0.18029
1749259174,0.18031000,73.00000000,0.18029
1749259174,0.18032000,34609.00000000,0.18029
1749259174,0.18033000,27077.00000000,0.18029
1749259174,0.18034000,41570.00000000,0.18029
1749259174,0.18035000,75461.00000000,0.18029
1749259174,0.18036000,49663.00000000,0.18029
1749259174,0.18037000,75287.00000000,0.18029
1749259174,0.18038000,83597.00000000,0.18029
1749259174,0.18039000,132520.00000000,0.18029
1749259174,0.18040000,191376.00000000,0.18029
1749259174,0.18041000,98767.00000000,0.18029
1749259174,0.18042000,45210.00000000,0.18029
1749259174,0.18043000,130437.00000000,0.18029
1749259174,0.18044000,97831.00000000,0.18029
1749259174,0.18045000,161841.00000000,0.18029
1749259174,0.18046000,55036.00000000,0.18029
1749259174,0.18047000,187099.00000000,0.18029
1749259174,0.18048000,312855.00000000,0.18029
1749259174,0.18049000,345088.00000000,0.18029
1749259174,0.18050000,276359.00000000,0.18029
1749259174,0.18051000,212777.00000000,0.18029
1749259174,0.18052000,172457.00000000,0.18029
1749259174,0.18053000,220587.00000000,0.18029
1749259174,0.18054000,168344.00000000,0.18029
1749259174,0.18055000,224873.00000000,0.18029
1749259174,0.18056000,138148.00000000,0.18029
1749259174,0.18057000,88659.00000000,0.18029
1749259174,0.18058000,124913.00000000,0.18029
1749259174,0.18059000,219849.00000000,0.18029
1749259174,0.18060000,88989.00000000,0.18029
1749259174,0.18061000,169634.00000000,0.18029
1749259174,0.18062000,206942.00000000,0.18029
1749259174,0.18063000,92714.00000000,0.18029
1749259174,0.18064000,90160.00000000,0.18029
1749259174,0.18065000,71059.00000000,0.18029
1749259174,0.18066000,73953.00000000,0.18029
1749259174,0.18067000,148903.00000000,0.18029
1749259174,0.18068000,204702.00000000,0.18029
1749259174,0.18069000,144953.00000000,0.18029
1749259174,0.18070000,76778.00000000,0.18029
1749259174,0.18071000,189626.00000000,0.18029
1749259174,0.18072000,282334.00000000,0.18029
1749259174,0.18073000,62.00000000,0.18029
1749259174,0.18074000,112101.00000000,0.18029
1749259174,0.18075000,120124.00000000,0.18029
1749259174,0.18076000,124544.00000000,0.18029
1749259174,0.18077000,255061.00000000,0.18029
1749259174,0.18078000,68508.00000000,0.18029
1749259174,0.18079000,30660.00000000,0.18029
1749259174,0.18080000,87749.00000000,0.18029
1749259174,0.18081000,202752.00000000,0.18029
1749259174,0.18082000,31410.00000000,0.18029
1749259174,0.18083000,50888.00000000,0.18029
1749259174,0.18084000,27014.00000000,0.18029
1749259174,0.18085000,3055.00000000,0.18029
1749259174,0.18086000,141321.00000000,0.18029
1749259174,0.18087000,67290.00000000,0.18029
1749259174,0.18088000,69402.00000000,0.18029
1749259174,0.18089000,2627.00000000,0.18029
1749259174,0.18090000,12684.00000000,0.18029
1749259174,0.18091000,58186.00000000,0.18029
1749259174,0.18092000,55659.00000000,0.18029
1749259174,0.18093000,16575.00000000,0.18029
1749259174,0.18094000,104034.00000000,0.18029
1749259174,0.18095000,518389.00000000,0.18029
1749259174,0.18096000,411685.00000000,0.18029
1749259174,0.18097000,13148.00000000,0.18029
1749259174,0.18098000,67.00000000,0.18029
1749259174,0.18099000,69277.00000000,0.18029
1749259174,0.18100000,67356.00000000,0.18029
1749259174,0.18101000,26980.00000000,0.18029
1749259174,0.18102000,55637.00000000,0.18029
1749259174,0.18103000,11782.00000000,0.18029
1749259174,0.18104000,14850.00000000,0.18029
1749259174,0.18105000,88944.00000000,0.18029
1749259174,0.18106000,17657.00000000,0.18029
1749259174,0.18107000,45308.00000000,0.18029
1749259174,0.18108000,11744.00000000,0.18029
1749259174,0.18109000,111429.00000000,0.18029
1749259174,0.18110000,122569.00000000,0.18029
1749259174,0.18111000,165.00000000,0.18029
1749259174,0.18112000,71405.00000000,0.18029
1749259174,0.18113000,14227.00000000,0.18029
1749259174,0.18114000,11719.00000000,0.18029
1749259174,0.18115000,70588.00000000,0.18029
1749259174,0.18116000,11946.00000000,0.18029
1749259174,0.18117000,56472.00000000,0.18029
1749259174,0.18118000,1390820.00000000,0.18029
1749259174,0.18119000,58144.00000000,0.18029
1749259174,0.18120000,13407.00000000,0.18029
1749259174,0.18121000,2061.00000000,0.18029
1749259174,0.18122000,1012429.00000000,0.18029
1749259174,0.18123000,56356.00000000,0.18029
1749259174,0.18124000,67100.00000000,0.18029
1749259174,0.18125000,2104.00000000,0.18029
1749259174,0.18126000,57733.00000000,0.18029
1749259174,0.18127000,422.00000000,0.18029
1749259174,0.18128000,67389.00000000,0.18029
1749259174,0.18129000,15434.00000000,0.18029
