timestamp,price,volume,current_price
1749254456,3.88400000,2816.61000000,3.884
1749254456,3.88500000,4410.96000000,3.884
1749254456,3.88600000,6461.24000000,3.884
1749254456,3.88700000,7262.98000000,3.884
1749254456,3.88800000,5763.68000000,3.884
1749254456,3.88900000,13909.56000000,3.884
1749254456,3.89000000,10973.30000000,3.884
1749254456,3.89100000,7879.97000000,3.884
1749254456,3.89200000,10046.27000000,3.884
1749254456,3.89300000,6534.13000000,3.884
1749254456,3.89400000,2117.53000000,3.884
1749254456,3.89500000,4463.10000000,3.884
1749254456,3.89600000,5327.37000000,3.884
1749254456,3.89700000,423.50000000,3.884
1749254456,3.89800000,527.58000000,3.884
1749254456,3.89900000,7505.43000000,3.884
1749254456,3.90000000,1341.81000000,3.884
1749254456,3.90100000,3342.00000000,3.884
1749254456,3.90200000,219.38000000,3.884
1749254456,3.90300000,384.13000000,3.884
1749254456,3.90400000,189.52000000,3.884
1749254456,3.90500000,420.93000000,3.884
1749254456,3.90600000,8475.42000000,3.884
1749254456,3.90700000,377.36000000,3.884
1749254456,3.90800000,179.46000000,3.884
1749254456,3.90900000,429.01000000,3.884
1749254456,3.91000000,17.48000000,3.884
1749254456,3.91100000,521.29000000,3.884
1749254456,3.91200000,2114.27000000,3.884
1749254456,3.91300000,518.81000000,3.884
1749254456,3.91400000,89.22000000,3.884
1749254456,3.91500000,206.11000000,3.884
1749254456,3.91600000,669.31000000,3.884
1749254456,3.91700000,282.33000000,3.884
1749254456,3.91800000,43.91000000,3.884
1749254456,3.91900000,294.81000000,3.884
1749254456,3.92000000,51.80000000,3.884
1749254456,3.92100000,204.77000000,3.884
1749254456,3.92200000,4.50000000,3.884
1749254456,3.92300000,210.29000000,3.884
1749254456,3.92400000,39.42000000,3.884
1749254456,3.92500000,2766.78000000,3.884
1749254456,3.92600000,5.84000000,3.884
1749254456,3.92700000,719.11000000,3.884
1749254456,3.92800000,19.27000000,3.884
1749254456,3.92900000,204.77000000,3.884
1749254456,3.93000000,12.52000000,3.884
1749254456,3.93100000,1567.81000000,3.884
1749254456,3.93200000,10.63000000,3.884
1749254456,3.93300000,1278.22000000,3.884
1749254456,3.93400000,9.76000000,3.884
1749254456,3.93500000,2.57000000,3.884
1749254456,3.93600000,11.97000000,3.884
1749254456,3.93700000,6.32000000,3.884
1749254456,3.93800000,26.37000000,3.884
1749254456,3.93900000,4.34000000,3.884
1749254456,3.94000000,26.37000000,3.884
1749254456,3.94100000,19.08000000,3.884
1749254456,3.94200000,8.67000000,3.884
1749254456,3.94300000,3.89000000,3.884
1749254456,3.94400000,104.85000000,3.884
1749254456,3.94500000,4.09000000,3.884
1749254456,3.94600000,5.91000000,3.884
1749254456,3.94700000,3.93000000,3.884
1749254456,3.94800000,19.55000000,3.884
1749254456,3.94900000,4.09000000,3.884
1749254456,3.95000000,51.29000000,3.884
1749254456,3.95100000,7.83000000,3.884
1749254456,3.95200000,911.47000000,3.884
1749254456,3.95300000,2.58000000,3.884
1749254456,3.95400000,9.67000000,3.884
1749254456,3.95500000,6.56000000,3.884
1749254456,3.95600000,3.91000000,3.884
1749254456,3.95700000,10.05000000,3.884
1749254456,3.95800000,31.34000000,3.884
1749254456,3.95900000,54.70000000,3.884
1749254456,3.96000000,18.07000000,3.884
1749254456,3.96200000,2.67000000,3.884
1749254456,3.96300000,22.74000000,3.884
1749254456,3.96400000,111.67000000,3.884
1749254456,3.96500000,5.77000000,3.884
1749254456,3.96600000,7.66000000,3.884
1749254456,3.96700000,1.52000000,3.884
1749254456,3.96800000,24.41000000,3.884
1749254456,3.96900000,8.87000000,3.884
1749254456,3.97000000,104.44000000,3.884
1749254456,3.97100000,18.23000000,3.884
1749254456,3.97200000,11.80000000,3.884
1749254456,3.97300000,6.58000000,3.884
1749254456,3.97400000,4.50000000,3.884
1749254456,3.97500000,4.82000000,3.884
1749254456,3.97600000,8.76000000,3.884
1749254456,3.97700000,25.40000000,3.884
1749254456,3.97800000,7.40000000,3.884
1749254456,3.97900000,6.74000000,3.884
1749254456,3.98000000,514.76000000,3.884
1749254456,3.98100000,17.21000000,3.884
1749254456,3.98300000,113.40000000,3.884
1749254456,3.98400000,4.92000000,3.884
1749254456,3.98500000,155.62000000,3.884
1749254758,3.88200000,2971.41000000,3.882
1749254758,3.88300000,4444.71000000,3.882
1749254758,3.88400000,5288.85000000,3.882
1749254758,3.88500000,10518.86000000,3.882
1749254758,3.88600000,8304.55000000,3.882
1749254758,3.88700000,8409.48000000,3.882
1749254758,3.88800000,12713.36000000,3.882
1749254758,3.88900000,10586.54000000,3.882
1749254758,3.89000000,8184.29000000,3.882
1749254758,3.89100000,6870.04000000,3.882
1749254758,3.89200000,4990.21000000,3.882
1749254758,3.89300000,1015.62000000,3.882
1749254758,3.89400000,185.28000000,3.882
1749254758,3.89500000,613.27000000,3.882
1749254758,3.89600000,182.72000000,3.882
1749254758,3.89700000,423.50000000,3.882
1749254758,3.89800000,481.83000000,3.882
1749254758,3.89900000,7505.58000000,3.882
1749254758,3.90000000,3241.17000000,3.882
1749254758,3.90100000,1096.42000000,3.882
1749254758,3.90200000,1290.68000000,3.882
1749254758,3.90300000,420.44000000,3.882
1749254758,3.90400000,1419.14000000,3.882
1749254758,3.90500000,420.93000000,3.882
1749254758,3.90600000,8474.01000000,3.882
1749254758,3.90700000,377.36000000,3.882
1749254758,3.90800000,179.46000000,3.882
1749254758,3.90900000,943.87000000,3.882
1749254758,3.91000000,188.48000000,3.882
1749254758,3.91100000,521.29000000,3.882
1749254758,3.91200000,2757.29000000,3.882
1749254758,3.91300000,518.81000000,3.882
1749254758,3.91400000,50.98000000,3.882
1749254758,3.91500000,206.11000000,3.882
1749254758,3.91600000,669.31000000,3.882
1749254758,3.91700000,282.33000000,3.882
1749254758,3.91800000,43.90000000,3.882
1749254758,3.91900000,294.81000000,3.882
1749254758,3.92000000,12.41000000,3.882
1749254758,3.92100000,204.77000000,3.882
1749254758,3.92200000,4.50000000,3.882
1749254758,3.92300000,741.79000000,3.882
1749254758,3.92400000,39.42000000,3.882
1749254758,3.92500000,1678.21000000,3.882
1749254758,3.92600000,5.84000000,3.882
1749254758,3.92700000,187.61000000,3.882
1749254758,3.92800000,17.86000000,3.882
1749254758,3.92900000,880.71000000,3.882
1749254758,3.93000000,12.52000000,3.882
1749254758,3.93100000,99.13000000,3.882
1749254758,3.93200000,10.63000000,3.882
1749254758,3.93300000,1278.22000000,3.882
1749254758,3.93400000,9.76000000,3.882
1749254758,3.93500000,2.57000000,3.882
1749254758,3.93600000,11.97000000,3.882
1749254758,3.93700000,6.32000000,3.882
1749254758,3.93800000,26.37000000,3.882
1749254758,3.93900000,4.34000000,3.882
1749254758,3.94000000,26.37000000,3.882
1749254758,3.94100000,19.08000000,3.882
1749254758,3.94200000,8.67000000,3.882
1749254758,3.94300000,3.89000000,3.882
1749254758,3.94400000,104.85000000,3.882
1749254758,3.94500000,4.09000000,3.882
1749254758,3.94600000,5.91000000,3.882
1749254758,3.94700000,3.93000000,3.882
1749254758,3.94800000,19.55000000,3.882
1749254758,3.94900000,4.09000000,3.882
1749254758,3.95000000,51.29000000,3.882
1749254758,3.95100000,7.83000000,3.882
1749254758,3.95200000,907.66000000,3.882
1749254758,3.95300000,2.58000000,3.882
1749254758,3.95400000,9.67000000,3.882
1749254758,3.95500000,6.56000000,3.882
1749254758,3.95600000,3.91000000,3.882
1749254758,3.95700000,10.05000000,3.882
1749254758,3.95800000,28.76000000,3.882
1749254758,3.95900000,52.12000000,3.882
1749254758,3.96000000,18.07000000,3.882
1749254758,3.96200000,2.67000000,3.882
1749254758,3.96300000,22.74000000,3.882
1749254758,3.96400000,111.67000000,3.882
1749254758,3.96500000,5.77000000,3.882
1749254758,3.96600000,7.66000000,3.882
1749254758,3.96700000,1.52000000,3.882
1749254758,3.96800000,24.41000000,3.882
1749254758,3.96900000,8.87000000,3.882
1749254758,3.97000000,104.44000000,3.882
1749254758,3.97100000,18.23000000,3.882
1749254758,3.97200000,11.80000000,3.882
1749254758,3.97300000,6.58000000,3.882
1749254758,3.97400000,4.50000000,3.882
1749254758,3.97500000,4.82000000,3.882
1749254758,3.97600000,8.76000000,3.882
1749254758,3.97700000,25.40000000,3.882
1749254758,3.97800000,7.40000000,3.882
1749254758,3.97900000,6.74000000,3.882
1749254758,3.98000000,514.76000000,3.882
1749254758,3.98100000,17.21000000,3.882
1749254758,3.98300000,113.40000000,3.882
