timestamp,price,volume,current_price
1749254629,0.52320000,1347.96000000,0.5231
1749254629,0.52330000,2009.64000000,0.5231
1749254629,0.52340000,2385.35000000,0.5231
1749254629,0.52350000,2019.43000000,0.5231
1749254629,0.52360000,1694.93000000,0.5231
1749254629,0.52370000,2238.43000000,0.5231
1749254629,0.52380000,5770.47000000,0.5231
1749254629,0.52390000,6175.98000000,0.5231
1749254629,0.52400000,3445.89000000,0.5231
1749254629,0.52410000,15457.15000000,0.5231
1749254629,0.52420000,25160.51000000,0.5231
1749254629,0.52430000,5793.99000000,0.5231
1749254629,0.52440000,46915.38000000,0.5231
1749254629,0.52450000,1078.77000000,0.5231
1749254629,0.52460000,4883.44000000,0.5231
1749254629,0.52470000,2795.22000000,0.5231
1749254629,0.52480000,3246.87000000,0.5231
1749254629,0.52490000,8487.18000000,0.5231
1749254629,0.52500000,19679.40000000,0.5231
1749254629,0.52510000,5749.83000000,0.5231
1749254629,0.52520000,44235.60000000,0.5231
1749254629,0.52530000,460.07000000,0.5231
1749254629,0.52540000,474.36000000,0.5231
1749254629,0.52550000,460.07000000,0.5231
1749254629,0.52560000,507.84000000,0.5231
1749254629,0.52570000,2023.40000000,0.5231
1749254629,0.52580000,3576.16000000,0.5231
1749254629,0.52590000,574.83000000,0.5231
1749254629,0.52600000,81.12000000,0.5231
1749254629,0.52610000,19.07000000,0.5231
1749254629,0.52620000,5064.29000000,0.5231
1749254629,0.52630000,1582.38000000,0.5231
1749254629,0.52640000,76.77000000,0.5231
1749254629,0.52650000,19.07000000,0.5231
1749254629,0.52660000,319.55000000,0.5231
1749254629,0.52670000,10644.67000000,0.5231
1749254629,0.52680000,76.95000000,0.5231
1749254629,0.52690000,33.64000000,0.5231
1749254629,0.52700000,1732.40000000,0.5231
1749254629,0.52710000,3810.89000000,0.5231
1749254629,0.52720000,72.61000000,0.5231
1749254629,0.52730000,1568.28000000,0.5231
1749254629,0.52740000,19.23000000,0.5231
1749254629,0.52750000,33.62000000,0.5231
1749254629,0.52760000,233.35000000,0.5231
1749254629,0.52770000,19.22000000,0.5231
1749254629,0.52780000,33.60000000,0.5231
1749254629,0.52790000,1583.62000000,0.5231
1749254629,0.52800000,29.13000000,0.5231
1749254629,0.52810000,33.58000000,0.5231
1749254629,0.52820000,85.29000000,0.5231
1749254629,0.52830000,29.61000000,0.5231
1749254629,0.52840000,321.20000000,0.5231
1749254629,0.52850000,1568.24000000,0.5231
1749254629,0.52860000,30.54000000,0.5231
1749254629,0.52870000,44.88000000,0.5231
1749254629,0.52880000,19.18000000,0.5231
1749254629,0.52890000,305.66000000,0.5231
1749254629,0.52900000,33.53000000,0.5231
1749254629,0.52910000,1568.22000000,0.5231
1749254629,0.52920000,116.88000000,0.5231
1749254629,0.52930000,33.50000000,0.5231
1749254629,0.52940000,19.16000000,0.5231
1749254629,0.52950000,19.16000000,0.5231
1749254629,0.52960000,33.48000000,0.5231
1749254629,0.52970000,3034.21000000,0.5231
1749254629,0.52980000,19.15000000,0.5231
1749254629,0.52990000,33.47000000,0.5231
1749254629,0.53000000,19.14000000,0.5231
1749254629,0.53010000,19.14000000,0.5231
1749254629,0.53020000,33.46000000,0.5231
1749254629,0.53030000,169.97000000,0.5231
1749254629,0.53040000,19.13000000,0.5231
1749254629,0.53050000,33.43000000,0.5231
1749254629,0.53060000,19.12000000,0.5231
1749254629,0.53070000,19.11000000,0.5231
1749254629,0.53080000,14.30000000,0.5231
1749254629,0.53100000,494.96000000,0.5231
1749254629,0.53110000,14.29000000,0.5231
1749254629,0.53190000,376.00000000,0.5231
1749254629,0.53240000,26.42000000,0.5231
1749254629,0.53300000,1057.47000000,0.5231
1749254629,0.53310000,9.81000000,0.5231
1749254629,0.53330000,27.59000000,0.5231
1749254629,0.53360000,525.69000000,0.5231
1749254629,0.53370000,513.24000000,0.5231
1749254629,0.53420000,20.11000000,0.5231
1749254629,0.53440000,41.20000000,0.5231
1749254629,0.53490000,658.43000000,0.5231
1749254629,0.53500000,18905.11000000,0.5231
1749254629,0.53510000,8273.85000000,0.5231
1749254629,0.53520000,30.70000000,0.5231
1749254629,0.53540000,3122.47000000,0.5231
1749254629,0.53590000,9.76000000,0.5231
1749254629,0.53640000,11.75000000,0.5231
1749254629,0.53650000,26.56000000,0.5231
1749254629,0.53690000,738.49000000,0.5231
1749254629,0.53700000,15.10000000,0.5231
1749254629,0.53730000,10.41000000,0.5231
1749254629,0.53760000,9.73000000,0.5231
1749254931,0.52360000,1017.48000000,0.5235
1749254931,0.52370000,1674.82000000,0.5235
1749254931,0.52380000,1316.10000000,0.5235
1749254931,0.52390000,3317.92000000,0.5235
1749254931,0.52400000,3610.61000000,0.5235
1749254931,0.52410000,2273.64000000,0.5235
1749254931,0.52420000,21770.52000000,0.5235
1749254931,0.52430000,7658.04000000,0.5235
1749254931,0.52440000,4921.16000000,0.5235
1749254931,0.52450000,11680.80000000,0.5235
1749254931,0.52460000,43826.86000000,0.5235
1749254931,0.52470000,8276.94000000,0.5235
1749254931,0.52480000,2063.15000000,0.5235
1749254931,0.52490000,2063.61000000,0.5235
1749254931,0.52500000,41974.67000000,0.5235
1749254931,0.52510000,13436.98000000,0.5235
1749254931,0.52520000,16859.58000000,0.5235
1749254931,0.52530000,9230.09000000,0.5235
1749254931,0.52540000,2023.40000000,0.5235
1749254931,0.52550000,460.07000000,0.5235
1749254931,0.52560000,507.78000000,0.5235
1749254931,0.52570000,5825.51000000,0.5235
1749254931,0.52580000,3577.11000000,0.5235
1749254931,0.52590000,572.52000000,0.5235
1749254931,0.52600000,2071.08000000,0.5235
1749254931,0.52610000,19.07000000,0.5235
1749254931,0.52620000,712.88000000,0.5235
1749254931,0.52630000,2023.38000000,0.5235
1749254931,0.52640000,76.70000000,0.5235
1749254931,0.52650000,19.07000000,0.5235
1749254931,0.52660000,319.55000000,0.5235
1749254931,0.52670000,5363.18000000,0.5235
1749254931,0.52680000,76.88000000,0.5235
1749254931,0.52690000,33.64000000,0.5235
1749254931,0.52700000,1164.52000000,0.5235
1749254931,0.52710000,19.25000000,0.5235
1749254931,0.52720000,81.33000000,0.5235
1749254931,0.52730000,1568.28000000,0.5235
1749254931,0.52740000,19.23000000,0.5235
1749254931,0.52750000,33.62000000,0.5235
1749254931,0.52760000,9301.33000000,0.5235
1749254931,0.52770000,19.22000000,0.5235
1749254931,0.52780000,3820.46000000,0.5235
1749254931,0.52790000,1583.62000000,0.5235
1749254931,0.52800000,29.13000000,0.5235
1749254931,0.52810000,1592.59000000,0.5235
1749254931,0.52820000,85.29000000,0.5235
1749254931,0.52830000,29.61000000,0.5235
1749254931,0.52840000,33.55000000,0.5235
1749254931,0.52850000,1568.24000000,0.5235
1749254931,0.52860000,30.54000000,0.5235
1749254931,0.52870000,44.88000000,0.5235
1749254931,0.52880000,19.18000000,0.5235
1749254931,0.52890000,305.66000000,0.5235
1749254931,0.52900000,33.53000000,0.5235
1749254931,0.52910000,1568.22000000,0.5235
1749254931,0.52920000,116.88000000,0.5235
1749254931,0.52930000,33.50000000,0.5235
1749254931,0.52940000,302.21000000,0.5235
1749254931,0.52950000,19.16000000,0.5235
1749254931,0.52960000,33.48000000,0.5235
1749254931,0.52970000,3034.21000000,0.5235
1749254931,0.52980000,19.15000000,0.5235
1749254931,0.52990000,33.47000000,0.5235
1749254931,0.53000000,19.14000000,0.5235
1749254931,0.53010000,19.14000000,0.5235
1749254931,0.53020000,33.46000000,0.5235
1749254931,0.53030000,1719.01000000,0.5235
1749254931,0.53040000,19.13000000,0.5235
1749254931,0.53050000,33.43000000,0.5235
1749254931,0.53060000,19.12000000,0.5235
1749254931,0.53070000,19.11000000,0.5235
1749254931,0.53080000,33.41000000,0.5235
1749254931,0.53090000,19.11000000,0.5235
1749254931,0.53100000,19.10000000,0.5235
1749254931,0.53110000,33.39000000,0.5235
1749254931,0.53190000,870.20000000,0.5235
1749254931,0.53240000,26.42000000,0.5235
1749254931,0.53300000,1057.47000000,0.5235
1749254931,0.53310000,9.81000000,0.5235
1749254931,0.53330000,27.59000000,0.5235
1749254931,0.53360000,525.69000000,0.5235
1749254931,0.53370000,513.24000000,0.5235
1749254931,0.53420000,20.11000000,0.5235
1749254931,0.53440000,41.20000000,0.5235
1749254931,0.53490000,658.43000000,0.5235
1749254931,0.53500000,18905.11000000,0.5235
1749254931,0.53510000,8273.85000000,0.5235
1749254931,0.53520000,30.70000000,0.5235
1749254931,0.53540000,3122.47000000,0.5235
1749254931,0.53590000,9.76000000,0.5235
1749254931,0.53640000,11.75000000,0.5235
1749254931,0.53650000,26.56000000,0.5235
1749254931,0.53690000,738.49000000,0.5235
1749254931,0.53700000,15.10000000,0.5235
1749254931,0.53730000,10.41000000,0.5235
1749254931,0.53760000,9.73000000,0.5235
1749254931,0.53780000,11.16000000,0.5235
1749254931,0.53790000,275.54000000,0.5235
1749254931,0.53810000,2534.20000000,0.5235
