timestamp,price,volume,current_price
1749260777,0.53060000,536.30000000,0.5305
1749260777,0.53070000,1743.56000000,0.5305
1749260777,0.53080000,2241.38000000,0.5305
1749260777,0.53090000,2252.01000000,0.5305
1749260777,0.53100000,2440.39000000,0.5305
1749260777,0.53110000,3983.29000000,0.5305
1749260777,0.53120000,3089.45000000,0.5305
1749260777,0.53130000,7350.21000000,0.5305
1749260777,0.53140000,8300.84000000,0.5305
1749260777,0.53150000,3763.38000000,0.5305
1749260777,0.53160000,5352.45000000,0.5305
1749260777,0.53170000,5543.32000000,0.5305
1749260777,0.53180000,1686.07000000,0.5305
1749260777,0.53190000,3656.57000000,0.5305
1749260777,0.53200000,3671.47000000,0.5305
1749260777,0.53210000,2648.56000000,0.5305
1749260777,0.53220000,459.79000000,0.5305
1749260777,0.53230000,2867.76000000,0.5305
1749260777,0.53240000,4166.01000000,0.5305
1749260777,0.53250000,459.77000000,0.5305
1749260777,0.53260000,24038.17000000,0.5305
1749260777,0.53270000,459.77000000,0.5305
1749260777,0.53280000,4680.17000000,0.5305
1749260777,0.53290000,2022.89000000,0.5305
1749260777,0.53300000,704.10000000,0.5305
1749260777,0.53310000,18.76000000,0.5305
1749260777,0.53320000,713.95000000,0.5305
1749260777,0.53330000,571.52000000,0.5305
1749260777,0.53340000,2165.04000000,0.5305
1749260777,0.53350000,417.73000000,0.5305
1749260777,0.53360000,18.74000000,0.5305
1749260777,0.53370000,459.73000000,0.5305
1749260777,0.53380000,2022.83000000,0.5305
1749260777,0.53390000,1562.39000000,0.5305
1749260777,0.53400000,4670.17000000,0.5305
1749260777,0.53410000,10975.43000000,0.5305
1749260777,0.53420000,714.06000000,0.5305
1749260777,0.53430000,271.52000000,0.5305
1749260777,0.53440000,32.76000000,0.5305
1749260777,0.53450000,459.70000000,0.5305
1749260777,0.53460000,2018.52000000,0.5305
1749260777,0.53470000,5232.47000000,0.5305
1749260777,0.53480000,526.04000000,0.5305
1749260777,0.53490000,2454.55000000,0.5305
1749260777,0.53500000,18882.17000000,0.5305
1749260777,0.53510000,459.95000000,0.5305
1749260777,0.53520000,2039.69000000,0.5305
1749260777,0.53530000,33.12000000,0.5305
1749260777,0.53540000,299.81000000,0.5305
1749260777,0.53550000,1567.98000000,0.5305
1749260777,0.53560000,320.41000000,0.5305
1749260777,0.53570000,18.93000000,0.5305
1749260777,0.53580000,3013.51000000,0.5305
1749260777,0.53590000,42.86000000,0.5305
1749260777,0.53600000,18.92000000,0.5305
1749260777,0.53610000,1567.96000000,0.5305
1749260777,0.53620000,33.06000000,0.5305
1749260777,0.53630000,18.91000000,0.5305
1749260777,0.53640000,1635.61000000,0.5305
1749260777,0.53650000,59.60000000,0.5305
1749260777,0.53660000,18.89000000,0.5305
1749260777,0.53670000,1567.93000000,0.5305
1749260777,0.53680000,33.03000000,0.5305
1749260777,0.53690000,18.88000000,0.5305
1749260777,0.53700000,1583.03000000,0.5305
1749260777,0.53710000,33.01000000,0.5305
1749260777,0.53720000,18.88000000,0.5305
1749260777,0.53730000,1578.33000000,0.5305
1749260777,0.53740000,32.99000000,0.5305
1749260777,0.53750000,167.69000000,0.5305
1749260777,0.53760000,1577.63000000,0.5305
1749260777,0.53770000,1090.44000000,0.5305
1749260777,0.53780000,30.02000000,0.5305
1749260777,0.53790000,1843.43000000,0.5305
1749260777,0.53800000,32.95000000,0.5305
1749260777,0.53810000,154.81000000,0.5305
1749260777,0.53830000,502.45000000,0.5305
1749260777,0.53840000,371.45000000,0.5305
1749260777,0.53860000,14.09000000,0.5305
1749260777,0.53890000,14.08000000,0.5305
1749260777,0.53900000,10.00000000,0.5305
1749260777,0.53910000,14.84000000,0.5305
1749260777,0.53920000,106.03000000,0.5305
1749260777,0.53950000,14.07000000,0.5305
1749260777,0.53970000,515.26000000,0.5305
1749260777,0.53980000,40.48000000,0.5305
1749260777,0.54000000,535.02000000,0.5305
1749260777,0.54010000,14.05000000,0.5305
1749260777,0.54040000,14.04000000,0.5305
1749260777,0.54070000,10.11000000,0.5305
1749260777,0.54090000,212.88000000,0.5305
1749260777,0.54100000,40009.67000000,0.5305
1749260777,0.54110000,42.77000000,0.5305
1749260777,0.54130000,2512.94000000,0.5305
1749260777,0.54150000,738.56000000,0.5305
1749260777,0.54190000,3203.66000000,0.5305
1749260777,0.54200000,2517.86000000,0.5305
1749260777,0.54210000,8273.85000000,0.5305
1749260777,0.54230000,55.31000000,0.5305
1749260777,0.54270000,14.74000000,0.5305
1749261098,0.53030000,1713.65000000,0.5302
1749261098,0.53040000,1694.64000000,0.5302
1749261098,0.53050000,3065.10000000,0.5302
1749261098,0.53060000,4578.50000000,0.5302
1749261098,0.53070000,2292.03000000,0.5302
1749261098,0.53080000,2233.33000000,0.5302
1749261098,0.53090000,2472.91000000,0.5302
1749261098,0.53100000,4840.39000000,0.5302
1749261098,0.53110000,2118.72000000,0.5302
1749261098,0.53120000,2148.38000000,0.5302
1749261098,0.53130000,4728.59000000,0.5302
1749261098,0.53140000,7772.59000000,0.5302
1749261098,0.53150000,4080.73000000,0.5302
1749261098,0.53160000,2592.87000000,0.5302
1749261098,0.53170000,26285.40000000,0.5302
1749261098,0.53180000,5248.71000000,0.5302
1749261098,0.53190000,1721.61000000,0.5302
1749261098,0.53200000,2037.05000000,0.5302
1749261098,0.53210000,701.80000000,0.5302
1749261098,0.53220000,459.81000000,0.5302
1749261098,0.53230000,6716.03000000,0.5302
1749261098,0.53240000,459.77000000,0.5302
1749261098,0.53250000,459.77000000,0.5302
1749261098,0.53260000,2022.91000000,0.5302
1749261098,0.53270000,459.77000000,0.5302
1749261098,0.53280000,459.77000000,0.5302
1749261098,0.53290000,2022.89000000,0.5302
1749261098,0.53300000,704.10000000,0.5302
1749261098,0.53310000,572.24000000,0.5302
1749261098,0.53320000,714.88000000,0.5302
1749261098,0.53330000,459.76000000,0.5302
1749261098,0.53340000,2008.78000000,0.5302
1749261098,0.53350000,572.51000000,0.5302
1749261098,0.53360000,6135.74000000,0.5302
1749261098,0.53370000,9703.16000000,0.5302
1749261098,0.53380000,2022.83000000,0.5302
1749261098,0.53390000,459.73000000,0.5302
1749261098,0.53400000,459.72000000,0.5302
1749261098,0.53410000,2022.82000000,0.5302
1749261098,0.53420000,2012.57000000,0.5302
1749261098,0.53430000,712.52000000,0.5302
1749261098,0.53440000,473.76000000,0.5302
1749261098,0.53450000,18.70000000,0.5302
1749261098,0.53460000,2018.52000000,0.5302
1749261098,0.53470000,4705.81000000,0.5302
1749261098,0.53480000,18.96000000,0.5302
1749261098,0.53490000,2013.55000000,0.5302
1749261098,0.53500000,18882.17000000,0.5302
1749261098,0.53510000,18.95000000,0.5302
1749261098,0.53520000,1598.69000000,0.5302
1749261098,0.53530000,33.12000000,0.5302
1749261098,0.53540000,301.85000000,0.5302
1749261098,0.53550000,1567.98000000,0.5302
1749261098,0.53560000,317.74000000,0.5302
1749261098,0.53570000,175.19000000,0.5302
1749261098,0.53580000,1567.97000000,0.5302
1749261098,0.53590000,42.86000000,0.5302
1749261098,0.53600000,18.92000000,0.5302
1749261098,0.53610000,1567.96000000,0.5302
1749261098,0.53620000,33.06000000,0.5302
1749261098,0.53630000,18.91000000,0.5302
1749261098,0.53640000,1579.70000000,0.5302
1749261098,0.53650000,59.60000000,0.5302
1749261098,0.53660000,18.89000000,0.5302
1749261098,0.53670000,1567.93000000,0.5302
1749261098,0.53680000,33.03000000,0.5302
1749261098,0.53690000,84.96000000,0.5302
1749261098,0.53700000,1583.03000000,0.5302
1749261098,0.53710000,33.01000000,0.5302
1749261098,0.53720000,18.88000000,0.5302
1749261098,0.53730000,1578.33000000,0.5302
1749261098,0.53740000,32.99000000,0.5302
1749261098,0.53750000,1464.41000000,0.5302
1749261098,0.53760000,1577.63000000,0.5302
1749261098,0.53770000,32.97000000,0.5302
1749261098,0.53780000,518.44000000,0.5302
1749261098,0.53790000,1824.58000000,0.5302
1749261098,0.53800000,14.10000000,0.5302
1749261098,0.53810000,135.96000000,0.5302
1749261098,0.53830000,14.10000000,0.5302
1749261098,0.53860000,14.09000000,0.5302
1749261098,0.53880000,55.67000000,0.5302
1749261098,0.53890000,14.08000000,0.5302
1749261098,0.53900000,10.00000000,0.5302
1749261098,0.53910000,1072.31000000,0.5302
1749261098,0.53920000,106.03000000,0.5302
1749261098,0.53950000,14.07000000,0.5302
1749261098,0.53980000,188.66000000,0.5302
1749261098,0.54000000,9.29000000,0.5302
1749261098,0.54010000,14.05000000,0.5302
1749261098,0.54040000,14.04000000,0.5302
1749261098,0.54070000,10.11000000,0.5302
1749261098,0.54090000,212.88000000,0.5302
1749261098,0.54100000,40379.30000000,0.5302
1749261098,0.54110000,42.77000000,0.5302
1749261098,0.54130000,137.50000000,0.5302
1749261098,0.54180000,524.04000000,0.5302
1749261098,0.54190000,3203.66000000,0.5302
1749261098,0.54200000,2517.86000000,0.5302
1749261098,0.54230000,526.21000000,0.5302
1749261411,0.53090000,18.83000000,0.531
1749261411,0.53100000,917.54000000,0.531
1749261411,0.53110000,1883.03000000,0.531
1749261411,0.53120000,1732.15000000,0.531
1749261411,0.53130000,3512.33000000,0.531
1749261411,0.53140000,4225.90000000,0.531
1749261411,0.53150000,1816.97000000,0.531
1749261411,0.53160000,2263.42000000,0.531
1749261411,0.53170000,3556.69000000,0.531
1749261411,0.53180000,3059.14000000,0.531
1749261411,0.53190000,4112.26000000,0.531
1749261411,0.53200000,4823.65000000,0.531
1749261411,0.53210000,3642.23000000,0.531
1749261411,0.53220000,1141.73000000,0.531
1749261411,0.53230000,5712.54000000,0.531
1749261411,0.53240000,488.17000000,0.531
1749261411,0.53250000,459.77000000,0.531
1749261411,0.53260000,24976.31000000,0.531
1749261411,0.53270000,459.77000000,0.531
1749261411,0.53280000,459.77000000,0.531
1749261411,0.53290000,2022.89000000,0.531
1749261411,0.53300000,704.10000000,0.531
1749261411,0.53310000,5259.42000000,0.531
1749261411,0.53320000,714.52000000,0.531
1749261411,0.53330000,459.76000000,0.531
1749261411,0.53340000,2008.78000000,0.531
1749261411,0.53350000,572.51000000,0.531
1749261411,0.53360000,459.74000000,0.531
1749261411,0.53370000,745.95000000,0.531
1749261411,0.53380000,2022.83000000,0.531
1749261411,0.53390000,459.73000000,0.531
1749261411,0.53400000,8969.48000000,0.531
1749261411,0.53410000,2022.82000000,0.531
1749261411,0.53420000,4705.85000000,0.531
1749261411,0.53430000,2255.08000000,0.531
1749261411,0.53440000,473.76000000,0.531
1749261411,0.53450000,18.70000000,0.531
1749261411,0.53460000,3012.75000000,0.531
1749261411,0.53470000,33.01000000,0.531
1749261411,0.53480000,18.96000000,0.531
1749261411,0.53490000,2454.55000000,0.531
1749261411,0.53500000,23551.80000000,0.531
1749261411,0.53510000,459.95000000,0.531
1749261411,0.53520000,2039.69000000,0.531
1749261411,0.53530000,33.12000000,0.531
1749261411,0.53540000,303.87000000,0.531
1749261411,0.53550000,1567.98000000,0.531
1749261411,0.53560000,317.74000000,0.531
1749261411,0.53570000,175.19000000,0.531
1749261411,0.53580000,1567.97000000,0.531
1749261411,0.53590000,42.86000000,0.531
1749261411,0.53600000,18.92000000,0.531
1749261411,0.53610000,1567.96000000,0.531
1749261411,0.53620000,33.06000000,0.531
1749261411,0.53630000,18.91000000,0.531
1749261411,0.53640000,1579.70000000,0.531
1749261411,0.53650000,59.60000000,0.531
1749261411,0.53660000,18.89000000,0.531
1749261411,0.53670000,1567.93000000,0.531
1749261411,0.53680000,33.03000000,0.531
1749261411,0.53690000,84.96000000,0.531
1749261411,0.53700000,1583.03000000,0.531
1749261411,0.53710000,33.01000000,0.531
1749261411,0.53720000,18.88000000,0.531
1749261411,0.53730000,1578.33000000,0.531
1749261411,0.53740000,32.99000000,0.531
1749261411,0.53750000,1464.41000000,0.531
1749261411,0.53760000,1577.63000000,0.531
1749261411,0.53770000,32.97000000,0.531
1749261411,0.53780000,30.02000000,0.531
1749261411,0.53790000,1843.43000000,0.531
1749261411,0.53800000,32.95000000,0.531
1749261411,0.53810000,154.80000000,0.531
1749261411,0.53820000,18.84000000,0.531
1749261411,0.53830000,521.18000000,0.531
1749261411,0.53840000,18.84000000,0.531
1749261411,0.53860000,14.09000000,0.531
1749261411,0.53880000,55.67000000,0.531
1749261411,0.53890000,14.08000000,0.531
1749261411,0.53900000,10.00000000,0.531
1749261411,0.53910000,1072.31000000,0.531
1749261411,0.53920000,106.03000000,0.531
1749261411,0.53950000,14.07000000,0.531
1749261411,0.53980000,188.66000000,0.531
1749261411,0.54000000,9.29000000,0.531
1749261411,0.54010000,14.05000000,0.531
1749261411,0.54040000,14.04000000,0.531
1749261411,0.54070000,10.11000000,0.531
1749261411,0.54090000,212.88000000,0.531
1749261411,0.54100000,40379.30000000,0.531
1749261411,0.54110000,42.77000000,0.531
1749261411,0.54130000,137.50000000,0.531
1749261411,0.54180000,524.04000000,0.531
1749261411,0.54190000,3203.66000000,0.531
1749261411,0.54200000,2517.86000000,0.531
1749261411,0.54230000,526.21000000,0.531
1749261411,0.54270000,14.74000000,0.531
1749261411,0.54280000,12.83000000,0.531
1749261411,0.54290000,2375.44000000,0.531
1749261411,0.54300000,10.13000000,0.531
1749261723,0.52950000,1028.04000000,0.5294
1749261723,0.52960000,776.98000000,0.5294
1749261723,0.52970000,2877.97000000,0.5294
1749261723,0.52980000,1687.83000000,0.5294
1749261723,0.52990000,2462.66000000,0.5294
1749261723,0.53000000,1845.83000000,0.5294
1749261723,0.53010000,2761.60000000,0.5294
1749261723,0.53020000,2018.52000000,0.5294
1749261723,0.53030000,3892.22000000,0.5294
1749261723,0.53040000,8109.79000000,0.5294
1749261723,0.53050000,4882.96000000,0.5294
1749261723,0.53060000,5826.95000000,0.5294
1749261723,0.53070000,4806.78000000,0.5294
1749261723,0.53080000,1275.80000000,0.5294
1749261723,0.53090000,4991.47000000,0.5294
1749261723,0.53100000,1552.03000000,0.5294
1749261723,0.53110000,2065.45000000,0.5294
1749261723,0.53120000,538.81000000,0.5294
1749261723,0.53130000,1320.33000000,0.5294
1749261723,0.53140000,1741.39000000,0.5294
1749261723,0.53150000,11992.55000000,0.5294
1749261723,0.53160000,459.81000000,0.5294
1749261723,0.53170000,12505.48000000,0.5294
1749261723,0.53180000,459.80000000,0.5294
1749261723,0.53190000,459.79000000,0.5294
1749261723,0.53200000,6249.61000000,0.5294
1749261723,0.53210000,913.52000000,0.5294
1749261723,0.53220000,858.07000000,0.5294
1749261723,0.53230000,2275.77000000,0.5294
1749261723,0.53240000,459.77000000,0.5294
1749261723,0.53250000,459.77000000,0.5294
1749261723,0.53260000,2022.91000000,0.5294
1749261723,0.53270000,459.77000000,0.5294
1749261723,0.53280000,2006.39000000,0.5294
1749261723,0.53290000,2022.89000000,0.5294
1749261723,0.53300000,9670.66000000,0.5294
1749261723,0.53310000,4677.47000000,0.5294
1749261723,0.53320000,600.20000000,0.5294
1749261723,0.53330000,459.76000000,0.5294
1749261723,0.53340000,2008.78000000,0.5294
1749261723,0.53350000,1468.04000000,0.5294
1749261723,0.53360000,459.74000000,0.5294
1749261723,0.53370000,459.73000000,0.5294
1749261723,0.53380000,1647.91000000,0.5294
1749261723,0.53390000,4230.37000000,0.5294
1749261723,0.53400000,18.72000000,0.5294
1749261723,0.53410000,1581.82000000,0.5294
1749261723,0.53420000,28.72000000,0.5294
1749261723,0.53430000,18.71000000,0.5294
1749261723,0.53440000,1478.30000000,0.5294
1749261723,0.53450000,18.70000000,0.5294
1749261723,0.53460000,1577.52000000,0.5294
1749261723,0.53470000,33.01000000,0.5294
1749261723,0.53480000,18.96000000,0.5294
1749261723,0.53490000,2013.55000000,0.5294
1749261723,0.53500000,18882.17000000,0.5294
1749261723,0.53510000,18.95000000,0.5294
1749261723,0.53520000,1598.69000000,0.5294
1749261723,0.53530000,33.12000000,0.5294
1749261723,0.53540000,304.04000000,0.5294
1749261723,0.53550000,1567.98000000,0.5294
1749261723,0.53560000,317.74000000,0.5294
1749261723,0.53570000,175.19000000,0.5294
1749261723,0.53580000,1567.97000000,0.5294
1749261723,0.53590000,42.86000000,0.5294
1749261723,0.53600000,18.92000000,0.5294
1749261723,0.53610000,1567.96000000,0.5294
1749261723,0.53620000,33.06000000,0.5294
1749261723,0.53630000,18.91000000,0.5294
1749261723,0.53640000,1635.61000000,0.5294
1749261723,0.53650000,59.60000000,0.5294
1749261723,0.53660000,18.89000000,0.5294
1749261723,0.53670000,1567.93000000,0.5294
1749261723,0.53680000,33.03000000,0.5294
1749261723,0.53690000,18.89000000,0.5294
1749261723,0.53700000,1583.03000000,0.5294
1749261723,0.53710000,503.39000000,0.5294
1749261723,0.53730000,1559.45000000,0.5294
1749261723,0.53740000,14.12000000,0.5294
1749261723,0.53750000,148.82000000,0.5294
1749261723,0.53760000,1558.77000000,0.5294
1749261723,0.53770000,1071.58000000,0.5294
1749261723,0.53780000,11.16000000,0.5294
1749261723,0.53790000,1824.58000000,0.5294
1749261723,0.53800000,14.10000000,0.5294
1749261723,0.53810000,135.96000000,0.5294
1749261723,0.53830000,14.10000000,0.5294
1749261723,0.53860000,14.09000000,0.5294
1749261723,0.53890000,14.08000000,0.5294
1749261723,0.53900000,10.00000000,0.5294
1749261723,0.53910000,14.84000000,0.5294
1749261723,0.53920000,106.03000000,0.5294
1749261723,0.53950000,14.07000000,0.5294
1749261723,0.53980000,40.48000000,0.5294
1749261723,0.54000000,521.80000000,0.5294
1749261723,0.54010000,14.05000000,0.5294
1749261723,0.54040000,14.04000000,0.5294
1749261723,0.54070000,10.11000000,0.5294
1749261723,0.54090000,212.88000000,0.5294
1749261723,0.54100000,40379.30000000,0.5294
1749262024,0.52970000,1459.01000000,0.5297
1749262024,0.52980000,1966.45000000,0.5297
1749262024,0.52990000,2256.19000000,0.5297
1749262024,0.53000000,1395.43000000,0.5297
1749262024,0.53010000,2541.20000000,0.5297
1749262024,0.53020000,2018.52000000,0.5297
1749262024,0.53030000,2148.47000000,0.5297
1749262024,0.53040000,3406.32000000,0.5297
1749262024,0.53050000,3788.39000000,0.5297
1749262024,0.53060000,2166.66000000,0.5297
1749262024,0.53070000,3582.87000000,0.5297
1749262024,0.53080000,2554.82000000,0.5297
1749262024,0.53090000,1407.77000000,0.5297
1749262024,0.53100000,2631.36000000,0.5297
1749262024,0.53110000,2883.91000000,0.5297
1749262024,0.53120000,3006.45000000,0.5297
1749262024,0.53130000,5990.07000000,0.5297
1749262024,0.53140000,5413.13000000,0.5297
1749262024,0.53150000,11992.55000000,0.5297
1749262024,0.53160000,459.81000000,0.5297
1749262024,0.53170000,12505.48000000,0.5297
1749262024,0.53180000,459.80000000,0.5297
1749262024,0.53190000,459.79000000,0.5297
1749262024,0.53200000,2121.64000000,0.5297
1749262024,0.53210000,701.80000000,0.5297
1749262024,0.53220000,858.43000000,0.5297
1749262024,0.53230000,6615.07000000,0.5297
1749262024,0.53240000,459.77000000,0.5297
1749262024,0.53250000,459.77000000,0.5297
1749262024,0.53260000,2022.91000000,0.5297
1749262024,0.53270000,459.77000000,0.5297
1749262024,0.53280000,459.77000000,0.5297
1749262024,0.53290000,2022.89000000,0.5297
1749262024,0.53300000,704.10000000,0.5297
1749262024,0.53310000,13648.37000000,0.5297
1749262024,0.53320000,600.20000000,0.5297
1749262024,0.53330000,459.76000000,0.5297
1749262024,0.53340000,4547.94000000,0.5297
1749262024,0.53350000,473.81000000,0.5297
1749262024,0.53360000,18.74000000,0.5297
1749262024,0.53370000,18.73000000,0.5297
1749262024,0.53380000,2088.91000000,0.5297
1749262024,0.53390000,18.73000000,0.5297
1749262024,0.53400000,18.72000000,0.5297
1749262024,0.53410000,2022.82000000,0.5297
1749262024,0.53420000,4678.83000000,0.5297
1749262024,0.53430000,18.71000000,0.5297
1749262024,0.53440000,1478.30000000,0.5297
1749262024,0.53450000,18.70000000,0.5297
1749262024,0.53460000,1577.52000000,0.5297
1749262024,0.53470000,33.01000000,0.5297
1749262024,0.53480000,18.96000000,0.5297
1749262024,0.53490000,2013.55000000,0.5297
1749262024,0.53500000,18882.17000000,0.5297
1749262024,0.53510000,18.95000000,0.5297
1749262024,0.53520000,1598.69000000,0.5297
1749262024,0.53530000,33.12000000,0.5297
1749262024,0.53540000,304.04000000,0.5297
1749262024,0.53550000,1567.98000000,0.5297
1749262024,0.53560000,317.74000000,0.5297
1749262024,0.53570000,175.19000000,0.5297
1749262024,0.53580000,1567.97000000,0.5297
1749262024,0.53590000,42.86000000,0.5297
1749262024,0.53600000,18.92000000,0.5297
1749262024,0.53610000,1567.96000000,0.5297
1749262024,0.53620000,33.06000000,0.5297
1749262024,0.53630000,18.91000000,0.5297
1749262024,0.53640000,1635.61000000,0.5297
1749262024,0.53650000,59.60000000,0.5297
1749262024,0.53660000,18.89000000,0.5297
1749262024,0.53670000,1567.94000000,0.5297
1749262024,0.53680000,33.04000000,0.5297
1749262024,0.53690000,18.90000000,0.5297
1749262024,0.53700000,1583.04000000,0.5297
1749262024,0.53710000,33.01000000,0.5297
1749262024,0.53720000,18.88000000,0.5297
1749262024,0.53730000,1559.45000000,0.5297
1749262024,0.53740000,14.12000000,0.5297
1749262024,0.53750000,637.78000000,0.5297
1749262024,0.53760000,1558.77000000,0.5297
1749262024,0.53770000,1071.58000000,0.5297
1749262024,0.53780000,11.16000000,0.5297
1749262024,0.53790000,1824.58000000,0.5297
1749262024,0.53800000,14.10000000,0.5297
1749262024,0.53810000,135.96000000,0.5297
1749262024,0.53830000,14.10000000,0.5297
1749262024,0.53860000,14.09000000,0.5297
1749262024,0.53880000,371.17000000,0.5297
1749262024,0.53890000,14.08000000,0.5297
1749262024,0.53900000,10.00000000,0.5297
1749262024,0.53910000,14.84000000,0.5297
1749262024,0.53920000,106.03000000,0.5297
1749262024,0.53950000,14.07000000,0.5297
1749262024,0.53980000,40.48000000,0.5297
1749262024,0.54000000,521.80000000,0.5297
1749262024,0.54010000,14.05000000,0.5297
1749262024,0.54040000,14.04000000,0.5297
1749262024,0.54070000,10.11000000,0.5297
1749262024,0.54090000,212.88000000,0.5297
1749262024,0.54100000,40009.67000000,0.5297
1749262326,0.53090000,18.84000000,0.5308
1749262326,0.53100000,826.43000000,0.5308
1749262326,0.53110000,3368.70000000,0.5308
1749262326,0.53120000,2249.77000000,0.5308
1749262326,0.53130000,2533.16000000,0.5308
1749262326,0.53140000,1927.57000000,0.5308
1749262326,0.53150000,1401.05000000,0.5308
1749262326,0.53160000,2279.66000000,0.5308
1749262326,0.53170000,3277.65000000,0.5308
1749262326,0.53180000,3724.96000000,0.5308
1749262326,0.53190000,1974.88000000,0.5308
1749262326,0.53200000,3900.76000000,0.5308
1749262326,0.53210000,2889.48000000,0.5308
1749262326,0.53220000,1304.70000000,0.5308
1749262326,0.53230000,2051.21000000,0.5308
1749262326,0.53240000,7439.64000000,0.5308
1749262326,0.53250000,4121.03000000,0.5308
1749262326,0.53260000,13555.65000000,0.5308
1749262326,0.53270000,1303.89000000,0.5308
1749262326,0.53280000,10942.29000000,0.5308
1749262326,0.53290000,2022.89000000,0.5308
1749262326,0.53300000,4922.85000000,0.5308
1749262326,0.53310000,558.46000000,0.5308
1749262326,0.53320000,600.20000000,0.5308
1749262326,0.53330000,686.12000000,0.5308
1749262326,0.53340000,2008.78000000,0.5308
1749262326,0.53350000,473.81000000,0.5308
1749262326,0.53360000,18.74000000,0.5308
1749262326,0.53370000,745.95000000,0.5308
1749262326,0.53380000,2088.91000000,0.5308
1749262326,0.53390000,459.73000000,0.5308
1749262326,0.53400000,712.53000000,0.5308
1749262326,0.53410000,2022.82000000,0.5308
1749262326,0.53420000,28.72000000,0.5308
1749262326,0.53430000,2002.32000000,0.5308
1749262326,0.53440000,14624.52000000,0.5308
1749262326,0.53450000,18.70000000,0.5308
1749262326,0.53460000,2018.52000000,0.5308
1749262326,0.53470000,33.01000000,0.5308
1749262326,0.53480000,18.96000000,0.5308
1749262326,0.53490000,2454.55000000,0.5308
1749262326,0.53500000,23085.08000000,0.5308
1749262326,0.53510000,459.95000000,0.5308
1749262326,0.53520000,2039.69000000,0.5308
1749262326,0.53530000,33.12000000,0.5308
1749262326,0.53540000,18.94000000,0.5308
1749262326,0.53550000,1567.98000000,0.5308
1749262326,0.53560000,317.74000000,0.5308
1749262326,0.53570000,175.19000000,0.5308
1749262326,0.53580000,1567.97000000,0.5308
1749262326,0.53590000,42.86000000,0.5308
1749262326,0.53600000,18.92000000,0.5308
1749262326,0.53610000,3013.50000000,0.5308
1749262326,0.53620000,33.06000000,0.5308
1749262326,0.53630000,18.91000000,0.5308
1749262326,0.53640000,1635.61000000,0.5308
1749262326,0.53650000,345.73000000,0.5308
1749262326,0.53660000,18.89000000,0.5308
1749262326,0.53670000,1567.94000000,0.5308
1749262326,0.53680000,33.03000000,0.5308
1749262326,0.53690000,18.89000000,0.5308
1749262326,0.53700000,1583.03000000,0.5308
1749262326,0.53710000,33.01000000,0.5308
1749262326,0.53720000,18.88000000,0.5308
1749262326,0.53730000,1578.33000000,0.5308
1749262326,0.53740000,32.99000000,0.5308
1749262326,0.53750000,167.69000000,0.5308
1749262326,0.53760000,1577.64000000,0.5308
1749262326,0.53770000,1090.44000000,0.5308
1749262326,0.53780000,30.02000000,0.5308
1749262326,0.53790000,1843.44000000,0.5308
1749262326,0.53800000,32.96000000,0.5308
1749262326,0.53810000,154.81000000,0.5308
1749262326,0.53820000,18.84000000,0.5308
1749262326,0.53830000,32.94000000,0.5308
1749262326,0.53840000,18.84000000,0.5308
1749262326,0.53860000,502.26000000,0.5308
1749262326,0.53880000,371.17000000,0.5308
1749262326,0.53890000,14.08000000,0.5308
1749262326,0.53900000,10.00000000,0.5308
1749262326,0.53910000,14.84000000,0.5308
1749262326,0.53920000,106.03000000,0.5308
1749262326,0.53950000,14.07000000,0.5308
1749262326,0.53980000,40.48000000,0.5308
1749262326,0.54000000,521.80000000,0.5308
1749262326,0.54010000,14.05000000,0.5308
1749262326,0.54040000,14.04000000,0.5308
1749262326,0.54070000,10.11000000,0.5308
1749262326,0.54090000,212.88000000,0.5308
1749262326,0.54100000,40009.67000000,0.5308
1749262326,0.54110000,42.77000000,0.5308
1749262326,0.54130000,137.50000000,0.5308
1749262326,0.54150000,2375.44000000,0.5308
1749262326,0.54180000,524.04000000,0.5308
1749262326,0.54190000,3203.66000000,0.5308
1749262326,0.54200000,3255.86000000,0.5308
1749262326,0.54220000,320.66000000,0.5308
1749262326,0.54230000,55.31000000,0.5308
1749262326,0.54270000,14.74000000,0.5308
1749262326,0.54280000,12.83000000,0.5308
1749262628,0.53110000,1361.41000000,0.5311
1749262628,0.53120000,2129.79000000,0.5311
1749262628,0.53130000,3548.27000000,0.5311
1749262628,0.53140000,4290.04000000,0.5311
1749262628,0.53150000,1863.54000000,0.5311
1749262628,0.53160000,2322.70000000,0.5311
1749262628,0.53170000,1044.67000000,0.5311
1749262628,0.53180000,1333.90000000,0.5311
1749262628,0.53190000,2897.92000000,0.5311
1749262628,0.53200000,1718.63000000,0.5311
1749262628,0.53210000,2297.27000000,0.5311
1749262628,0.53220000,3200.91000000,0.5311
1749262628,0.53230000,3700.60000000,0.5311
1749262628,0.53240000,9137.08000000,0.5311
1749262628,0.53250000,5958.49000000,0.5311
1749262628,0.53260000,13985.30000000,0.5311
1749262628,0.53270000,12082.00000000,0.5311
1749262628,0.53280000,2632.57000000,0.5311
1749262628,0.53290000,502.13000000,0.5311
1749262628,0.53300000,718.21000000,0.5311
1749262628,0.53310000,2008.80000000,0.5311
1749262628,0.53320000,459.76000000,0.5311
1749262628,0.53330000,473.87000000,0.5311
1749262628,0.53340000,5663.39000000,0.5311
1749262628,0.53350000,4673.91000000,0.5311
1749262628,0.53360000,32.85000000,0.5311
1749262628,0.53370000,745.95000000,0.5311
1749262628,0.53380000,2122.30000000,0.5311
1749262628,0.53390000,473.84000000,0.5311
1749262628,0.53400000,827.01000000,0.5311
1749262628,0.53410000,2008.76000000,0.5311
1749262628,0.53420000,42.83000000,0.5311
1749262628,0.53430000,459.71000000,0.5311
1749262628,0.53440000,1552.64000000,0.5311
1749262628,0.53450000,32.81000000,0.5311
1749262628,0.53460000,10954.89000000,0.5311
1749262628,0.53470000,145.33000000,0.5311
1749262628,0.53480000,4678.12000000,0.5311
1749262628,0.53490000,3995.58000000,0.5311
1749262628,0.53500000,18868.00000000,0.5311
1749262628,0.53510000,474.06000000,0.5311
1749262628,0.53520000,2039.69000000,0.5311
1749262628,0.53530000,18.95000000,0.5311
1749262628,0.53540000,474.05000000,0.5311
1749262628,0.53550000,2008.98000000,0.5311
1749262628,0.53560000,18.93000000,0.5311
1749262628,0.53570000,630.30000000,0.5311
1749262628,0.53580000,6271.16000000,0.5311
1749262628,0.53590000,28.69000000,0.5311
1749262628,0.53600000,33.03000000,0.5311
1749262628,0.53610000,3013.50000000,0.5311
1749262628,0.53620000,18.91000000,0.5311
1749262628,0.53630000,33.02000000,0.5311
1749262628,0.53640000,1635.61000000,0.5311
1749262628,0.53650000,331.59000000,0.5311
1749262628,0.53660000,314.37000000,0.5311
1749262628,0.53670000,1567.94000000,0.5311
1749262628,0.53680000,18.89000000,0.5311
1749262628,0.53690000,33.00000000,0.5311
1749262628,0.53700000,1583.03000000,0.5311
1749262628,0.53710000,18.88000000,0.5311
1749262628,0.53720000,32.99000000,0.5311
1749262628,0.53730000,1578.33000000,0.5311
1749262628,0.53740000,18.87000000,0.5311
1749262628,0.53750000,181.80000000,0.5311
1749262628,0.53760000,1577.64000000,0.5311
1749262628,0.53770000,18.86000000,0.5311
1749262628,0.53780000,44.13000000,0.5311
1749262628,0.53790000,1843.44000000,0.5311
1749262628,0.53800000,18.86000000,0.5311
1749262628,0.53810000,154.81000000,0.5311
1749262628,0.53820000,18.84000000,0.5311
1749262628,0.53830000,18.84000000,0.5311
1749262628,0.53840000,18.84000000,0.5311
1749262628,0.53850000,18.83000000,0.5311
1749262628,0.53860000,18.83000000,0.5311
1749262628,0.53900000,10.00000000,0.5311
1749262628,0.53910000,14.84000000,0.5311
1749262628,0.53920000,1149.42000000,0.5311
1749262628,0.53940000,487.31000000,0.5311
1749262628,0.53980000,26.42000000,0.5311
1749262628,0.54000000,9.29000000,0.5311
1749262628,0.54070000,10.11000000,0.5311
1749262628,0.54090000,212.88000000,0.5311
1749262628,0.54100000,40379.30000000,0.5311
1749262628,0.54110000,42.77000000,0.5311
1749262628,0.54130000,137.50000000,0.5311
1749262628,0.54180000,524.04000000,0.5311
1749262628,0.54190000,3203.66000000,0.5311
1749262628,0.54200000,2517.86000000,0.5311
1749262628,0.54220000,320.66000000,0.5311
1749262628,0.54230000,55.31000000,0.5311
1749262628,0.54240000,525.55000000,0.5311
1749262628,0.54270000,14.74000000,0.5311
1749262628,0.54280000,12.83000000,0.5311
1749262628,0.54290000,2375.44000000,0.5311
1749262628,0.54300000,10.13000000,0.5311
1749262628,0.54320000,14.73000000,0.5311
1749262628,0.54350000,8273.85000000,0.5311
1749262628,0.54360000,10.30000000,0.5311
1749262932,0.53120000,292.41000000,0.5312
1749262932,0.53130000,1872.90000000,0.5312
1749262932,0.53140000,3175.93000000,0.5312
1749262932,0.53150000,3065.16000000,0.5312
1749262932,0.53160000,2452.54000000,0.5312
1749262932,0.53170000,2307.30000000,0.5312
1749262932,0.53180000,3078.23000000,0.5312
1749262932,0.53190000,2919.64000000,0.5312
1749262932,0.53200000,1735.29000000,0.5312
1749262932,0.53210000,2560.58000000,0.5312
1749262932,0.53220000,3200.91000000,0.5312
1749262932,0.53230000,1342.18000000,0.5312
1749262932,0.53240000,7340.82000000,0.5312
1749262932,0.53250000,24455.65000000,0.5312
1749262932,0.53260000,13407.66000000,0.5312
1749262932,0.53270000,1628.14000000,0.5312
1749262932,0.53280000,4118.39000000,0.5312
1749262932,0.53290000,1238.39000000,0.5312
1749262932,0.53300000,718.21000000,0.5312
1749262932,0.53310000,2008.80000000,0.5312
1749262932,0.53320000,459.76000000,0.5312
1749262932,0.53330000,473.87000000,0.5312
1749262932,0.53340000,2008.78000000,0.5312
1749262932,0.53350000,459.74000000,0.5312
1749262932,0.53360000,3892.75000000,0.5312
1749262932,0.53370000,745.95000000,0.5312
1749262932,0.53380000,2123.79000000,0.5312
1749262932,0.53390000,572.54000000,0.5312
1749262932,0.53400000,712.53000000,0.5312
1749262932,0.53410000,2008.76000000,0.5312
1749262932,0.53420000,42.83000000,0.5312
1749262932,0.53430000,1453.94000000,0.5312
1749262932,0.53440000,4199.50000000,0.5312
1749262932,0.53450000,32.81000000,0.5312
1749262932,0.53460000,2018.52000000,0.5312
1749262932,0.53470000,10628.08000000,0.5312
1749262932,0.53480000,474.07000000,0.5312
1749262932,0.53490000,2454.55000000,0.5312
1749262932,0.53500000,18868.00000000,0.5312
1749262932,0.53510000,474.06000000,0.5312
1749262932,0.53520000,2039.69000000,0.5312
1749262932,0.53530000,18.95000000,0.5312
1749262932,0.53540000,474.05000000,0.5312
1749262932,0.53550000,5741.30000000,0.5312
1749262932,0.53560000,18.93000000,0.5312
1749262932,0.53570000,630.30000000,0.5312
1749262932,0.53580000,2075.05000000,0.5312
1749262932,0.53590000,28.69000000,0.5312
1749262932,0.53600000,33.03000000,0.5312
1749262932,0.53610000,3454.50000000,0.5312
1749262932,0.53620000,18.91000000,0.5312
1749262932,0.53630000,33.02000000,0.5312
1749262932,0.53640000,1635.61000000,0.5312
1749262932,0.53650000,331.59000000,0.5312
1749262932,0.53660000,314.37000000,0.5312
1749262932,0.53670000,1567.94000000,0.5312
1749262932,0.53680000,18.89000000,0.5312
1749262932,0.53690000,33.00000000,0.5312
1749262932,0.53700000,1583.03000000,0.5312
1749262932,0.53710000,18.88000000,0.5312
1749262932,0.53720000,32.99000000,0.5312
1749262932,0.53730000,1578.33000000,0.5312
1749262932,0.53740000,18.87000000,0.5312
1749262932,0.53750000,181.80000000,0.5312
1749262932,0.53760000,1577.64000000,0.5312
1749262932,0.53770000,18.86000000,0.5312
1749262932,0.53780000,44.13000000,0.5312
1749262932,0.53790000,1843.44000000,0.5312
1749262932,0.53800000,18.86000000,0.5312
1749262932,0.53810000,154.81000000,0.5312
1749262932,0.53820000,18.84000000,0.5312
1749262932,0.53830000,18.84000000,0.5312
1749262932,0.53840000,18.84000000,0.5312
1749262932,0.53850000,18.83000000,0.5312
1749262932,0.53860000,18.83000000,0.5312
1749262932,0.53870000,18.83000000,0.5312
1749262932,0.53900000,497.80000000,0.5312
1749262932,0.53910000,14.84000000,0.5312
1749262932,0.53920000,1149.42000000,0.5312
1749262932,0.53980000,26.42000000,0.5312
1749262932,0.54000000,9.29000000,0.5312
1749262932,0.54070000,10.11000000,0.5312
1749262932,0.54090000,212.88000000,0.5312
1749262932,0.54100000,40379.30000000,0.5312
1749262932,0.54110000,42.77000000,0.5312
1749262932,0.54130000,137.50000000,0.5312
1749262932,0.54180000,524.04000000,0.5312
1749262932,0.54190000,3203.66000000,0.5312
1749262932,0.54200000,2517.86000000,0.5312
1749262932,0.54220000,320.66000000,0.5312
1749262932,0.54230000,55.31000000,0.5312
1749262932,0.54240000,525.55000000,0.5312
1749262932,0.54270000,14.74000000,0.5312
1749262932,0.54280000,12.83000000,0.5312
1749262932,0.54290000,2375.44000000,0.5312
1749262932,0.54300000,10.13000000,0.5312
1749262932,0.54320000,14.73000000,0.5312
1749262932,0.54350000,8273.85000000,0.5312
1749262932,0.54360000,10.30000000,0.5312
1749262932,0.54400000,329.44000000,0.5312
1749263233,0.53170000,339.40000000,0.5315
1749263233,0.53180000,1486.23000000,0.5315
1749263233,0.53190000,2222.03000000,0.5315
1749263233,0.53200000,2828.43000000,0.5315
1749263233,0.53210000,1853.88000000,0.5315
1749263233,0.53220000,1951.87000000,0.5315
1749263233,0.53230000,1882.48000000,0.5315
1749263233,0.53240000,3647.94000000,0.5315
1749263233,0.53250000,3312.41000000,0.5315
1749263233,0.53260000,1804.47000000,0.5315
1749263233,0.53270000,1899.10000000,0.5315
1749263233,0.53280000,2477.20000000,0.5315
1749263233,0.53290000,771.38000000,0.5315
1749263233,0.53300000,3132.20000000,0.5315
1749263233,0.53310000,3071.93000000,0.5315
1749263233,0.53320000,12688.63000000,0.5315
1749263233,0.53330000,1317.15000000,0.5315
1749263233,0.53340000,2008.78000000,0.5315
1749263233,0.53350000,37773.40000000,0.5315
1749263233,0.53360000,32.85000000,0.5315
1749263233,0.53370000,11090.25000000,0.5315
1749263233,0.53380000,6220.59000000,0.5315
1749263233,0.53390000,587.06000000,0.5315
1749263233,0.53400000,826.41000000,0.5315
1749263233,0.53410000,2008.76000000,0.5315
1749263233,0.53420000,904.98000000,0.5315
1749263233,0.53430000,459.71000000,0.5315
1749263233,0.53440000,558.41000000,0.5315
1749263233,0.53450000,32.81000000,0.5315
1749263233,0.53460000,2018.52000000,0.5315
1749263233,0.53470000,145.33000000,0.5315
1749263233,0.53480000,474.07000000,0.5315
1749263233,0.53490000,6657.84000000,0.5315
1749263233,0.53500000,27804.65000000,0.5315
1749263233,0.53510000,474.06000000,0.5315
1749263233,0.53520000,2039.69000000,0.5315
1749263233,0.53530000,746.17000000,0.5315
1749263233,0.53540000,1468.28000000,0.5315
1749263233,0.53550000,3548.36000000,0.5315
1749263233,0.53560000,18.93000000,0.5315
1749263233,0.53570000,630.30000000,0.5315
1749263233,0.53580000,2075.05000000,0.5315
1749263233,0.53590000,4224.47000000,0.5315
1749263233,0.53600000,33.03000000,0.5315
1749263233,0.53610000,3454.50000000,0.5315
1749263233,0.53620000,18.91000000,0.5315
1749263233,0.53630000,474.02000000,0.5315
1749263233,0.53640000,2020.70000000,0.5315
1749263233,0.53650000,772.59000000,0.5315
1749263233,0.53660000,314.37000000,0.5315
1749263233,0.53670000,1567.94000000,0.5315
1749263233,0.53680000,18.89000000,0.5315
1749263233,0.53690000,33.00000000,0.5315
1749263233,0.53700000,1583.03000000,0.5315
1749263233,0.53710000,18.88000000,0.5315
1749263233,0.53720000,32.99000000,0.5315
1749263233,0.53730000,1578.33000000,0.5315
1749263233,0.53740000,18.87000000,0.5315
1749263233,0.53750000,32.98000000,0.5315
1749263233,0.53760000,1577.64000000,0.5315
1749263233,0.53770000,18.86000000,0.5315
1749263233,0.53780000,44.13000000,0.5315
1749263233,0.53790000,1843.44000000,0.5315
1749263233,0.53800000,18.86000000,0.5315
1749263233,0.53810000,154.81000000,0.5315
1749263233,0.53820000,18.84000000,0.5315
1749263233,0.53830000,18.84000000,0.5315
1749263233,0.53840000,18.84000000,0.5315
1749263233,0.53850000,18.83000000,0.5315
1749263233,0.53860000,18.83000000,0.5315
1749263233,0.53870000,74.49000000,0.5315
1749263233,0.53880000,18.81000000,0.5315
1749263233,0.53890000,18.81000000,0.5315
1749263233,0.53900000,28.81000000,0.5315
1749263233,0.53910000,33.65000000,0.5315
1749263233,0.53920000,1655.62000000,0.5315
1749263233,0.53970000,148.20000000,0.5315
1749263233,0.53980000,26.42000000,0.5315
1749263233,0.54000000,9.29000000,0.5315
1749263233,0.54070000,10.11000000,0.5315
1749263233,0.54090000,212.88000000,0.5315
1749263233,0.54100000,40379.30000000,0.5315
1749263233,0.54110000,42.77000000,0.5315
1749263233,0.54130000,137.50000000,0.5315
1749263233,0.54180000,524.04000000,0.5315
1749263233,0.54190000,3203.66000000,0.5315
1749263233,0.54200000,2517.86000000,0.5315
1749263233,0.54220000,320.66000000,0.5315
1749263233,0.54240000,525.55000000,0.5315
1749263233,0.54270000,14.74000000,0.5315
1749263233,0.54280000,12.83000000,0.5315
1749263233,0.54290000,2375.44000000,0.5315
1749263233,0.54300000,10.13000000,0.5315
1749263233,0.54320000,14.73000000,0.5315
1749263233,0.54350000,8273.85000000,0.5315
1749263233,0.54360000,10.30000000,0.5315
1749263233,0.54400000,329.44000000,0.5315
1749263233,0.54410000,3099.93000000,0.5315
1749263233,0.54420000,734.94000000,0.5315
1749263233,0.54450000,55.09000000,0.5315
1749263535,0.53330000,1035.45000000,0.5332
1749263535,0.53340000,1691.97000000,0.5332
1749263535,0.53350000,1829.09000000,0.5332
1749263535,0.53360000,3589.45000000,0.5332
1749263535,0.53370000,1379.34000000,0.5332
1749263535,0.53380000,2033.54000000,0.5332
1749263535,0.53390000,2337.66000000,0.5332
1749263535,0.53400000,2496.46000000,0.5332
1749263535,0.53410000,2916.51000000,0.5332
1749263535,0.53420000,4069.21000000,0.5332
1749263535,0.53430000,2022.82000000,0.5332
1749263535,0.53440000,1243.90000000,0.5332
1749263535,0.53450000,2192.26000000,0.5332
1749263535,0.53460000,5397.13000000,0.5332
1749263535,0.53470000,1394.38000000,0.5332
1749263535,0.53480000,474.07000000,0.5332
1749263535,0.53490000,6099.62000000,0.5332
1749263535,0.53500000,18868.00000000,0.5332
1749263535,0.53510000,474.06000000,0.5332
1749263535,0.53520000,2039.69000000,0.5332
1749263535,0.53530000,573.87000000,0.5332
1749263535,0.53540000,474.05000000,0.5332
1749263535,0.53550000,6786.10000000,0.5332
1749263535,0.53560000,459.93000000,0.5332
1749263535,0.53570000,630.30000000,0.5332
1749263535,0.53580000,2008.97000000,0.5332
1749263535,0.53590000,28.69000000,0.5332
1749263535,0.53600000,33.03000000,0.5332
1749263535,0.53610000,10861.63000000,0.5332
1749263535,0.53620000,558.61000000,0.5332
1749263535,0.53630000,5132.83000000,0.5332
1749263535,0.53640000,3014.93000000,0.5332
1749263535,0.53650000,45.46000000,0.5332
1749263535,0.53660000,33.00000000,0.5332
1749263535,0.53670000,2008.94000000,0.5332
1749263535,0.53680000,18.89000000,0.5332
1749263535,0.53690000,1568.75000000,0.5332
1749263535,0.53700000,6521.40000000,0.5332
1749263535,0.53710000,18.88000000,0.5332
1749263535,0.53720000,32.99000000,0.5332
1749263535,0.53730000,1578.33000000,0.5332
1749263535,0.53740000,18.87000000,0.5332
1749263535,0.53750000,32.98000000,0.5332
1749263535,0.53760000,1859.97000000,0.5332
1749263535,0.53770000,304.99000000,0.5332
1749263535,0.53780000,44.13000000,0.5332
1749263535,0.53790000,1843.44000000,0.5332
1749263535,0.53800000,394.05000000,0.5332
1749263535,0.53810000,168.91000000,0.5332
1749263535,0.53820000,18.84000000,0.5332
1749263535,0.53830000,18.84000000,0.5332
1749263535,0.53840000,32.93000000,0.5332
1749263535,0.53850000,18.83000000,0.5332
1749263535,0.53860000,84.91000000,0.5332
1749263535,0.53870000,88.59000000,0.5332
1749263535,0.53880000,18.81000000,0.5332
1749263535,0.53890000,18.81000000,0.5332
1749263535,0.53900000,42.91000000,0.5332
1749263535,0.53910000,33.65000000,0.5332
1749263535,0.53920000,110.76000000,0.5332
1749263535,0.53930000,1478.44000000,0.5332
1749263535,0.53940000,18.80000000,0.5332
1749263535,0.53950000,18.80000000,0.5332
1749263535,0.53960000,18.79000000,0.5332
1749263535,0.53970000,166.99000000,0.5332
1749263535,0.53980000,45.21000000,0.5332
1749263535,0.53990000,18.78000000,0.5332
1749263535,0.54000000,28.07000000,0.5332
1749263535,0.54010000,18.78000000,0.5332
1749263535,0.54020000,18.77000000,0.5332
1749263535,0.54030000,18.77000000,0.5332
1749263535,0.54040000,505.07000000,0.5332
1749263535,0.54050000,18.76000000,0.5332
1749263535,0.54060000,18.76000000,0.5332
1749263535,0.54070000,28.87000000,0.5332
1749263535,0.54080000,18.75000000,0.5332
1749263535,0.54090000,212.88000000,0.5332
1749263535,0.54100000,41436.77000000,0.5332
1749263535,0.54110000,42.77000000,0.5332
1749263535,0.54130000,137.50000000,0.5332
1749263535,0.54190000,3203.66000000,0.5332
1749263535,0.54200000,2517.86000000,0.5332
1749263535,0.54220000,320.66000000,0.5332
1749263535,0.54240000,525.55000000,0.5332
1749263535,0.54270000,14.74000000,0.5332
1749263535,0.54280000,12.83000000,0.5332
1749263535,0.54300000,10.13000000,0.5332
1749263535,0.54320000,14.73000000,0.5332
1749263535,0.54360000,10.30000000,0.5332
1749263535,0.54400000,843.28000000,0.5332
1749263535,0.54410000,3099.93000000,0.5332
1749263535,0.54420000,734.94000000,0.5332
1749263535,0.54430000,2375.44000000,0.5332
1749263535,0.54450000,55.09000000,0.5332
1749263535,0.54490000,9901.45000000,0.5332
1749263535,0.54500000,37.71000000,0.5332
1749263535,0.54550000,10.35000000,0.5332
1749263535,0.54630000,14.84000000,0.5332
1749263535,0.54660000,38.00000000,0.5332
1749263535,0.54670000,43.29000000,0.5332
1749263841,0.53410000,659.41000000,0.5341
1749263841,0.53420000,2645.89000000,0.5341
1749263841,0.53430000,1381.59000000,0.5341
1749263841,0.53440000,3250.36000000,0.5341
1749263841,0.53450000,3007.73000000,0.5341
1749263841,0.53460000,3246.49000000,0.5341
1749263841,0.53470000,1366.48000000,0.5341
1749263841,0.53480000,5808.77000000,0.5341
1749263841,0.53490000,3224.08000000,0.5341
1749263841,0.53500000,18882.05000000,0.5341
1749263841,0.53510000,3844.33000000,0.5341
1749263841,0.53520000,4705.33000000,0.5341
1749263841,0.53530000,1207.19000000,0.5341
1749263841,0.53540000,2162.68000000,0.5341
1749263841,0.53550000,2037.43000000,0.5341
1749263841,0.53560000,488.57000000,0.5341
1749263841,0.53570000,5438.35000000,0.5341
1749263841,0.53580000,2165.15000000,0.5341
1749263841,0.53590000,28.69000000,0.5341
1749263841,0.53600000,474.03000000,0.5341
1749263841,0.53610000,2135.32000000,0.5341
1749263841,0.53620000,18.91000000,0.5341
1749263841,0.53630000,586.65000000,0.5341
1749263841,0.53640000,6678.11000000,0.5341
1749263841,0.53650000,600.20000000,0.5341
1749263841,0.53660000,33.00000000,0.5341
1749263841,0.53670000,2008.94000000,0.5341
1749263841,0.53680000,459.89000000,0.5341
1749263841,0.53690000,33.00000000,0.5341
1749263841,0.53700000,2310.25000000,0.5341
1749263841,0.53710000,18.88000000,0.5341
1749263841,0.53720000,572.69000000,0.5341
1749263841,0.53730000,6668.67000000,0.5341
1749263841,0.53740000,8912.20000000,0.5341
1749263841,0.53750000,1468.21000000,0.5341
1749263841,0.53760000,3364.71000000,0.5341
1749263841,0.53770000,18.86000000,0.5341
1749263841,0.53780000,32.97000000,0.5341
1749263841,0.53790000,1999.70000000,0.5341
1749263841,0.53800000,394.05000000,0.5341
1749263841,0.53810000,168.91000000,0.5341
1749263841,0.53820000,18.84000000,0.5341
1749263841,0.53830000,18.84000000,0.5341
1749263841,0.53840000,32.93000000,0.5341
1749263841,0.53850000,6207.00000000,0.5341
1749263841,0.53860000,84.91000000,0.5341
1749263841,0.53870000,313.26000000,0.5341
1749263841,0.53880000,301.58000000,0.5341
1749263841,0.53890000,18.81000000,0.5341
1749263841,0.53900000,42.91000000,0.5341
1749263841,0.53910000,18.81000000,0.5341
1749263841,0.53920000,110.76000000,0.5341
1749263841,0.53930000,1478.44000000,0.5341
1749263841,0.53940000,18.80000000,0.5341
1749263841,0.53950000,18.80000000,0.5341
1749263841,0.53960000,32.85000000,0.5341
1749263841,0.53970000,18.79000000,0.5341
1749263841,0.53980000,45.21000000,0.5341
1749263841,0.53990000,32.84000000,0.5341
1749263841,0.54000000,28.07000000,0.5341
1749263841,0.54010000,18.78000000,0.5341
1749263841,0.54020000,32.82000000,0.5341
1749263841,0.54030000,18.77000000,0.5341
1749263841,0.54040000,18.77000000,0.5341
1749263841,0.54050000,18.76000000,0.5341
1749263841,0.54060000,18.76000000,0.5341
1749263841,0.54070000,28.86000000,0.5341
1749263841,0.54080000,18.75000000,0.5341
1749263841,0.54090000,287.08000000,0.5341
1749263841,0.54100000,41085.88000000,0.5341
1749263841,0.54110000,61.51000000,0.5341
1749263841,0.54120000,18.74000000,0.5341
1749263841,0.54130000,156.24000000,0.5341
1749263841,0.54140000,18.74000000,0.5341
1749263841,0.54150000,504.29000000,0.5341
1749263841,0.54160000,18.73000000,0.5341
1749263841,0.54190000,3203.66000000,0.5341
1749263841,0.54200000,2665.45000000,0.5341
1749263841,0.54220000,320.66000000,0.5341
1749263841,0.54270000,14.74000000,0.5341
1749263841,0.54280000,12.83000000,0.5341
1749263841,0.54300000,10.13000000,0.5341
1749263841,0.54330000,368.11000000,0.5341
1749263841,0.54360000,10.30000000,0.5341
1749263841,0.54400000,843.28000000,0.5341
1749263841,0.54410000,3099.93000000,0.5341
1749263841,0.54430000,2375.44000000,0.5341
1749263841,0.54450000,514.20000000,0.5341
1749263841,0.54490000,9901.45000000,0.5341
1749263841,0.54500000,37.71000000,0.5341
1749263841,0.54550000,10.35000000,0.5341
1749263841,0.54630000,14.84000000,0.5341
1749263841,0.54650000,731.91000000,0.5341
1749263841,0.54660000,38.00000000,0.5341
1749263841,0.54670000,43.29000000,0.5341
1749263841,0.54680000,54.86000000,0.5341
1749263841,0.54710000,2398.24000000,0.5341
1749263841,0.54730000,36.53000000,0.5341
1749263841,0.54750000,30.01000000,0.5341
1749263841,0.54770000,163.05000000,0.5341
1749264143,0.53420000,353.36000000,0.5341
1749264143,0.53430000,1658.40000000,0.5341
1749264143,0.53440000,1870.00000000,0.5341
1749264143,0.53450000,3250.99000000,0.5341
1749264143,0.53460000,3600.28000000,0.5341
1749264143,0.53470000,1060.18000000,0.5341
1749264143,0.53480000,1821.97000000,0.5341
1749264143,0.53490000,2850.32000000,0.5341
1749264143,0.53500000,20914.78000000,0.5341
1749264143,0.53510000,2794.04000000,0.5341
1749264143,0.53520000,1202.37000000,0.5341
1749264143,0.53530000,1623.08000000,0.5341
1749264143,0.53540000,3536.10000000,0.5341
1749264143,0.53550000,473.74000000,0.5341
1749264143,0.53560000,1392.58000000,0.5341
1749264143,0.53570000,4352.02000000,0.5341
1749264143,0.53580000,2165.18000000,0.5341
1749264143,0.53590000,469.69000000,0.5341
1749264143,0.53600000,474.03000000,0.5341
1749264143,0.53610000,6669.41000000,0.5341
1749264143,0.53620000,2199.85000000,0.5341
1749264143,0.53630000,586.16000000,0.5341
1749264143,0.53640000,2133.69000000,0.5341
1749264143,0.53650000,486.46000000,0.5341
1749264143,0.53660000,33.00000000,0.5341
1749264143,0.53670000,2008.94000000,0.5341
1749264143,0.53680000,18.89000000,0.5341
1749264143,0.53690000,131.70000000,0.5341
1749264143,0.53700000,2310.25000000,0.5341
1749264143,0.53710000,18.88000000,0.5341
1749264143,0.53720000,32.99000000,0.5341
1749264143,0.53730000,2019.33000000,0.5341
1749264143,0.53740000,14001.61000000,0.5341
1749264143,0.53750000,3128.86000000,0.5341
1749264143,0.53760000,2271.71000000,0.5341
1749264143,0.53770000,18.86000000,0.5341
1749264143,0.53780000,473.97000000,0.5341
1749264143,0.53790000,1999.70000000,0.5341
1749264143,0.53800000,18.86000000,0.5341
1749264143,0.53810000,168.91000000,0.5341
1749264143,0.53820000,6209.94000000,0.5341
1749264143,0.53830000,18.84000000,0.5341
1749264143,0.53840000,32.93000000,0.5341
1749264143,0.53850000,1567.87000000,0.5341
1749264143,0.53860000,84.91000000,0.5341
1749264143,0.53870000,32.91000000,0.5341
1749264143,0.53880000,587.10000000,0.5341
1749264143,0.53890000,18.81000000,0.5341
1749264143,0.53900000,42.91000000,0.5341
1749264143,0.53910000,1567.85000000,0.5341
1749264143,0.53920000,110.76000000,0.5341
1749264143,0.53930000,1478.44000000,0.5341
1749264143,0.53940000,18.80000000,0.5341
1749264143,0.53950000,18.80000000,0.5341
1749264143,0.53960000,32.85000000,0.5341
1749264143,0.53970000,1567.83000000,0.5341
1749264143,0.53980000,45.21000000,0.5341
1749264143,0.53990000,32.84000000,0.5341
1749264143,0.54000000,28.07000000,0.5341
1749264143,0.54010000,18.78000000,0.5341
1749264143,0.54020000,32.82000000,0.5341
1749264143,0.54030000,1567.81000000,0.5341
1749264143,0.54040000,18.77000000,0.5341
1749264143,0.54050000,32.79000000,0.5341
1749264143,0.54060000,18.76000000,0.5341
1749264143,0.54070000,28.86000000,0.5341
1749264143,0.54080000,32.78000000,0.5341
1749264143,0.54090000,287.08000000,0.5341
1749264143,0.54100000,40028.41000000,0.5341
1749264143,0.54110000,61.51000000,0.5341
1749264143,0.54120000,18.74000000,0.5341
1749264143,0.54130000,156.23000000,0.5341
1749264143,0.54140000,18.73000000,0.5341
1749264143,0.54150000,18.73000000,0.5341
1749264143,0.54160000,503.80000000,0.5341
1749264143,0.54170000,18.72000000,0.5341
1749264143,0.54190000,3203.66000000,0.5341
1749264143,0.54200000,2665.45000000,0.5341
1749264143,0.54220000,320.66000000,0.5341
1749264143,0.54250000,1057.47000000,0.5341
1749264143,0.54270000,14.74000000,0.5341
1749264143,0.54280000,12.83000000,0.5341
1749264143,0.54300000,10.13000000,0.5341
1749264143,0.54330000,368.11000000,0.5341
1749264143,0.54360000,10.30000000,0.5341
1749264143,0.54400000,843.28000000,0.5341
1749264143,0.54410000,3099.93000000,0.5341
1749264143,0.54440000,2375.44000000,0.5341
1749264143,0.54450000,514.20000000,0.5341
1749264143,0.54490000,1627.60000000,0.5341
1749264143,0.54500000,37.71000000,0.5341
1749264143,0.54550000,10.35000000,0.5341
1749264143,0.54630000,8288.69000000,0.5341
1749264143,0.54650000,731.91000000,0.5341
1749264143,0.54660000,38.00000000,0.5341
1749264143,0.54670000,43.29000000,0.5341
1749264143,0.54680000,54.86000000,0.5341
1749264143,0.54710000,2398.24000000,0.5341
1749264143,0.54730000,36.53000000,0.5341
1749264143,0.54750000,30.01000000,0.5341
1749264449,0.53440000,2399.71000000,0.5344
1749264449,0.53450000,2640.38000000,0.5344
1749264449,0.53460000,3004.52000000,0.5344
1749264449,0.53470000,3876.27000000,0.5344
1749264449,0.53480000,3118.50000000,0.5344
1749264449,0.53490000,3278.00000000,0.5344
1749264449,0.53500000,19255.90000000,0.5344
1749264449,0.53510000,2424.59000000,0.5344
1749264449,0.53520000,1311.98000000,0.5344
1749264449,0.53530000,1356.07000000,0.5344
1749264449,0.53540000,727.97000000,0.5344
1749264449,0.53550000,3403.99000000,0.5344
1749264449,0.53560000,473.72000000,0.5344
1749264449,0.53570000,4445.04000000,0.5344
1749264449,0.53580000,3111.79000000,0.5344
1749264449,0.53590000,483.72000000,0.5344
1749264449,0.53600000,4515.08000000,0.5344
1749264449,0.53610000,2008.96000000,0.5344
1749264449,0.53620000,2199.85000000,0.5344
1749264449,0.53630000,474.02000000,0.5344
1749264449,0.53640000,2176.59000000,0.5344
1749264449,0.53650000,486.46000000,0.5344
1749264449,0.53660000,474.00000000,0.5344
1749264449,0.53670000,6664.06000000,0.5344
1749264449,0.53680000,131.24000000,0.5344
1749264449,0.53690000,585.81000000,0.5344
1749264449,0.53700000,2310.25000000,0.5344
1749264449,0.53710000,459.88000000,0.5344
1749264449,0.53720000,32.99000000,0.5344
1749264449,0.53730000,2118.03000000,0.5344
1749264449,0.53740000,18.87000000,0.5344
1749264449,0.53750000,1594.57000000,0.5344
1749264449,0.53760000,11159.23000000,0.5344
1749264449,0.53770000,18.86000000,0.5344
1749264449,0.53780000,4678.07000000,0.5344
1749264449,0.53790000,1999.70000000,0.5344
1749264449,0.53800000,18.86000000,0.5344
1749264449,0.53810000,168.91000000,0.5344
1749264449,0.53820000,1567.88000000,0.5344
1749264449,0.53830000,1550.95000000,0.5344
1749264449,0.53840000,32.93000000,0.5344
1749264449,0.53850000,1567.87000000,0.5344
1749264449,0.53860000,84.91000000,0.5344
1749264449,0.53870000,32.91000000,0.5344
1749264449,0.53880000,18.81000000,0.5344
1749264449,0.53890000,4655.03000000,0.5344
1749264449,0.53900000,42.91000000,0.5344
1749264449,0.53910000,1567.85000000,0.5344
1749264449,0.53920000,110.76000000,0.5344
1749264449,0.53930000,1478.44000000,0.5344
1749264449,0.53940000,18.80000000,0.5344
1749264449,0.53950000,18.80000000,0.5344
1749264449,0.53960000,32.85000000,0.5344
1749264449,0.53970000,1567.83000000,0.5344
1749264449,0.53980000,45.21000000,0.5344
1749264449,0.53990000,32.84000000,0.5344
1749264449,0.54000000,28.07000000,0.5344
1749264449,0.54010000,298.65000000,0.5344
1749264449,0.54020000,318.84000000,0.5344
1749264449,0.54030000,1567.81000000,0.5344
1749264449,0.54040000,18.77000000,0.5344
1749264449,0.54050000,32.79000000,0.5344
1749264449,0.54060000,18.76000000,0.5344
1749264449,0.54070000,28.86000000,0.5344
1749264449,0.54080000,32.78000000,0.5344
1749264449,0.54090000,287.08000000,0.5344
1749264449,0.54100000,40028.41000000,0.5344
1749264449,0.54110000,61.51000000,0.5344
1749264449,0.54120000,18.74000000,0.5344
1749264449,0.54130000,156.23000000,0.5344
1749264449,0.54140000,18.73000000,0.5344
1749264449,0.54150000,18.73000000,0.5344
1749264449,0.54160000,18.72000000,0.5344
1749264449,0.54170000,503.55000000,0.5344
1749264449,0.54180000,18.72000000,0.5344
1749264449,0.54190000,3222.37000000,0.5344
1749264449,0.54200000,2665.45000000,0.5344
1749264449,0.54220000,320.66000000,0.5344
1749264449,0.54250000,1057.47000000,0.5344
1749264449,0.54270000,14.74000000,0.5344
1749264449,0.54280000,12.83000000,0.5344
1749264449,0.54300000,10.13000000,0.5344
1749264449,0.54330000,368.11000000,0.5344
1749264449,0.54360000,10.30000000,0.5344
1749264449,0.54400000,843.28000000,0.5344
1749264449,0.54410000,3099.93000000,0.5344
1749264449,0.54440000,2375.44000000,0.5344
1749264449,0.54450000,514.20000000,0.5344
1749264449,0.54490000,1627.60000000,0.5344
1749264449,0.54500000,37.71000000,0.5344
1749264449,0.54550000,10.35000000,0.5344
1749264449,0.54630000,8288.69000000,0.5344
1749264449,0.54650000,731.91000000,0.5344
1749264449,0.54660000,38.00000000,0.5344
1749264449,0.54670000,43.29000000,0.5344
1749264449,0.54680000,54.86000000,0.5344
1749264449,0.54710000,2398.24000000,0.5344
1749264449,0.54730000,36.53000000,0.5344
1749264449,0.54750000,30.01000000,0.5344
1749264449,0.54770000,163.05000000,0.5344
1749264751,0.53570000,524.66000000,0.5355
1749264751,0.53580000,1083.89000000,0.5355
1749264751,0.53590000,2965.58000000,0.5355
1749264751,0.53600000,4125.61000000,0.5355
1749264751,0.53610000,2538.10000000,0.5355
1749264751,0.53620000,4792.62000000,0.5355
1749264751,0.53630000,2491.59000000,0.5355
1749264751,0.53640000,2371.11000000,0.5355
1749264751,0.53650000,1166.43000000,0.5355
1749264751,0.53660000,3680.78000000,0.5355
1749264751,0.53670000,3522.95000000,0.5355
1749264751,0.53680000,863.44000000,0.5355
1749264751,0.53690000,4484.91000000,0.5355
1749264751,0.53700000,2163.20000000,0.5355
1749264751,0.53710000,2227.85000000,0.5355
1749264751,0.53720000,1404.07000000,0.5355
1749264751,0.53730000,2019.33000000,0.5355
1749264751,0.53740000,18.87000000,0.5355
1749264751,0.53750000,1529.97000000,0.5355
1749264751,0.53760000,2271.71000000,0.5355
1749264751,0.53770000,131.01000000,0.5355
1749264751,0.53780000,588.18000000,0.5355
1749264751,0.53790000,2284.44000000,0.5355
1749264751,0.53800000,4662.95000000,0.5355
1749264751,0.53810000,609.91000000,0.5355
1749264751,0.53820000,1567.88000000,0.5355
1749264751,0.53830000,18.84000000,0.5355
1749264751,0.53840000,32.93000000,0.5355
1749264751,0.53850000,11437.93000000,0.5355
1749264751,0.53860000,305.05000000,0.5355
1749264751,0.53870000,1564.03000000,0.5355
1749264751,0.53880000,117.51000000,0.5355
1749264751,0.53890000,18.81000000,0.5355
1749264751,0.53900000,42.91000000,0.5355
1749264751,0.53910000,6202.11000000,0.5355
1749264751,0.53920000,94.07000000,0.5355
1749264751,0.53930000,1478.44000000,0.5355
1749264751,0.53940000,1567.84000000,0.5355
1749264751,0.53950000,18.80000000,0.5355
1749264751,0.53960000,32.85000000,0.5355
1749264751,0.53970000,1567.83000000,0.5355
1749264751,0.53980000,45.21000000,0.5355
1749264751,0.53990000,32.84000000,0.5355
1749264751,0.54000000,28.07000000,0.5355
1749264751,0.54010000,454.91000000,0.5355
1749264751,0.54020000,4943.74000000,0.5355
1749264751,0.54030000,1567.81000000,0.5355
1749264751,0.54040000,18.77000000,0.5355
1749264751,0.54050000,32.79000000,0.5355
1749264751,0.54060000,18.76000000,0.5355
1749264751,0.54070000,94.94000000,0.5355
1749264751,0.54080000,32.78000000,0.5355
1749264751,0.54090000,1836.12000000,0.5355
1749264751,0.54100000,40028.41000000,0.5355
1749264751,0.54110000,75.53000000,0.5355
1749264751,0.54120000,18.74000000,0.5355
1749264751,0.54130000,156.23000000,0.5355
1749264751,0.54140000,32.75000000,0.5355
1749264751,0.54150000,18.73000000,0.5355
1749264751,0.54160000,18.72000000,0.5355
1749264751,0.54170000,32.72000000,0.5355
1749264751,0.54180000,18.72000000,0.5355
1749264751,0.54190000,3222.37000000,0.5355
1749264751,0.54200000,2684.16000000,0.5355
1749264751,0.54210000,18.71000000,0.5355
1749264751,0.54220000,339.36000000,0.5355
1749264751,0.54230000,18.70000000,0.5355
1749264751,0.54240000,18.70000000,0.5355
1749264751,0.54250000,1076.16000000,0.5355
1749264751,0.54260000,18.68000000,0.5355
1749264751,0.54270000,18.68000000,0.5355
1749264751,0.54280000,31.51000000,0.5355
1749264751,0.54290000,502.87000000,0.5355
1749264751,0.54300000,28.80000000,0.5355
1749264751,0.54310000,18.67000000,0.5355
1749264751,0.54320000,18.67000000,0.5355
1749264751,0.54330000,368.11000000,0.5355
1749264751,0.54360000,10.30000000,0.5355
1749264751,0.54400000,329.44000000,0.5355
1749264751,0.54410000,3099.93000000,0.5355
1749264751,0.54450000,514.20000000,0.5355
1749264751,0.54490000,1627.60000000,0.5355
1749264751,0.54500000,37.71000000,0.5355
1749264751,0.54550000,10.35000000,0.5355
1749264751,0.54590000,2375.44000000,0.5355
1749264751,0.54630000,8807.79000000,0.5355
1749264751,0.54650000,731.91000000,0.5355
1749264751,0.54660000,38.00000000,0.5355
1749264751,0.54670000,43.29000000,0.5355
1749264751,0.54680000,54.86000000,0.5355
1749264751,0.54730000,36.53000000,0.5355
1749264751,0.54750000,30.01000000,0.5355
1749264751,0.54770000,163.05000000,0.5355
1749264751,0.54800000,75.59000000,0.5355
1749264751,0.54860000,3136.73000000,0.5355
1749264751,0.54900000,10.00000000,0.5355
1749264751,0.54970000,195.34000000,0.5355
1749264751,0.54990000,1868.75000000,0.5355
1749264751,0.55000000,1232.88000000,0.5355
1749264751,0.55030000,442.06000000,0.5355
1749265053,0.53630000,190.59000000,0.5363
1749265053,0.53640000,1406.03000000,0.5363
1749265053,0.53650000,2426.33000000,0.5363
1749265053,0.53660000,2469.48000000,0.5363
1749265053,0.53670000,1965.82000000,0.5363
1749265053,0.53680000,1928.14000000,0.5363
1749265053,0.53690000,3023.05000000,0.5363
1749265053,0.53700000,3201.77000000,0.5363
1749265053,0.53710000,2586.50000000,0.5363
1749265053,0.53720000,3525.57000000,0.5363
1749265053,0.53730000,4189.95000000,0.5363
1749265053,0.53740000,473.86000000,0.5363
1749265053,0.53750000,1739.08000000,0.5363
1749265053,0.53760000,3536.58000000,0.5363
1749265053,0.53770000,5597.11000000,0.5363
1749265053,0.53780000,473.97000000,0.5363
1749265053,0.53790000,3241.52000000,0.5363
1749265053,0.53800000,459.86000000,0.5363
1749265053,0.53810000,1002.92000000,0.5363
1749265053,0.53820000,2164.45000000,0.5363
1749265053,0.53830000,459.84000000,0.5363
1749265053,0.53840000,473.93000000,0.5363
1749265053,0.53850000,2008.87000000,0.5363
1749265053,0.53860000,5098.60000000,0.5363
1749265053,0.53870000,32.91000000,0.5363
1749265053,0.53880000,1682.81000000,0.5363
1749265053,0.53890000,257.35000000,0.5363
1749265053,0.53900000,295.98000000,0.5363
1749265053,0.53910000,1567.85000000,0.5363
1749265053,0.53920000,94.07000000,0.5363
1749265053,0.53930000,32.90000000,0.5363
1749265053,0.53940000,1567.84000000,0.5363
1749265053,0.53950000,1013.03000000,0.5363
1749265053,0.53960000,13514.92000000,0.5363
1749265053,0.53970000,1567.83000000,0.5363
1749265053,0.53980000,45.21000000,0.5363
1749265053,0.53990000,32.84000000,0.5363
1749265053,0.54000000,28.07000000,0.5363
1749265053,0.54010000,461.26000000,0.5363
1749265053,0.54020000,32.82000000,0.5363
1749265053,0.54030000,1666.51000000,0.5363
1749265053,0.54040000,4641.59000000,0.5363
1749265053,0.54050000,1559.14000000,0.5363
1749265053,0.54060000,18.76000000,0.5363
1749265053,0.54070000,94.94000000,0.5363
1749265053,0.54080000,32.78000000,0.5363
1749265053,0.54090000,1780.67000000,0.5363
1749265053,0.54100000,41473.95000000,0.5363
1749265053,0.54110000,75.53000000,0.5363
1749265053,0.54120000,304.99000000,0.5363
1749265053,0.54130000,437.08000000,0.5363
1749265053,0.54140000,32.75000000,0.5363
1749265053,0.54150000,18.73000000,0.5363
1749265053,0.54160000,18.72000000,0.5363
1749265053,0.54170000,32.72000000,0.5363
1749265053,0.54180000,18.72000000,0.5363
1749265053,0.54190000,3222.37000000,0.5363
1749265053,0.54200000,2550.57000000,0.5363
1749265053,0.54210000,18.71000000,0.5363
1749265053,0.54220000,339.36000000,0.5363
1749265053,0.54230000,32.69000000,0.5363
1749265053,0.54240000,18.70000000,0.5363
1749265053,0.54250000,18.69000000,0.5363
1749265053,0.54260000,32.66000000,0.5363
1749265053,0.54270000,18.68000000,0.5363
1749265053,0.54280000,31.51000000,0.5363
1749265053,0.54290000,18.68000000,0.5363
1749265053,0.54300000,28.80000000,0.5363
1749265053,0.54310000,18.67000000,0.5363
1749265053,0.54320000,73.89000000,0.5363
1749265053,0.54330000,18.66000000,0.5363
1749265053,0.54340000,18.66000000,0.5363
1749265053,0.54350000,18.66000000,0.5363
1749265053,0.54360000,28.95000000,0.5363
1749265053,0.54370000,501.56000000,0.5363
1749265053,0.54380000,18.65000000,0.5363
1749265053,0.54400000,1386.91000000,0.5363
1749265053,0.54410000,3099.93000000,0.5363
1749265053,0.54430000,146.96000000,0.5363
1749265053,0.54490000,1627.60000000,0.5363
1749265053,0.54500000,37.71000000,0.5363
1749265053,0.54550000,376.95000000,0.5363
1749265053,0.54630000,533.94000000,0.5363
1749265053,0.54660000,38.00000000,0.5363
1749265053,0.54670000,540.54000000,0.5363
1749265053,0.54730000,2411.97000000,0.5363
1749265053,0.54750000,30.01000000,0.5363
1749265053,0.54770000,8436.90000000,0.5363
1749265053,0.54800000,75.59000000,0.5363
1749265053,0.54870000,728.91000000,0.5363
1749265053,0.54900000,10.00000000,0.5363
1749265053,0.54910000,54.62000000,0.5363
1749265053,0.54970000,195.34000000,0.5363
1749265053,0.55000000,3631.12000000,0.5363
1749265053,0.55050000,39.40000000,0.5363
1749265053,0.55070000,1087.65000000,0.5363
1749265053,0.55080000,738.49000000,0.5363
1749265053,0.55130000,1868.75000000,0.5363
1749265053,0.55170000,442.06000000,0.5363
1749265053,0.55210000,126.29000000,0.5363
1749265364,0.53550000,18.67000000,0.5354
1749265364,0.53560000,1052.48000000,0.5354
1749265364,0.53570000,1158.02000000,0.5354
1749265364,0.53580000,2530.27000000,0.5354
1749265364,0.53590000,4655.66000000,0.5354
1749265364,0.53600000,5005.28000000,0.5354
1749265364,0.53610000,1442.15000000,0.5354
1749265364,0.53620000,3011.55000000,0.5354
1749265364,0.53630000,2941.57000000,0.5354
1749265364,0.53640000,918.31000000,0.5354
1749265364,0.53650000,1311.74000000,0.5354
1749265364,0.53660000,976.86000000,0.5354
1749265364,0.53670000,3180.71000000,0.5354
1749265364,0.53680000,473.64000000,0.5354
1749265364,0.53690000,4357.06000000,0.5354
1749265364,0.53700000,2038.03000000,0.5354
1749265364,0.53710000,459.88000000,0.5354
1749265364,0.53720000,4114.40000000,0.5354
1749265364,0.53730000,2019.33000000,0.5354
1749265364,0.53740000,459.87000000,0.5354
1749265364,0.53750000,473.98000000,0.5354
1749265364,0.53760000,2018.64000000,0.5354
1749265364,0.53770000,459.86000000,0.5354
1749265364,0.53780000,4425.01000000,0.5354
1749265364,0.53790000,2398.25000000,0.5354
1749265364,0.53800000,18.86000000,0.5354
1749265364,0.53810000,609.91000000,0.5354
1749265364,0.53820000,1567.88000000,0.5354
1749265364,0.53830000,305.06000000,0.5354
1749265364,0.53840000,32.93000000,0.5354
1749265364,0.53850000,11437.06000000,0.5354
1749265364,0.53860000,18.83000000,0.5354
1749265364,0.53870000,5737.95000000,0.5354
1749265364,0.53880000,1567.85000000,0.5354
1749265364,0.53890000,145.17000000,0.5354
1749265364,0.53900000,295.98000000,0.5354
1749265364,0.53910000,1567.85000000,0.5354
1749265364,0.53920000,94.07000000,0.5354
1749265364,0.53930000,32.90000000,0.5354
1749265364,0.53940000,1567.84000000,0.5354
1749265364,0.53950000,18.80000000,0.5354
1749265364,0.53960000,32.85000000,0.5354
1749265364,0.53970000,1567.83000000,0.5354
1749265364,0.53980000,4210.90000000,0.5354
1749265364,0.53990000,32.84000000,0.5354
1749265364,0.54000000,28.07000000,0.5354
1749265364,0.54010000,175.04000000,0.5354
1749265364,0.54020000,32.82000000,0.5354
1749265364,0.54030000,1567.81000000,0.5354
1749265364,0.54040000,18.77000000,0.5354
1749265364,0.54050000,32.79000000,0.5354
1749265364,0.54060000,18.76000000,0.5354
1749265364,0.54070000,94.94000000,0.5354
1749265364,0.54080000,32.78000000,0.5354
1749265364,0.54090000,1780.67000000,0.5354
1749265364,0.54100000,41473.95000000,0.5354
1749265364,0.54110000,75.53000000,0.5354
1749265364,0.54120000,304.99000000,0.5354
1749265364,0.54130000,437.08000000,0.5354
1749265364,0.54140000,32.75000000,0.5354
1749265364,0.54150000,18.73000000,0.5354
1749265364,0.54160000,18.72000000,0.5354
1749265364,0.54170000,32.72000000,0.5354
1749265364,0.54180000,18.72000000,0.5354
1749265364,0.54190000,3222.37000000,0.5354
1749265364,0.54200000,2550.57000000,0.5354
1749265364,0.54210000,18.71000000,0.5354
1749265364,0.54220000,339.36000000,0.5354
1749265364,0.54230000,32.69000000,0.5354
1749265364,0.54240000,18.70000000,0.5354
1749265364,0.54250000,18.69000000,0.5354
1749265364,0.54260000,32.67000000,0.5354
1749265364,0.54270000,18.68000000,0.5354
1749265364,0.54280000,31.51000000,0.5354
1749265364,0.54290000,502.60000000,0.5354
1749265364,0.54300000,28.80000000,0.5354
1749265364,0.54320000,55.22000000,0.5354
1749265364,0.54360000,10.30000000,0.5354
1749265364,0.54400000,1386.91000000,0.5354
1749265364,0.54410000,3099.93000000,0.5354
1749265364,0.54430000,146.96000000,0.5354
1749265364,0.54490000,1627.60000000,0.5354
1749265364,0.54500000,37.71000000,0.5354
1749265364,0.54550000,376.95000000,0.5354
1749265364,0.54630000,533.94000000,0.5354
1749265364,0.54660000,38.00000000,0.5354
1749265364,0.54670000,540.54000000,0.5354
1749265364,0.54730000,2411.97000000,0.5354
1749265364,0.54750000,30.01000000,0.5354
1749265364,0.54770000,8436.90000000,0.5354
1749265364,0.54800000,75.59000000,0.5354
1749265364,0.54870000,728.91000000,0.5354
1749265364,0.54900000,10.00000000,0.5354
1749265364,0.54910000,54.62000000,0.5354
1749265364,0.54970000,195.34000000,0.5354
1749265364,0.55000000,3631.12000000,0.5354
1749265364,0.55050000,39.40000000,0.5354
1749265364,0.55070000,1087.65000000,0.5354
1749265364,0.55080000,738.49000000,0.5354
1749265364,0.55130000,1868.75000000,0.5354
1749265666,0.53650000,18.64000000,0.5364
1749265666,0.53660000,601.30000000,0.5364
1749265666,0.53670000,943.43000000,0.5364
1749265666,0.53680000,2690.38000000,0.5364
1749265666,0.53690000,4959.28000000,0.5364
1749265666,0.53700000,4776.94000000,0.5364
1749265666,0.53710000,2251.12000000,0.5364
1749265666,0.53720000,3531.07000000,0.5364
1749265666,0.53730000,3527.42000000,0.5364
1749265666,0.53740000,950.24000000,0.5364
1749265666,0.53750000,2201.01000000,0.5364
1749265666,0.53760000,2987.55000000,0.5364
1749265666,0.53770000,3589.26000000,0.5364
1749265666,0.53780000,3298.36000000,0.5364
1749265666,0.53790000,2284.44000000,0.5364
1749265666,0.53800000,4083.30000000,0.5364
1749265666,0.53810000,1838.54000000,0.5364
1749265666,0.53820000,2164.39000000,0.5364
1749265666,0.53830000,459.84000000,0.5364
1749265666,0.53840000,32.93000000,0.5364
1749265666,0.53850000,2008.87000000,0.5364
1749265666,0.53860000,4479.58000000,0.5364
1749265666,0.53870000,473.91000000,0.5364
1749265666,0.53880000,2375.51000000,0.5364
1749265666,0.53890000,697.98000000,0.5364
1749265666,0.53900000,736.98000000,0.5364
1749265666,0.53910000,2008.85000000,0.5364
1749265666,0.53920000,535.07000000,0.5364
1749265666,0.53930000,32.90000000,0.5364
1749265666,0.53940000,2008.84000000,0.5364
1749265666,0.53950000,1454.03000000,0.5364
1749265666,0.53960000,473.85000000,0.5364
1749265666,0.53970000,10423.32000000,0.5364
1749265666,0.53980000,486.21000000,0.5364
1749265666,0.53990000,2001.81000000,0.5364
1749265666,0.54000000,28.07000000,0.5364
1749265666,0.54010000,4338.45000000,0.5364
1749265666,0.54020000,32.82000000,0.5364
1749265666,0.54030000,1567.81000000,0.5364
1749265666,0.54040000,18.77000000,0.5364
1749265666,0.54050000,32.79000000,0.5364
1749265666,0.54060000,18.76000000,0.5364
1749265666,0.54070000,94.94000000,0.5364
1749265666,0.54080000,32.78000000,0.5364
1749265666,0.54090000,1780.67000000,0.5364
1749265666,0.54100000,45630.20000000,0.5364
1749265666,0.54110000,75.53000000,0.5364
1749265666,0.54120000,304.99000000,0.5364
1749265666,0.54130000,437.08000000,0.5364
1749265666,0.54140000,32.75000000,0.5364
1749265666,0.54150000,18.73000000,0.5364
1749265666,0.54160000,18.72000000,0.5364
1749265666,0.54170000,32.72000000,0.5364
1749265666,0.54180000,18.72000000,0.5364
1749265666,0.54190000,3222.37000000,0.5364
1749265666,0.54200000,2550.57000000,0.5364
1749265666,0.54210000,18.71000000,0.5364
1749265666,0.54220000,339.36000000,0.5364
1749265666,0.54230000,32.69000000,0.5364
1749265666,0.54240000,18.70000000,0.5364
1749265666,0.54250000,18.69000000,0.5364
1749265666,0.54260000,32.67000000,0.5364
1749265666,0.54270000,18.68000000,0.5364
1749265666,0.54280000,31.51000000,0.5364
1749265666,0.54290000,18.68000000,0.5364
1749265666,0.54300000,28.80000000,0.5364
1749265666,0.54310000,18.67000000,0.5364
1749265666,0.54320000,73.89000000,0.5364
1749265666,0.54330000,18.66000000,0.5364
1749265666,0.54340000,18.66000000,0.5364
1749265666,0.54350000,18.66000000,0.5364
1749265666,0.54360000,28.95000000,0.5364
1749265666,0.54370000,18.65000000,0.5364
1749265666,0.54380000,18.65000000,0.5364
1749265666,0.54390000,18.64000000,0.5364
1749265666,0.54400000,1405.55000000,0.5364
1749265666,0.54410000,3582.93000000,0.5364
1749265666,0.54430000,146.96000000,0.5364
1749265666,0.54490000,1627.60000000,0.5364
1749265666,0.54500000,37.71000000,0.5364
1749265666,0.54550000,376.95000000,0.5364
1749265666,0.54630000,533.94000000,0.5364
1749265666,0.54660000,38.00000000,0.5364
1749265666,0.54670000,540.54000000,0.5364
1749265666,0.54730000,2411.97000000,0.5364
1749265666,0.54750000,30.01000000,0.5364
1749265666,0.54770000,8436.90000000,0.5364
1749265666,0.54800000,75.59000000,0.5364
1749265666,0.54870000,728.91000000,0.5364
1749265666,0.54900000,10.00000000,0.5364
1749265666,0.54910000,54.62000000,0.5364
1749265666,0.54970000,195.34000000,0.5364
1749265666,0.55000000,3631.12000000,0.5364
1749265666,0.55050000,39.40000000,0.5364
1749265666,0.55070000,1087.65000000,0.5364
1749265666,0.55080000,738.49000000,0.5364
1749265666,0.55130000,1868.75000000,0.5364
1749265666,0.55170000,442.06000000,0.5364
1749265666,0.55210000,126.29000000,0.5364
1749265666,0.55250000,10.95000000,0.5364
1749265968,0.53830000,752.94000000,0.5382
1749265968,0.53840000,880.88000000,0.5382
1749265968,0.53850000,1369.31000000,0.5382
1749265968,0.53860000,2397.34000000,0.5382
1749265968,0.53870000,2451.64000000,0.5382
1749265968,0.53880000,5471.19000000,0.5382
1749265968,0.53890000,5624.19000000,0.5382
1749265968,0.53900000,4136.41000000,0.5382
1749265968,0.53910000,3500.29000000,0.5382
1749265968,0.53920000,2727.57000000,0.5382
1749265968,0.53930000,4393.62000000,0.5382
1749265968,0.53940000,2300.75000000,0.5382
1749265968,0.53950000,780.04000000,0.5382
1749265968,0.53960000,502.49000000,0.5382
1749265968,0.53970000,2008.83000000,0.5382
1749265968,0.53980000,878.22000000,0.5382
1749265968,0.53990000,473.84000000,0.5382
1749265968,0.54000000,2018.11000000,0.5382
1749265968,0.54010000,746.00000000,0.5382
1749265968,0.54020000,32.82000000,0.5382
1749265968,0.54030000,2967.43000000,0.5382
1749265968,0.54040000,133.67000000,0.5382
1749265968,0.54050000,473.79000000,0.5382
1749265968,0.54060000,572.17000000,0.5382
1749265968,0.54070000,28.86000000,0.5382
1749265968,0.54080000,825.55000000,0.5382
1749265968,0.54090000,2221.67000000,0.5382
1749265968,0.54100000,4184.34000000,0.5382
1749265968,0.54110000,516.53000000,0.5382
1749265968,0.54120000,459.74000000,0.5382
1749265968,0.54130000,156.23000000,0.5382
1749265968,0.54140000,3017.02000000,0.5382
1749265968,0.54150000,459.73000000,0.5382
1749265968,0.54160000,459.72000000,0.5382
1749265968,0.54170000,10827.05000000,0.5382
1749265968,0.54180000,2008.76000000,0.5382
1749265968,0.54190000,3663.37000000,0.5382
1749265968,0.54200000,2991.57000000,0.5382
1749265968,0.54210000,1567.75000000,0.5382
1749265968,0.54220000,4486.42000000,0.5382
1749265968,0.54230000,188.95000000,0.5382
1749265968,0.54240000,1567.74000000,0.5382
1749265968,0.54250000,18.69000000,0.5382
1749265968,0.54260000,32.67000000,0.5382
1749265968,0.54270000,18.68000000,0.5382
1749265968,0.54280000,1580.55000000,0.5382
1749265968,0.54290000,5620.00000000,0.5382
1749265968,0.54300000,94.88000000,0.5382
1749265968,0.54310000,18.67000000,0.5382
1749265968,0.54320000,87.86000000,0.5382
1749265968,0.54330000,18.66000000,0.5382
1749265968,0.54340000,1567.70000000,0.5382
1749265968,0.54350000,599.65000000,0.5382
1749265968,0.54360000,28.95000000,0.5382
1749265968,0.54370000,18.65000000,0.5382
1749265968,0.54380000,32.60000000,0.5382
1749265968,0.54390000,18.64000000,0.5382
1749265968,0.54400000,348.08000000,0.5382
1749265968,0.54410000,3132.51000000,0.5382
1749265968,0.54420000,18.63000000,0.5382
1749265968,0.54430000,165.59000000,0.5382
1749265968,0.54440000,18.63000000,0.5382
1749265968,0.54450000,18.63000000,0.5382
1749265968,0.54460000,18.62000000,0.5382
1749265968,0.54470000,18.62000000,0.5382
1749265968,0.54480000,18.61000000,0.5382
1749265968,0.54490000,1646.21000000,0.5382
1749265968,0.54500000,56.31000000,0.5382
1749265968,0.54510000,18.60000000,0.5382
1749265968,0.54520000,500.61000000,0.5382
1749265968,0.54530000,18.59000000,0.5382
1749265968,0.54540000,1076.06000000,0.5382
1749265968,0.54550000,28.94000000,0.5382
1749265968,0.54560000,18.59000000,0.5382
1749265968,0.54570000,18.59000000,0.5382
1749265968,0.54580000,18.58000000,0.5382
1749265968,0.54630000,14.84000000,0.5382
1749265968,0.54660000,38.00000000,0.5382
1749265968,0.54670000,25.00000000,0.5382
1749265968,0.54730000,36.53000000,0.5382
1749265968,0.54750000,30.01000000,0.5382
1749265968,0.54770000,528.15000000,0.5382
1749265968,0.54800000,75.59000000,0.5382
1749265968,0.54840000,514.56000000,0.5382
1749265968,0.54890000,2892.07000000,0.5382
1749265968,0.54900000,10.00000000,0.5382
1749265968,0.54910000,8328.47000000,0.5382
1749265968,0.54970000,195.34000000,0.5382
1749265968,0.55000000,1232.88000000,0.5382
1749265968,0.55050000,39.40000000,0.5382
1749265968,0.55100000,725.93000000,0.5382
1749265968,0.55170000,2398.24000000,0.5382
1749265968,0.55210000,1213.94000000,0.5382
1749265968,0.55250000,10.95000000,0.5382
1749265968,0.55270000,1868.75000000,0.5382
1749265968,0.55300000,758.17000000,0.5382
1749265968,0.55310000,442.06000000,0.5382
1749265968,0.55350000,10.12000000,0.5382
1749265968,0.55380000,29.66000000,0.5382
1749265968,0.55390000,10.11000000,0.5382
1749266274,0.53890000,1258.70000000,0.5388
1749266274,0.53900000,1237.23000000,0.5388
1749266274,0.53910000,1471.42000000,0.5388
1749266274,0.53920000,1871.56000000,0.5388
1749266274,0.53930000,2685.43000000,0.5388
1749266274,0.53940000,3842.76000000,0.5388
1749266274,0.53950000,3067.87000000,0.5388
1749266274,0.53960000,2109.97000000,0.5388
1749266274,0.53970000,4022.78000000,0.5388
1749266274,0.53980000,4001.54000000,0.5388
1749266274,0.53990000,1695.36000000,0.5388
1749266274,0.54000000,3631.73000000,0.5388
1749266274,0.54010000,2468.37000000,0.5388
1749266274,0.54020000,3164.37000000,0.5388
1749266274,0.54030000,4448.90000000,0.5388
1749266274,0.54040000,1305.90000000,0.5388
1749266274,0.54050000,1577.10000000,0.5388
1749266274,0.54060000,2164.34000000,0.5388
1749266274,0.54070000,512.33000000,0.5388
1749266274,0.54080000,4079.06000000,0.5388
1749266274,0.54090000,2221.67000000,0.5388
1749266274,0.54100000,469.41000000,0.5388
1749266274,0.54110000,516.53000000,0.5388
1749266274,0.54120000,459.74000000,0.5388
1749266274,0.54130000,4751.38000000,0.5388
1749266274,0.54140000,2137.76000000,0.5388
1749266274,0.54150000,1567.45000000,0.5388
1749266274,0.54160000,872.30000000,0.5388
1749266274,0.54170000,32.72000000,0.5388
1749266274,0.54180000,2008.76000000,0.5388
1749266274,0.54190000,3663.37000000,0.5388
1749266274,0.54200000,2550.57000000,0.5388
1749266274,0.54210000,1567.75000000,0.5388
1749266274,0.54220000,9403.50000000,0.5388
1749266274,0.54230000,188.95000000,0.5388
1749266274,0.54240000,5712.95000000,0.5388
1749266274,0.54250000,18.69000000,0.5388
1749266274,0.54260000,32.67000000,0.5388
1749266274,0.54270000,18.68000000,0.5388
1749266274,0.54280000,1580.55000000,0.5388
1749266274,0.54290000,1552.82000000,0.5388
1749266274,0.54300000,94.88000000,0.5388
1749266274,0.54310000,18.67000000,0.5388
1749266274,0.54320000,32.64000000,0.5388
1749266274,0.54330000,4156.94000000,0.5388
1749266274,0.54340000,1567.70000000,0.5388
1749266274,0.54350000,131.32000000,0.5388
1749266274,0.54360000,28.95000000,0.5388
1749266274,0.54370000,18.65000000,0.5388
1749266274,0.54380000,32.60000000,0.5388
1749266274,0.54390000,18.64000000,0.5388
1749266274,0.54400000,1897.12000000,0.5388
1749266274,0.54410000,3132.51000000,0.5388
1749266274,0.54420000,18.63000000,0.5388
1749266274,0.54430000,1567.67000000,0.5388
1749266274,0.54440000,32.57000000,0.5388
1749266274,0.54450000,18.63000000,0.5388
1749266274,0.54460000,1851.94000000,0.5388
1749266274,0.54470000,32.56000000,0.5388
1749266274,0.54480000,18.61000000,0.5388
1749266274,0.54490000,1646.21000000,0.5388
1749266274,0.54500000,352.17000000,0.5388
1749266274,0.54510000,18.60000000,0.5388
1749266274,0.54520000,1567.64000000,0.5388
1749266274,0.54530000,1478.05000000,0.5388
1749266274,0.54540000,18.59000000,0.5388
1749266274,0.54550000,28.94000000,0.5388
1749266274,0.54560000,87.46000000,0.5388
1749266274,0.54570000,18.58000000,0.5388
1749266274,0.54580000,18.58000000,0.5388
1749266274,0.54590000,32.48000000,0.5388
1749266274,0.54600000,18.57000000,0.5388
1749266274,0.54610000,18.57000000,0.5388
1749266274,0.54620000,18.56000000,0.5388
1749266274,0.54630000,514.12000000,0.5388
1749266274,0.54640000,18.56000000,0.5388
1749266274,0.54660000,184.33000000,0.5388
1749266274,0.54670000,25.00000000,0.5388
1749266274,0.54720000,1057.47000000,0.5388
1749266274,0.54730000,36.53000000,0.5388
1749266274,0.54750000,30.01000000,0.5388
1749266274,0.54770000,528.15000000,0.5388
1749266274,0.54800000,75.59000000,0.5388
1749266274,0.54890000,2892.07000000,0.5388
1749266274,0.54900000,10.00000000,0.5388
1749266274,0.54970000,195.34000000,0.5388
1749266274,0.55000000,1232.88000000,0.5388
1749266274,0.55050000,8313.25000000,0.5388
1749266274,0.55060000,522.44000000,0.5388
1749266274,0.55100000,725.93000000,0.5388
1749266274,0.55150000,54.39000000,0.5388
1749266274,0.55170000,2398.24000000,0.5388
1749266274,0.55210000,126.29000000,0.5388
1749266274,0.55250000,10.95000000,0.5388
1749266274,0.55300000,758.17000000,0.5388
1749266274,0.55350000,10.12000000,0.5388
1749266274,0.55370000,1087.65000000,0.5388
1749266274,0.55380000,29.66000000,0.5388
1749266274,0.55390000,10.11000000,0.5388
1749266274,0.55400000,40000.00000000,0.5388
1749266575,0.53710000,1650.39000000,0.5369
1749266575,0.53720000,1492.64000000,0.5369
1749266575,0.53730000,1999.45000000,0.5369
1749266575,0.53740000,2367.17000000,0.5369
1749266575,0.53750000,2889.25000000,0.5369
1749266575,0.53760000,1989.44000000,0.5369
1749266575,0.53770000,2025.00000000,0.5369
1749266575,0.53780000,3481.03000000,0.5369
1749266575,0.53790000,5208.56000000,0.5369
1749266575,0.53800000,4574.93000000,0.5369
1749266575,0.53810000,7635.70000000,0.5369
1749266575,0.53820000,4128.14000000,0.5369
1749266575,0.53830000,3318.72000000,0.5369
1749266575,0.53840000,1258.95000000,0.5369
1749266575,0.53850000,459.58000000,0.5369
1749266575,0.53860000,3737.27000000,0.5369
1749266575,0.53870000,2385.38000000,0.5369
1749266575,0.53880000,783.74000000,0.5369
1749266575,0.53890000,459.55000000,0.5369
1749266575,0.53900000,642.36000000,0.5369
1749266575,0.53910000,2220.70000000,0.5369
1749266575,0.53920000,4743.29000000,0.5369
1749266575,0.53930000,473.47000000,0.5369
1749266575,0.53940000,2163.89000000,0.5369
1749266575,0.53950000,459.53000000,0.5369
1749266575,0.53960000,473.44000000,0.5369
1749266575,0.53970000,2008.57000000,0.5369
1749266575,0.53980000,469.22000000,0.5369
1749266575,0.53990000,9313.55000000,0.5369
1749266575,0.54000000,2544.44000000,0.5369
1749266575,0.54010000,872.36000000,0.5369
1749266575,0.54020000,4195.20000000,0.5369
1749266575,0.54030000,2008.81000000,0.5369
1749266575,0.54040000,18.77000000,0.5369
1749266575,0.54050000,1468.02000000,0.5369
1749266575,0.54060000,1567.80000000,0.5369
1749266575,0.54070000,281.93000000,0.5369
1749266575,0.54080000,27032.78000000,0.5369
1749266575,0.54090000,1780.67000000,0.5369
1749266575,0.54100000,28.41000000,0.5369
1749266575,0.54110000,75.53000000,0.5369
1749266575,0.54120000,18.74000000,0.5369
1749266575,0.54130000,4310.25000000,0.5369
1749266575,0.54140000,1581.79000000,0.5369
1749266575,0.54150000,18.73000000,0.5369
1749266575,0.54160000,18.72000000,0.5369
1749266575,0.54170000,318.97000000,0.5369
1749266575,0.54180000,3013.30000000,0.5369
1749266575,0.54190000,3222.37000000,0.5369
1749266575,0.54200000,2550.57000000,0.5369
1749266575,0.54210000,1567.75000000,0.5369
1749266575,0.54220000,339.36000000,0.5369
1749266575,0.54230000,188.95000000,0.5369
1749266575,0.54240000,1848.24000000,0.5369
1749266575,0.54250000,18.69000000,0.5369
1749266575,0.54260000,32.67000000,0.5369
1749266575,0.54270000,18.68000000,0.5369
1749266575,0.54280000,1580.55000000,0.5369
1749266575,0.54290000,32.66000000,0.5369
1749266575,0.54300000,94.88000000,0.5369
1749266575,0.54310000,18.67000000,0.5369
1749266575,0.54320000,87.86000000,0.5369
1749266575,0.54330000,18.66000000,0.5369
1749266575,0.54340000,1567.70000000,0.5369
1749266575,0.54350000,32.62000000,0.5369
1749266575,0.54360000,39.99000000,0.5369
1749266575,0.54370000,18.65000000,0.5369
1749266575,0.54380000,32.60000000,0.5369
1749266575,0.54390000,18.64000000,0.5369
1749266575,0.54400000,1897.12000000,0.5369
1749266575,0.54410000,3132.51000000,0.5369
1749266575,0.54420000,18.63000000,0.5369
1749266575,0.54430000,2772.10000000,0.5369
1749266575,0.54440000,32.57000000,0.5369
1749266575,0.54450000,18.63000000,0.5369
1749266575,0.54460000,1567.66000000,0.5369
1749266575,0.54470000,496.56000000,0.5369
1749266575,0.54490000,1627.60000000,0.5369
1749266575,0.54500000,51.63000000,0.5369
1749266575,0.54520000,1549.04000000,0.5369
1749266575,0.54530000,13.92000000,0.5369
1749266575,0.54550000,10.35000000,0.5369
1749266575,0.54560000,13.91000000,0.5369
1749266575,0.54590000,13.91000000,0.5369
1749266575,0.54630000,14.84000000,0.5369
1749266575,0.54660000,38.00000000,0.5369
1749266575,0.54670000,25.00000000,0.5369
1749266575,0.54730000,36.53000000,0.5369
1749266575,0.54750000,2405.45000000,0.5369
1749266575,0.54770000,528.15000000,0.5369
1749266575,0.54800000,75.59000000,0.5369
1749266575,0.54830000,514.46000000,0.5369
1749266575,0.54890000,516.63000000,0.5369
1749266575,0.54900000,10.00000000,0.5369
1749266575,0.54910000,8328.47000000,0.5369
1749266575,0.54970000,195.34000000,0.5369
1749266575,0.55000000,1232.88000000,0.5369
1749266575,0.55020000,2398.24000000,0.5369
1749266575,0.55050000,39.40000000,0.5369
1749266575,0.55100000,725.93000000,0.5369
1749266877,0.53770000,329.18000000,0.5376
1749266877,0.53780000,1046.98000000,0.5376
1749266877,0.53790000,3065.12000000,0.5376
1749266877,0.53800000,2290.97000000,0.5376
1749266877,0.53810000,1618.55000000,0.5376
1749266877,0.53820000,2579.67000000,0.5376
1749266877,0.53830000,5066.35000000,0.5376
1749266877,0.53840000,1960.21000000,0.5376
1749266877,0.53850000,3922.43000000,0.5376
1749266877,0.53860000,3163.96000000,0.5376
1749266877,0.53870000,1681.91000000,0.5376
1749266877,0.53880000,1717.94000000,0.5376
1749266877,0.53890000,2604.39000000,0.5376
1749266877,0.53900000,1940.07000000,0.5376
1749266877,0.53910000,2022.53000000,0.5376
1749266877,0.53920000,4087.06000000,0.5376
1749266877,0.53930000,1987.41000000,0.5376
1749266877,0.53940000,3040.13000000,0.5376
1749266877,0.53950000,501.43000000,0.5376
1749266877,0.53960000,1558.08000000,0.5376
1749266877,0.53970000,2008.57000000,0.5376
1749266877,0.53980000,469.22000000,0.5376
1749266877,0.53990000,4626.01000000,0.5376
1749266877,0.54000000,2018.11000000,0.5376
1749266877,0.54010000,459.78000000,0.5376
1749266877,0.54020000,473.82000000,0.5376
1749266877,0.54030000,2008.81000000,0.5376
1749266877,0.54040000,459.77000000,0.5376
1749266877,0.54050000,1580.90000000,0.5376
1749266877,0.54060000,2122.13000000,0.5376
1749266877,0.54070000,469.86000000,0.5376
1749266877,0.54080000,27032.78000000,0.5376
1749266877,0.54090000,2221.67000000,0.5376
1749266877,0.54100000,13458.70000000,0.5376
1749266877,0.54110000,75.53000000,0.5376
1749266877,0.54120000,459.74000000,0.5376
1749266877,0.54130000,597.23000000,0.5376
1749266877,0.54140000,2022.79000000,0.5376
1749266877,0.54150000,684.79000000,0.5376
1749266877,0.54160000,304.94000000,0.5376
1749266877,0.54170000,32.72000000,0.5376
1749266877,0.54180000,1567.76000000,0.5376
1749266877,0.54190000,7371.81000000,0.5376
1749266877,0.54200000,2550.57000000,0.5376
1749266877,0.54210000,3090.05000000,0.5376
1749266877,0.54220000,339.36000000,0.5376
1749266877,0.54230000,560.76000000,0.5376
1749266877,0.54240000,1820.81000000,0.5376
1749266877,0.54250000,18.69000000,0.5376
1749266877,0.54260000,32.67000000,0.5376
1749266877,0.54270000,18.68000000,0.5376
1749266877,0.54280000,1861.97000000,0.5376
1749266877,0.54290000,32.66000000,0.5376
1749266877,0.54300000,94.88000000,0.5376
1749266877,0.54310000,18.67000000,0.5376
1749266877,0.54320000,87.86000000,0.5376
1749266877,0.54330000,18.66000000,0.5376
1749266877,0.54340000,1567.70000000,0.5376
1749266877,0.54350000,32.62000000,0.5376
1749266877,0.54360000,326.74000000,0.5376
1749266877,0.54370000,18.65000000,0.5376
1749266877,0.54380000,32.60000000,0.5376
1749266877,0.54390000,1464.18000000,0.5376
1749266877,0.54400000,1897.12000000,0.5376
1749266877,0.54410000,3132.51000000,0.5376
1749266877,0.54420000,18.63000000,0.5376
1749266877,0.54430000,1714.63000000,0.5376
1749266877,0.54440000,32.57000000,0.5376
1749266877,0.54450000,18.63000000,0.5376
1749266877,0.54460000,1567.66000000,0.5376
1749266877,0.54470000,32.56000000,0.5376
1749266877,0.54480000,18.62000000,0.5376
1749266877,0.54490000,1646.21000000,0.5376
1749266877,0.54500000,70.23000000,0.5376
1749266877,0.54510000,18.60000000,0.5376
1749266877,0.54520000,2049.38000000,0.5376
1749266877,0.54530000,13.92000000,0.5376
1749266877,0.54550000,10.35000000,0.5376
1749266877,0.54560000,13.91000000,0.5376
1749266877,0.54580000,1057.47000000,0.5376
1749266877,0.54590000,13.91000000,0.5376
1749266877,0.54630000,14.84000000,0.5376
1749266877,0.54660000,38.00000000,0.5376
1749266877,0.54670000,25.00000000,0.5376
1749266877,0.54730000,36.53000000,0.5376
1749266877,0.54750000,30.01000000,0.5376
1749266877,0.54770000,528.15000000,0.5376
1749266877,0.54800000,75.59000000,0.5376
1749266877,0.54830000,514.46000000,0.5376
1749266877,0.54890000,2892.07000000,0.5376
1749266877,0.54900000,10.00000000,0.5376
1749266877,0.54910000,54.62000000,0.5376
1749266877,0.54970000,195.34000000,0.5376
1749266877,0.55000000,1232.88000000,0.5376
1749266877,0.55050000,39.40000000,0.5376
1749266877,0.55070000,8273.85000000,0.5376
1749266877,0.55100000,725.93000000,0.5376
1749266877,0.55160000,2398.24000000,0.5376
1749266877,0.55210000,126.29000000,0.5376
1749266877,0.55250000,10.95000000,0.5376
1749267179,0.53720000,984.14000000,0.5371
1749267179,0.53730000,1737.84000000,0.5371
1749267179,0.53740000,1415.82000000,0.5371
1749267179,0.53750000,3013.54000000,0.5371
1749267179,0.53760000,2065.13000000,0.5371
1749267179,0.53770000,2831.82000000,0.5371
1749267179,0.53780000,3354.97000000,0.5371
1749267179,0.53790000,5092.49000000,0.5371
1749267179,0.53800000,3645.89000000,0.5371
1749267179,0.53810000,1424.73000000,0.5371
1749267179,0.53820000,1139.69000000,0.5371
1749267179,0.53830000,2963.97000000,0.5371
1749267179,0.53840000,2328.43000000,0.5371
1749267179,0.53850000,487.77000000,0.5371
1749267179,0.53860000,488.25000000,0.5371
1749267179,0.53870000,2857.28000000,0.5371
1749267179,0.53880000,4626.80000000,0.5371
1749267179,0.53890000,1990.49000000,0.5371
1749267179,0.53900000,1597.25000000,0.5371
1749267179,0.53910000,2008.59000000,0.5371
1749267179,0.53920000,459.55000000,0.5371
1749267179,0.53930000,473.47000000,0.5371
1749267179,0.53940000,2262.56000000,0.5371
1749267179,0.53950000,4740.55000000,0.5371
1749267179,0.53960000,1672.76000000,0.5371
1749267179,0.53970000,2008.57000000,0.5371
1749267179,0.53980000,755.44000000,0.5371
1749267179,0.53990000,461.53000000,0.5371
1749267179,0.54000000,2144.47000000,0.5371
1749267179,0.54010000,18.78000000,0.5371
1749267179,0.54020000,32.82000000,0.5371
1749267179,0.54030000,2008.81000000,0.5371
1749267179,0.54040000,4620.76000000,0.5371
1749267179,0.54050000,10312.57000000,0.5371
1749267179,0.54060000,2008.80000000,0.5371
1749267179,0.54070000,28.86000000,0.5371
1749267179,0.54080000,27032.78000000,0.5371
1749267179,0.54090000,1780.67000000,0.5371
1749267179,0.54100000,281.48000000,0.5371
1749267179,0.54110000,75.53000000,0.5371
1749267179,0.54120000,18.74000000,0.5371
1749267179,0.54130000,156.23000000,0.5371
1749267179,0.54140000,1581.79000000,0.5371
1749267179,0.54150000,18.73000000,0.5371
1749267179,0.54160000,18.72000000,0.5371
1749267179,0.54170000,4466.49000000,0.5371
1749267179,0.54180000,1567.76000000,0.5371
1749267179,0.54190000,3222.37000000,0.5371
1749267179,0.54200000,2550.57000000,0.5371
1749267179,0.54210000,1567.75000000,0.5371
1749267179,0.54220000,339.36000000,0.5371
1749267179,0.54230000,560.76000000,0.5371
1749267179,0.54240000,1567.74000000,0.5371
1749267179,0.54250000,18.69000000,0.5371
1749267179,0.54260000,312.22000000,0.5371
1749267179,0.54270000,18.68000000,0.5371
1749267179,0.54280000,1580.55000000,0.5371
1749267179,0.54290000,32.66000000,0.5371
1749267179,0.54300000,94.88000000,0.5371
1749267179,0.54310000,18.67000000,0.5371
1749267179,0.54320000,87.86000000,0.5371
1749267179,0.54330000,18.66000000,0.5371
1749267179,0.54340000,1567.70000000,0.5371
1749267179,0.54350000,32.62000000,0.5371
1749267179,0.54360000,39.99000000,0.5371
1749267179,0.54370000,18.65000000,0.5371
1749267179,0.54380000,32.60000000,0.5371
1749267179,0.54390000,1464.18000000,0.5371
1749267179,0.54400000,1897.12000000,0.5371
1749267179,0.54410000,3132.51000000,0.5371
1749267179,0.54420000,18.63000000,0.5371
1749267179,0.54430000,1714.63000000,0.5371
1749267179,0.54440000,1090.04000000,0.5371
1749267179,0.54450000,18.63000000,0.5371
1749267179,0.54460000,1567.67000000,0.5371
1749267179,0.54470000,32.56000000,0.5371
1749267179,0.54480000,482.36000000,0.5371
1749267179,0.54490000,1627.60000000,0.5371
1749267179,0.54500000,51.63000000,0.5371
1749267179,0.54520000,1549.04000000,0.5371
1749267179,0.54530000,13.92000000,0.5371
1749267179,0.54550000,10.35000000,0.5371
1749267179,0.54560000,13.91000000,0.5371
1749267179,0.54590000,13.91000000,0.5371
1749267179,0.54630000,14.84000000,0.5371
1749267179,0.54660000,38.00000000,0.5371
1749267179,0.54670000,25.00000000,0.5371
1749267179,0.54730000,36.53000000,0.5371
1749267179,0.54750000,2405.45000000,0.5371
1749267179,0.54770000,528.15000000,0.5371
1749267179,0.54800000,75.59000000,0.5371
1749267179,0.54830000,514.46000000,0.5371
1749267179,0.54890000,516.63000000,0.5371
1749267179,0.54900000,10.00000000,0.5371
1749267179,0.54910000,54.62000000,0.5371
1749267179,0.54920000,8273.85000000,0.5371
1749267179,0.54970000,195.34000000,0.5371
1749267179,0.55000000,1232.88000000,0.5371
1749267179,0.55020000,2398.24000000,0.5371
1749267179,0.55050000,39.40000000,0.5371
1749267480,0.53810000,247.02000000,0.5381
1749267480,0.53820000,1091.21000000,0.5381
1749267480,0.53830000,959.80000000,0.5381
1749267480,0.53840000,1312.23000000,0.5381
1749267480,0.53850000,2745.57000000,0.5381
1749267480,0.53860000,1877.47000000,0.5381
1749267480,0.53870000,2935.74000000,0.5381
1749267480,0.53880000,4225.86000000,0.5381
1749267480,0.53890000,1169.45000000,0.5381
1749267480,0.53900000,1709.53000000,0.5381
1749267480,0.53910000,2314.44000000,0.5381
1749267480,0.53920000,765.40000000,0.5381
1749267480,0.53930000,1860.14000000,0.5381
1749267480,0.53940000,4615.55000000,0.5381
1749267480,0.53950000,1973.47000000,0.5381
1749267480,0.53960000,1600.22000000,0.5381
1749267480,0.53970000,2022.51000000,0.5381
1749267480,0.53980000,2272.60000000,0.5381
1749267480,0.53990000,4072.50000000,0.5381
1749267480,0.54000000,2173.04000000,0.5381
1749267480,0.54010000,18.78000000,0.5381
1749267480,0.54020000,473.82000000,0.5381
1749267480,0.54030000,6170.49000000,0.5381
1749267480,0.54040000,573.24000000,0.5381
1749267480,0.54050000,473.79000000,0.5381
1749267480,0.54060000,2263.71000000,0.5381
1749267480,0.54070000,469.86000000,0.5381
1749267480,0.54080000,27032.78000000,0.5381
1749267480,0.54090000,2221.67000000,0.5381
1749267480,0.54100000,821.18000000,0.5381
1749267480,0.54110000,75.53000000,0.5381
1749267480,0.54120000,459.74000000,0.5381
1749267480,0.54130000,282.59000000,0.5381
1749267480,0.54140000,2862.24000000,0.5381
1749267480,0.54150000,14523.13000000,0.5381
1749267480,0.54160000,18.72000000,0.5381
1749267480,0.54170000,32.72000000,0.5381
1749267480,0.54180000,1567.76000000,0.5381
1749267480,0.54190000,3222.37000000,0.5381
1749267480,0.54200000,2550.57000000,0.5381
1749267480,0.54210000,1567.75000000,0.5381
1749267480,0.54220000,18.70000000,0.5381
1749267480,0.54230000,560.76000000,0.5381
1749267480,0.54240000,5713.27000000,0.5381
1749267480,0.54250000,18.69000000,0.5381
1749267480,0.54260000,32.67000000,0.5381
1749267480,0.54270000,18.68000000,0.5381
1749267480,0.54280000,1580.55000000,0.5381
1749267480,0.54290000,32.66000000,0.5381
1749267480,0.54300000,94.88000000,0.5381
1749267480,0.54310000,18.67000000,0.5381
1749267480,0.54320000,32.64000000,0.5381
1749267480,0.54330000,18.66000000,0.5381
1749267480,0.54340000,1567.70000000,0.5381
1749267480,0.54350000,32.62000000,0.5381
1749267480,0.54360000,39.99000000,0.5381
1749267480,0.54370000,18.65000000,0.5381
1749267480,0.54380000,319.07000000,0.5381
1749267480,0.54390000,1749.45000000,0.5381
1749267480,0.54400000,1897.12000000,0.5381
1749267480,0.54410000,3132.51000000,0.5381
1749267480,0.54420000,18.63000000,0.5381
1749267480,0.54430000,1567.67000000,0.5381
1749267480,0.54440000,32.57000000,0.5381
1749267480,0.54450000,18.63000000,0.5381
1749267480,0.54460000,1567.67000000,0.5381
1749267480,0.54470000,32.56000000,0.5381
1749267480,0.54480000,18.61000000,0.5381
1749267480,0.54490000,1646.21000000,0.5381
1749267480,0.54500000,70.23000000,0.5381
1749267480,0.54510000,18.60000000,0.5381
1749267480,0.54520000,1567.64000000,0.5381
1749267480,0.54530000,32.51000000,0.5381
1749267480,0.54540000,18.59000000,0.5381
1749267480,0.54550000,28.94000000,0.5381
1749267480,0.54560000,32.49000000,0.5381
1749267480,0.54580000,54.96000000,0.5381
1749267480,0.54590000,495.46000000,0.5381
1749267480,0.54600000,1057.47000000,0.5381
1749267480,0.54630000,14.84000000,0.5381
1749267480,0.54660000,38.00000000,0.5381
1749267480,0.54670000,25.00000000,0.5381
1749267480,0.54680000,146.28000000,0.5381
1749267480,0.54730000,36.53000000,0.5381
1749267480,0.54750000,30.01000000,0.5381
1749267480,0.54770000,528.15000000,0.5381
1749267480,0.54800000,75.59000000,0.5381
1749267480,0.54830000,514.46000000,0.5381
1749267480,0.54890000,2892.07000000,0.5381
1749267480,0.54900000,10.00000000,0.5381
1749267480,0.54920000,8273.85000000,0.5381
1749267480,0.54970000,195.34000000,0.5381
1749267480,0.55000000,1232.88000000,0.5381
1749267480,0.55050000,39.40000000,0.5381
1749267480,0.55100000,725.93000000,0.5381
1749267480,0.55160000,2398.24000000,0.5381
1749267480,0.55170000,54.37000000,0.5381
1749267480,0.55210000,126.29000000,0.5381
1749267480,0.55250000,10.95000000,0.5381
1749267480,0.55300000,758.17000000,0.5381
1749267782,0.53990000,1156.93000000,0.5398
1749267782,0.54000000,1520.93000000,0.5398
1749267782,0.54010000,1672.43000000,0.5398
1749267782,0.54020000,3480.58000000,0.5398
1749267782,0.54030000,5839.84000000,0.5398
1749267782,0.54040000,2252.84000000,0.5398
1749267782,0.54050000,2298.45000000,0.5398
1749267782,0.54060000,2752.83000000,0.5398
1749267782,0.54070000,8793.88000000,0.5398
1749267782,0.54080000,29407.63000000,0.5398
1749267782,0.54090000,3214.30000000,0.5398
1749267782,0.54100000,2275.22000000,0.5398
1749267782,0.54110000,1351.67000000,0.5398
1749267782,0.54120000,1184.62000000,0.5398
1749267782,0.54130000,1456.27000000,0.5398
1749267782,0.54140000,2051.56000000,0.5398
1749267782,0.54150000,459.73000000,0.5398
1749267782,0.54160000,3618.91000000,0.5398
1749267782,0.54170000,473.72000000,0.5398
1749267782,0.54180000,2993.15000000,0.5398
1749267782,0.54190000,3663.37000000,0.5398
