timestamp,price,volume,current_price
1749258391,15.20000000,89.71000000,15.19
1749258391,15.21000000,350.23000000,15.19
1749258391,15.22000000,876.08000000,15.19
1749258391,15.23000000,609.47000000,15.19
1749258391,15.24000000,357.71000000,15.19
1749258391,15.25000000,41.24000000,15.19
1749258391,15.26000000,91.76000000,15.19
1749258391,15.27000000,75.11000000,15.19
1749258391,15.28000000,116.91000000,15.19
1749258391,15.29000000,66.72000000,15.19
1749258391,15.30000000,606.50000000,15.19
1749258391,15.31000000,203.92000000,15.19
1749258391,15.32000000,100.56000000,15.19
1749258391,15.33000000,19.74000000,15.19
1749258391,15.34000000,19.40000000,15.19
1749258391,15.35000000,0.50000000,15.19
1749258391,15.36000000,727.41000000,15.19
1749258391,15.37000000,67.20000000,15.19
1749258391,15.38000000,19.40000000,15.19
1749258391,15.39000000,0.50000000,15.19
1749258391,15.40000000,2.01000000,15.19
1749258391,15.41000000,73.92000000,15.19
1749258391,15.42000000,45.74000000,15.19
1749258391,15.43000000,19.78000000,15.19
1749258391,15.46000000,36.33000000,15.19
1749258391,15.47000000,46.89000000,15.19
1749258391,15.48000000,2.91000000,15.19
1749258391,15.49000000,1.04000000,15.19
1749258391,15.50000000,49.14000000,15.19
1749258391,15.51000000,1.52000000,15.19
1749258391,15.52000000,3.19000000,15.19
1749258391,15.53000000,18.90000000,15.19
1749258391,15.55000000,0.39000000,15.19
1749258391,15.58000000,99.78000000,15.19
1749258391,15.60000000,1.00000000,15.19
1749258391,15.63000000,37.61000000,15.19
1749258391,15.65000000,0.98000000,15.19
1749258391,15.66000000,1.67000000,15.19
1749258391,15.67000000,0.64000000,15.19
1749258391,15.68000000,3.19000000,15.19
1749258391,15.70000000,1.00000000,15.19
1749258391,15.71000000,1.59000000,15.19
1749258391,15.72000000,0.76000000,15.19
1749258391,15.73000000,0.64000000,15.19
1749258391,15.75000000,3.20000000,15.19
1749258391,15.78000000,129.81000000,15.19
1749258391,15.79000000,0.35000000,15.19
1749258391,15.80000000,1.00000000,15.19
1749258391,15.85000000,131.29000000,15.19
1749258391,15.88000000,19.58000000,15.19
1749258391,15.90000000,1.00000000,15.19
1749258391,15.94000000,1.51000000,15.19
1749258391,15.95000000,0.53000000,15.19
1749258391,15.97000000,0.83000000,15.19
1749258391,15.99000000,0.43000000,15.19
1749258391,16.00000000,80.47000000,15.19
1749258391,16.02000000,3.19000000,15.19
1749258391,16.03000000,0.32000000,15.19
1749258391,16.10000000,1.00000000,15.19
1749258391,16.13000000,0.43000000,15.19
1749258391,16.18000000,0.35000000,15.19
1749258391,16.19000000,8.15000000,15.19
1749258391,16.20000000,1.00000000,15.19
1749258391,16.22000000,1.58000000,15.19
1749258391,16.23000000,0.98000000,15.19
1749258391,16.24000000,0.90000000,15.19
1749258391,16.27000000,0.61000000,15.19
1749258391,16.29000000,3.36000000,15.19
1749258391,16.30000000,25.50000000,15.19
1749258391,16.33000000,5.47000000,15.19
1749258391,16.34000000,1.05000000,15.19
1749258391,16.36000000,4.13000000,15.19
1749258391,16.37000000,4.28000000,15.19
1749258391,16.40000000,1.00000000,15.19
1749258391,16.42000000,6.88000000,15.19
1749258391,16.48000000,0.64000000,15.19
1749258391,16.50000000,3.33000000,15.19
1749258391,16.51000000,26.11000000,15.19
1749258391,16.53000000,3.19000000,15.19
1749258391,16.54000000,0.98000000,15.19
1749258391,16.55000000,2.24000000,15.19
1749258391,16.57000000,0.60000000,15.19
1749258391,16.58000000,1.00000000,15.19
1749258391,16.59000000,2.39000000,15.19
1749258391,16.60000000,1.00000000,15.19
1749258391,16.61000000,0.34000000,15.19
1749258391,16.66000000,0.42000000,15.19
1749258391,16.67000000,0.36000000,15.19
1749258391,16.69000000,4.65000000,15.19
1749258391,16.71000000,3.19000000,15.19
1749258391,16.76000000,13.71000000,15.19
1749258391,16.78000000,93.26000000,15.19
1749258391,16.79000000,1.33000000,15.19
1749258391,16.82000000,10.18000000,15.19
1749258391,16.84000000,13.68000000,15.19
1749258391,16.85000000,1.48000000,15.19
1749258391,16.87000000,4.48000000,15.19
1749258391,16.89000000,19.47000000,15.19
1749258391,16.93000000,13.68000000,15.19
1749258391,16.97000000,0.35000000,15.19
1749258707,15.18000000,147.65000000,15.16
1749258707,15.19000000,212.61000000,15.16
1749258707,15.20000000,880.56000000,15.16
1749258707,15.21000000,643.60000000,15.16
1749258707,15.22000000,364.65000000,15.16
1749258707,15.23000000,88.94000000,15.16
1749258707,15.24000000,66.34000000,15.16
1749258707,15.25000000,64.70000000,15.16
1749258707,15.26000000,583.16000000,15.16
1749258707,15.27000000,29.65000000,15.16
1749258707,15.28000000,30.94000000,15.16
1749258707,15.29000000,231.16000000,15.16
1749258707,15.30000000,41.11000000,15.16
1749258707,15.31000000,19.90000000,15.16
1749258707,15.32000000,89.86000000,15.16
1749258707,15.33000000,69.30000000,15.16
1749258707,15.34000000,719.40000000,15.16
1749258707,15.35000000,0.50000000,15.16
1749258707,15.36000000,29.05000000,15.16
1749258707,15.37000000,52.35000000,15.16
1749258707,15.38000000,19.40000000,15.16
1749258707,15.39000000,2.14000000,15.16
1749258707,15.40000000,2.01000000,15.16
1749258707,15.41000000,40.97000000,15.16
1749258707,15.42000000,47.38000000,15.16
1749258707,15.43000000,47.77000000,15.16
1749258707,15.45000000,1.64000000,15.16
1749258707,15.46000000,36.33000000,15.16
1749258707,15.47000000,18.90000000,15.16
1749258707,15.48000000,2.91000000,15.16
1749258707,15.49000000,1.04000000,15.16
1749258707,15.50000000,49.14000000,15.16
1749258707,15.51000000,1.52000000,15.16
1749258707,15.52000000,3.19000000,15.16
1749258707,15.55000000,0.39000000,15.16
1749258707,15.58000000,80.88000000,15.16
1749258707,15.59000000,37.61000000,15.16
1749258707,15.60000000,1.00000000,15.16
1749258707,15.65000000,0.98000000,15.16
1749258707,15.66000000,1.67000000,15.16
1749258707,15.67000000,0.64000000,15.16
1749258707,15.68000000,3.19000000,15.16
1749258707,15.70000000,1.00000000,15.16
1749258707,15.71000000,1.59000000,15.16
1749258707,15.72000000,0.76000000,15.16
1749258707,15.73000000,0.64000000,15.16
1749258707,15.75000000,3.20000000,15.16
1749258707,15.78000000,129.81000000,15.16
1749258707,15.79000000,0.35000000,15.16
1749258707,15.80000000,1.00000000,15.16
1749258707,15.85000000,131.29000000,15.16
1749258707,15.88000000,19.58000000,15.16
1749258707,15.90000000,1.00000000,15.16
1749258707,15.94000000,1.51000000,15.16
1749258707,15.95000000,0.53000000,15.16
1749258707,15.97000000,0.83000000,15.16
1749258707,15.99000000,0.43000000,15.16
1749258707,16.00000000,80.47000000,15.16
1749258707,16.02000000,3.19000000,15.16
1749258707,16.03000000,0.32000000,15.16
1749258707,16.10000000,1.00000000,15.16
1749258707,16.13000000,0.43000000,15.16
1749258707,16.18000000,0.35000000,15.16
1749258707,16.19000000,8.15000000,15.16
1749258707,16.20000000,1.00000000,15.16
1749258707,16.22000000,1.58000000,15.16
1749258707,16.23000000,0.98000000,15.16
1749258707,16.24000000,0.90000000,15.16
1749258707,16.27000000,0.61000000,15.16
1749258707,16.29000000,3.36000000,15.16
1749258707,16.30000000,25.50000000,15.16
1749258707,16.33000000,5.47000000,15.16
1749258707,16.34000000,1.05000000,15.16
1749258707,16.36000000,4.13000000,15.16
1749258707,16.37000000,4.28000000,15.16
1749258707,16.40000000,1.00000000,15.16
1749258707,16.42000000,6.88000000,15.16
1749258707,16.48000000,0.64000000,15.16
1749258707,16.50000000,3.33000000,15.16
1749258707,16.51000000,26.11000000,15.16
1749258707,16.53000000,3.19000000,15.16
1749258707,16.54000000,0.98000000,15.16
1749258707,16.55000000,2.24000000,15.16
1749258707,16.57000000,0.60000000,15.16
1749258707,16.58000000,1.00000000,15.16
1749258707,16.59000000,2.39000000,15.16
1749258707,16.60000000,1.00000000,15.16
1749258707,16.61000000,0.34000000,15.16
1749258707,16.66000000,0.42000000,15.16
1749258707,16.67000000,0.36000000,15.16
1749258707,16.69000000,4.65000000,15.16
1749258707,16.71000000,3.19000000,15.16
1749258707,16.76000000,13.71000000,15.16
1749258707,16.78000000,93.26000000,15.16
1749258707,16.79000000,1.33000000,15.16
1749258707,16.82000000,10.18000000,15.16
1749258707,16.84000000,13.68000000,15.16
1749258707,16.85000000,1.48000000,15.16
1749258707,16.87000000,4.48000000,15.16
1749258707,16.89000000,19.47000000,15.16
1749259009,15.15000000,114.51000000,15.15
1749259009,15.16000000,262.75000000,15.15
1749259009,15.17000000,564.25000000,15.15
1749259009,15.18000000,730.41000000,15.15
1749259009,15.19000000,386.03000000,15.15
1749259009,15.20000000,232.15000000,15.15
1749259009,15.21000000,74.58000000,15.15
1749259009,15.22000000,120.34000000,15.15
1749259009,15.23000000,65.00000000,15.15
1749259009,15.24000000,84.57000000,15.15
1749259009,15.25000000,64.70000000,15.15
1749259009,15.26000000,310.44000000,15.15
1749259009,15.27000000,607.48000000,15.15
1749259009,15.28000000,78.50000000,15.15
1749259009,15.29000000,20.24000000,15.15
1749259009,15.30000000,22.88000000,15.15
1749259009,15.31000000,719.90000000,15.15
1749259009,15.32000000,89.86000000,15.15
1749259009,15.33000000,69.30000000,15.15
1749259009,15.34000000,19.40000000,15.15
1749259009,15.35000000,0.50000000,15.15
1749259009,15.36000000,26.06000000,15.15
1749259009,15.37000000,52.35000000,15.15
1749259009,15.38000000,19.40000000,15.15
1749259009,15.39000000,2.14000000,15.15
1749259009,15.40000000,21.68000000,15.15
1749259009,15.41000000,21.82000000,15.15
1749259009,15.42000000,47.38000000,15.15
1749259009,15.43000000,47.77000000,15.15
1749259009,15.45000000,1.64000000,15.15
1749259009,15.46000000,17.43000000,15.15
1749259009,15.48000000,2.91000000,15.15
1749259009,15.49000000,1.04000000,15.15
1749259009,15.50000000,30.24000000,15.15
1749259009,15.51000000,1.52000000,15.15
1749259009,15.52000000,3.19000000,15.15
1749259009,15.55000000,0.39000000,15.15
1749259009,15.58000000,80.88000000,15.15
1749259009,15.59000000,37.61000000,15.15
1749259009,15.60000000,1.00000000,15.15
1749259009,15.65000000,0.98000000,15.15
1749259009,15.66000000,1.67000000,15.15
1749259009,15.67000000,0.64000000,15.15
1749259009,15.68000000,3.19000000,15.15
1749259009,15.70000000,1.00000000,15.15
1749259009,15.71000000,1.59000000,15.15
1749259009,15.72000000,0.76000000,15.15
1749259009,15.73000000,0.64000000,15.15
1749259009,15.75000000,3.20000000,15.15
1749259009,15.78000000,129.81000000,15.15
1749259009,15.79000000,0.35000000,15.15
1749259009,15.80000000,1.00000000,15.15
1749259009,15.85000000,131.29000000,15.15
1749259009,15.88000000,19.58000000,15.15
1749259009,15.90000000,1.00000000,15.15
1749259009,15.94000000,1.51000000,15.15
1749259009,15.95000000,0.53000000,15.15
1749259009,15.97000000,0.83000000,15.15
1749259009,15.99000000,0.43000000,15.15
1749259009,16.00000000,80.47000000,15.15
1749259009,16.02000000,3.19000000,15.15
1749259009,16.03000000,0.32000000,15.15
1749259009,16.10000000,1.00000000,15.15
1749259009,16.13000000,0.43000000,15.15
1749259009,16.18000000,0.35000000,15.15
1749259009,16.19000000,8.15000000,15.15
1749259009,16.20000000,1.00000000,15.15
1749259009,16.22000000,1.58000000,15.15
1749259009,16.23000000,0.98000000,15.15
1749259009,16.24000000,0.90000000,15.15
1749259009,16.27000000,0.61000000,15.15
1749259009,16.29000000,3.36000000,15.15
1749259009,16.30000000,25.50000000,15.15
1749259009,16.33000000,5.47000000,15.15
1749259009,16.34000000,1.05000000,15.15
1749259009,16.36000000,4.13000000,15.15
1749259009,16.37000000,4.28000000,15.15
1749259009,16.40000000,1.00000000,15.15
1749259009,16.42000000,6.88000000,15.15
1749259009,16.48000000,0.64000000,15.15
1749259009,16.50000000,3.33000000,15.15
1749259009,16.51000000,26.11000000,15.15
1749259009,16.53000000,3.19000000,15.15
1749259009,16.54000000,0.98000000,15.15
1749259009,16.55000000,2.24000000,15.15
1749259009,16.57000000,0.60000000,15.15
1749259009,16.58000000,1.00000000,15.15
1749259009,16.59000000,2.39000000,15.15
1749259009,16.60000000,1.00000000,15.15
1749259009,16.61000000,0.34000000,15.15
1749259009,16.66000000,0.42000000,15.15
1749259009,16.67000000,0.36000000,15.15
1749259009,16.69000000,4.65000000,15.15
1749259009,16.71000000,3.19000000,15.15
1749259009,16.76000000,13.71000000,15.15
1749259009,16.78000000,93.26000000,15.15
1749259009,16.79000000,1.33000000,15.15
1749259009,16.82000000,10.18000000,15.15
1749259009,16.84000000,13.68000000,15.15
1749259009,16.85000000,1.48000000,15.15
