timestamp,price,volume,current_price
1749260776,15.11000000,89.08000000,15.1
1749260776,15.12000000,419.23000000,15.1
1749260776,15.13000000,908.94000000,15.1
1749260776,15.14000000,575.98000000,15.1
1749260776,15.15000000,251.02000000,15.1
1749260776,15.16000000,79.80000000,15.1
1749260776,15.17000000,124.91000000,15.1
1749260776,15.18000000,64.02000000,15.1
1749260776,15.19000000,619.08000000,15.1
1749260776,15.20000000,63.94000000,15.1
1749260776,15.21000000,197.44000000,15.1
1749260776,15.22000000,19.90000000,15.1
1749260776,15.23000000,20.24000000,15.1
1749260776,15.24000000,98.93000000,15.1
1749260776,15.25000000,19.90000000,15.1
1749260776,15.26000000,730.58000000,15.1
1749260776,15.27000000,19.90000000,15.1
1749260776,15.28000000,19.40000000,15.1
1749260776,15.29000000,55.68000000,15.1
1749260776,15.30000000,92.22000000,15.1
1749260776,15.31000000,39.15000000,15.1
1749260776,15.32000000,19.40000000,15.1
1749260776,15.33000000,0.84000000,15.1
1749260776,15.34000000,45.66000000,15.1
1749260776,15.35000000,19.40000000,15.1
1749260776,15.36000000,5.52000000,15.1
1749260776,15.37000000,19.40000000,15.1
1749260776,15.38000000,0.50000000,15.1
1749260776,15.39000000,28.49000000,15.1
1749260776,15.40000000,2.01000000,15.1
1749260776,15.41000000,21.82000000,15.1
1749260776,15.42000000,48.72000000,15.1
1749260776,15.43000000,0.88000000,15.1
1749260776,15.46000000,36.33000000,15.1
1749260776,15.48000000,2.91000000,15.1
1749260776,15.49000000,1.04000000,15.1
1749260776,15.50000000,81.43000000,15.1
1749260776,15.51000000,39.13000000,15.1
1749260776,15.52000000,3.19000000,15.1
1749260776,15.55000000,0.39000000,15.1
1749260776,15.58000000,0.45000000,15.1
1749260776,15.60000000,1.00000000,15.1
1749260776,15.65000000,0.98000000,15.1
1749260776,15.66000000,1.67000000,15.1
1749260776,15.67000000,0.64000000,15.1
1749260776,15.68000000,3.19000000,15.1
1749260776,15.70000000,1.00000000,15.1
1749260776,15.71000000,1.59000000,15.1
1749260776,15.72000000,0.76000000,15.1
1749260776,15.73000000,0.64000000,15.1
1749260776,15.75000000,3.20000000,15.1
1749260776,15.77000000,66.27000000,15.1
1749260776,15.78000000,129.81000000,15.1
1749260776,15.79000000,0.35000000,15.1
1749260776,15.80000000,1.00000000,15.1
1749260776,15.85000000,65.02000000,15.1
1749260776,15.88000000,19.58000000,15.1
1749260776,15.90000000,1.00000000,15.1
1749260776,15.94000000,1.51000000,15.1
1749260776,15.95000000,0.53000000,15.1
1749260776,15.97000000,0.83000000,15.1
1749260776,15.99000000,0.43000000,15.1
1749260776,16.00000000,80.47000000,15.1
1749260776,16.02000000,3.19000000,15.1
1749260776,16.03000000,0.32000000,15.1
1749260776,16.10000000,1.00000000,15.1
1749260776,16.13000000,0.43000000,15.1
1749260776,16.18000000,0.35000000,15.1
1749260776,16.19000000,8.15000000,15.1
1749260776,16.20000000,1.00000000,15.1
1749260776,16.22000000,1.58000000,15.1
1749260776,16.23000000,0.98000000,15.1
1749260776,16.24000000,0.90000000,15.1
1749260776,16.27000000,0.61000000,15.1
1749260776,16.29000000,3.36000000,15.1
1749260776,16.30000000,25.50000000,15.1
1749260776,16.33000000,5.47000000,15.1
1749260776,16.34000000,1.05000000,15.1
1749260776,16.36000000,4.13000000,15.1
1749260776,16.37000000,4.28000000,15.1
1749260776,16.40000000,1.00000000,15.1
1749260776,16.42000000,6.88000000,15.1
1749260776,16.48000000,0.64000000,15.1
1749260776,16.50000000,3.33000000,15.1
1749260776,16.51000000,26.11000000,15.1
1749260776,16.53000000,3.19000000,15.1
1749260776,16.54000000,0.98000000,15.1
1749260776,16.55000000,2.24000000,15.1
1749260776,16.57000000,0.60000000,15.1
1749260776,16.58000000,1.00000000,15.1
1749260776,16.59000000,2.39000000,15.1
1749260776,16.60000000,1.00000000,15.1
1749260776,16.61000000,0.34000000,15.1
1749260776,16.66000000,0.42000000,15.1
1749260776,16.67000000,0.36000000,15.1
1749260776,16.69000000,4.65000000,15.1
1749260776,16.71000000,3.19000000,15.1
1749260776,16.76000000,13.71000000,15.1
1749260776,16.78000000,93.26000000,15.1
1749260776,16.79000000,1.33000000,15.1
1749261096,15.11000000,53.87000000,15.11
1749261096,15.12000000,225.17000000,15.11
1749261096,15.13000000,579.13000000,15.11
1749261096,15.14000000,582.12000000,15.11
1749261096,15.15000000,662.74000000,15.11
1749261096,15.16000000,217.10000000,15.11
1749261096,15.17000000,71.18000000,15.11
1749261096,15.18000000,68.22000000,15.11
1749261096,15.19000000,135.47000000,15.11
1749261096,15.20000000,600.32000000,15.11
1749261096,15.21000000,240.71000000,15.11
1749261096,15.22000000,71.71000000,15.11
1749261096,15.23000000,75.10000000,15.11
1749261096,15.24000000,28.47000000,15.11
1749261096,15.25000000,19.90000000,15.11
1749261096,15.26000000,30.58000000,15.11
1749261096,15.27000000,19.90000000,15.11
1749261096,15.28000000,719.40000000,15.11
1749261096,15.29000000,93.19000000,15.11
1749261096,15.30000000,20.74000000,15.11
1749261096,15.31000000,90.81000000,15.11
1749261096,15.32000000,19.40000000,15.11
1749261096,15.33000000,52.69000000,15.11
1749261096,15.34000000,19.40000000,15.11
1749261096,15.35000000,39.15000000,15.11
1749261096,15.36000000,5.52000000,15.11
1749261096,15.37000000,19.40000000,15.11
1749261096,15.38000000,45.66000000,15.11
1749261096,15.39000000,0.50000000,15.11
1749261096,15.40000000,2.01000000,15.11
1749261096,15.41000000,21.82000000,15.11
1749261096,15.42000000,19.48000000,15.11
1749261096,15.43000000,47.77000000,15.11
1749261096,15.46000000,46.67000000,15.11
1749261096,15.48000000,2.91000000,15.11
1749261096,15.49000000,1.04000000,15.11
1749261096,15.50000000,1.00000000,15.11
1749261096,15.51000000,1.52000000,15.11
1749261096,15.52000000,3.19000000,15.11
1749261096,15.54000000,80.43000000,15.11
1749261096,15.55000000,38.00000000,15.11
1749261096,15.58000000,0.45000000,15.11
1749261096,15.60000000,1.00000000,15.11
1749261096,15.65000000,0.98000000,15.11
1749261096,15.66000000,1.67000000,15.11
1749261096,15.67000000,0.64000000,15.11
1749261096,15.68000000,3.19000000,15.11
1749261096,15.70000000,1.00000000,15.11
1749261096,15.71000000,1.59000000,15.11
1749261096,15.72000000,0.76000000,15.11
1749261096,15.73000000,0.64000000,15.11
1749261096,15.75000000,3.20000000,15.11
1749261096,15.78000000,129.81000000,15.11
1749261096,15.79000000,0.35000000,15.11
1749261096,15.80000000,1.00000000,15.11
1749261096,15.81000000,66.27000000,15.11
1749261096,15.85000000,65.02000000,15.11
1749261096,15.88000000,19.58000000,15.11
1749261096,15.90000000,1.00000000,15.11
1749261096,15.94000000,1.51000000,15.11
1749261096,15.95000000,0.53000000,15.11
1749261096,15.97000000,0.83000000,15.11
1749261096,15.99000000,0.43000000,15.11
1749261096,16.00000000,80.47000000,15.11
1749261096,16.02000000,3.19000000,15.11
1749261096,16.03000000,0.32000000,15.11
1749261096,16.10000000,1.00000000,15.11
1749261096,16.13000000,0.43000000,15.11
1749261096,16.18000000,0.35000000,15.11
1749261096,16.19000000,8.15000000,15.11
1749261096,16.20000000,1.00000000,15.11
1749261096,16.22000000,1.58000000,15.11
1749261096,16.23000000,0.98000000,15.11
1749261096,16.24000000,0.90000000,15.11
1749261096,16.27000000,0.61000000,15.11
1749261096,16.29000000,3.36000000,15.11
1749261096,16.30000000,25.50000000,15.11
1749261096,16.33000000,5.47000000,15.11
1749261096,16.34000000,1.05000000,15.11
1749261096,16.36000000,4.13000000,15.11
1749261096,16.37000000,4.28000000,15.11
1749261096,16.40000000,1.00000000,15.11
1749261096,16.42000000,6.88000000,15.11
1749261096,16.48000000,0.64000000,15.11
1749261096,16.50000000,3.33000000,15.11
1749261096,16.51000000,26.11000000,15.11
1749261096,16.53000000,3.19000000,15.11
1749261096,16.54000000,0.98000000,15.11
1749261096,16.55000000,2.24000000,15.11
1749261096,16.57000000,0.60000000,15.11
1749261096,16.58000000,1.00000000,15.11
1749261096,16.59000000,2.39000000,15.11
1749261096,16.60000000,1.00000000,15.11
1749261096,16.61000000,0.34000000,15.11
1749261096,16.66000000,0.42000000,15.11
1749261096,16.67000000,0.36000000,15.11
1749261096,16.69000000,4.65000000,15.11
1749261096,16.71000000,3.19000000,15.11
1749261096,16.76000000,13.71000000,15.11
1749261096,16.78000000,93.26000000,15.11
1749261409,15.12000000,26.63000000,15.12
1749261409,15.13000000,196.44000000,15.12
1749261409,15.14000000,484.52000000,15.12
1749261409,15.15000000,772.94000000,15.12
1749261409,15.16000000,455.46000000,15.12
1749261409,15.17000000,218.85000000,15.12
1749261409,15.18000000,92.13000000,15.12
1749261409,15.19000000,132.00000000,15.12
1749261409,15.20000000,63.94000000,15.12
1749261409,15.21000000,609.89000000,15.12
1749261409,15.22000000,71.71000000,15.12
1749261409,15.23000000,241.74000000,15.12
1749261409,15.24000000,46.70000000,15.12
1749261409,15.25000000,19.90000000,15.12
1749261409,15.26000000,30.58000000,15.12
1749261409,15.27000000,19.90000000,15.12
1749261409,15.28000000,719.40000000,15.12
1749261409,15.29000000,93.19000000,15.12
1749261409,15.30000000,20.74000000,15.12
1749261409,15.31000000,19.40000000,15.12
1749261409,15.32000000,90.82000000,15.12
1749261409,15.33000000,52.69000000,15.12
1749261409,15.34000000,19.40000000,15.12
1749261409,15.35000000,39.15000000,15.12
1749261409,15.36000000,5.52000000,15.12
1749261409,15.37000000,19.40000000,15.12
1749261409,15.38000000,45.66000000,15.12
1749261409,15.39000000,0.50000000,15.12
1749261409,15.40000000,2.01000000,15.12
1749261409,15.41000000,21.82000000,15.12
1749261409,15.42000000,19.48000000,15.12
1749261409,15.43000000,47.77000000,15.12
1749261409,15.46000000,46.67000000,15.12
1749261409,15.48000000,2.91000000,15.12
1749261409,15.49000000,1.04000000,15.12
1749261409,15.50000000,1.00000000,15.12
1749261409,15.51000000,1.52000000,15.12
1749261409,15.52000000,3.19000000,15.12
1749261409,15.54000000,80.43000000,15.12
1749261409,15.55000000,38.00000000,15.12
1749261409,15.58000000,0.45000000,15.12
1749261409,15.60000000,1.00000000,15.12
1749261409,15.61000000,1.81000000,15.12
1749261409,15.65000000,0.98000000,15.12
1749261409,15.66000000,1.67000000,15.12
1749261409,15.67000000,0.64000000,15.12
1749261409,15.68000000,3.19000000,15.12
1749261409,15.70000000,1.00000000,15.12
1749261409,15.71000000,1.59000000,15.12
1749261409,15.72000000,0.76000000,15.12
1749261409,15.73000000,0.64000000,15.12
1749261409,15.75000000,3.20000000,15.12
1749261409,15.78000000,129.81000000,15.12
1749261409,15.79000000,0.35000000,15.12
1749261409,15.80000000,1.00000000,15.12
1749261409,15.81000000,66.27000000,15.12
1749261409,15.85000000,65.02000000,15.12
1749261409,15.88000000,19.58000000,15.12
1749261409,15.90000000,1.00000000,15.12
1749261409,15.94000000,1.51000000,15.12
1749261409,15.95000000,0.53000000,15.12
1749261409,15.97000000,0.83000000,15.12
1749261409,15.99000000,0.43000000,15.12
1749261409,16.00000000,80.47000000,15.12
1749261409,16.02000000,3.19000000,15.12
1749261409,16.03000000,0.32000000,15.12
1749261409,16.10000000,1.00000000,15.12
1749261409,16.13000000,0.43000000,15.12
1749261409,16.18000000,0.35000000,15.12
1749261409,16.19000000,8.15000000,15.12
1749261409,16.20000000,1.00000000,15.12
1749261409,16.22000000,1.58000000,15.12
1749261409,16.23000000,0.98000000,15.12
1749261409,16.24000000,0.90000000,15.12
1749261409,16.27000000,0.61000000,15.12
1749261409,16.29000000,3.36000000,15.12
1749261409,16.30000000,25.50000000,15.12
1749261409,16.33000000,5.47000000,15.12
1749261409,16.34000000,1.05000000,15.12
1749261409,16.36000000,4.13000000,15.12
1749261409,16.37000000,4.28000000,15.12
1749261409,16.40000000,1.00000000,15.12
1749261409,16.42000000,6.88000000,15.12
1749261409,16.48000000,0.64000000,15.12
1749261409,16.50000000,3.33000000,15.12
1749261409,16.51000000,26.11000000,15.12
1749261409,16.53000000,3.19000000,15.12
1749261409,16.54000000,0.98000000,15.12
1749261409,16.55000000,2.24000000,15.12
1749261409,16.57000000,0.60000000,15.12
1749261409,16.58000000,1.00000000,15.12
1749261409,16.59000000,2.39000000,15.12
1749261409,16.60000000,1.00000000,15.12
1749261409,16.61000000,0.34000000,15.12
1749261409,16.66000000,0.42000000,15.12
1749261409,16.67000000,0.36000000,15.12
1749261409,16.69000000,4.65000000,15.12
1749261409,16.71000000,3.19000000,15.12
1749261409,16.76000000,13.71000000,15.12
1749261409,16.78000000,93.26000000,15.12
1749261721,15.10000000,34.63000000,15.11
1749261721,15.11000000,188.19000000,15.11
1749261721,15.12000000,447.44000000,15.11
1749261721,15.13000000,852.37000000,15.11
1749261721,15.14000000,512.06000000,15.11
1749261721,15.15000000,279.24000000,15.11
1749261721,15.16000000,83.88000000,15.11
1749261721,15.17000000,88.14000000,15.11
1749261721,15.18000000,606.06000000,15.11
1749261721,15.19000000,76.83000000,15.11
1749261721,15.20000000,64.32000000,15.11
1749261721,15.21000000,240.83000000,15.11
1749261721,15.22000000,28.01000000,15.11
1749261721,15.23000000,31.14000000,15.11
1749261721,15.24000000,38.13000000,15.11
1749261721,15.25000000,19.90000000,15.11
1749261721,15.26000000,30.58000000,15.11
1749261721,15.27000000,19.90000000,15.11
1749261721,15.28000000,719.40000000,15.11
1749261721,15.29000000,164.69000000,15.11
1749261721,15.30000000,20.74000000,15.11
1749261721,15.31000000,19.40000000,15.11
1749261721,15.32000000,19.40000000,15.11
1749261721,15.33000000,52.69000000,15.11
1749261721,15.34000000,19.40000000,15.11
1749261721,15.35000000,39.15000000,15.11
1749261721,15.36000000,5.52000000,15.11
1749261721,15.37000000,19.40000000,15.11
1749261721,15.38000000,45.66000000,15.11
1749261721,15.39000000,0.50000000,15.11
1749261721,15.40000000,2.01000000,15.11
1749261721,15.41000000,21.82000000,15.11
1749261721,15.42000000,0.58000000,15.11
1749261721,15.43000000,28.87000000,15.11
1749261721,15.46000000,46.67000000,15.11
1749261721,15.48000000,2.91000000,15.11
1749261721,15.49000000,1.04000000,15.11
1749261721,15.50000000,1.00000000,15.11
1749261721,15.51000000,1.52000000,15.11
1749261721,15.52000000,3.19000000,15.11
1749261721,15.54000000,80.43000000,15.11
1749261721,15.55000000,38.00000000,15.11
1749261721,15.58000000,0.45000000,15.11
1749261721,15.60000000,1.00000000,15.11
1749261721,15.65000000,0.98000000,15.11
1749261721,15.66000000,1.67000000,15.11
1749261721,15.67000000,0.64000000,15.11
1749261721,15.68000000,3.19000000,15.11
1749261721,15.70000000,1.00000000,15.11
1749261721,15.71000000,1.59000000,15.11
1749261721,15.72000000,0.76000000,15.11
1749261721,15.73000000,0.64000000,15.11
1749261721,15.75000000,3.20000000,15.11
1749261721,15.78000000,129.81000000,15.11
1749261721,15.79000000,0.35000000,15.11
1749261721,15.80000000,1.00000000,15.11
1749261721,15.81000000,66.27000000,15.11
1749261721,15.85000000,65.02000000,15.11
1749261721,15.88000000,19.58000000,15.11
1749261721,15.90000000,1.00000000,15.11
1749261721,15.94000000,1.51000000,15.11
1749261721,15.95000000,0.53000000,15.11
1749261721,15.97000000,0.83000000,15.11
1749261721,15.99000000,0.43000000,15.11
1749261721,16.00000000,80.47000000,15.11
1749261721,16.02000000,3.19000000,15.11
1749261721,16.03000000,0.32000000,15.11
1749261721,16.10000000,1.00000000,15.11
1749261721,16.13000000,0.43000000,15.11
1749261721,16.18000000,0.35000000,15.11
1749261721,16.19000000,8.15000000,15.11
1749261721,16.20000000,1.00000000,15.11
1749261721,16.22000000,1.58000000,15.11
1749261721,16.23000000,0.98000000,15.11
1749261721,16.24000000,0.90000000,15.11
1749261721,16.27000000,0.61000000,15.11
1749261721,16.29000000,3.36000000,15.11
1749261721,16.30000000,25.50000000,15.11
1749261721,16.33000000,5.47000000,15.11
1749261721,16.34000000,1.05000000,15.11
1749261721,16.36000000,4.13000000,15.11
1749261721,16.37000000,4.28000000,15.11
1749261721,16.40000000,1.00000000,15.11
1749261721,16.42000000,6.88000000,15.11
1749261721,16.48000000,0.64000000,15.11
1749261721,16.50000000,3.33000000,15.11
1749261721,16.51000000,26.11000000,15.11
1749261721,16.53000000,3.19000000,15.11
1749261721,16.54000000,0.98000000,15.11
1749261721,16.55000000,2.24000000,15.11
1749261721,16.57000000,0.60000000,15.11
1749261721,16.58000000,1.00000000,15.11
1749261721,16.59000000,2.39000000,15.11
1749261721,16.60000000,1.00000000,15.11
1749261721,16.61000000,0.34000000,15.11
1749261721,16.66000000,0.42000000,15.11
1749261721,16.67000000,0.36000000,15.11
1749261721,16.69000000,4.65000000,15.11
1749261721,16.71000000,3.19000000,15.11
1749261721,16.76000000,13.71000000,15.11
1749262023,15.09000000,26.63000000,15.09
1749262023,15.10000000,197.65000000,15.09
1749262023,15.11000000,250.20000000,15.09
1749262023,15.12000000,923.30000000,15.09
1749262023,15.13000000,483.62000000,15.09
1749262023,15.14000000,954.89000000,15.09
1749262023,15.15000000,147.81000000,15.09
1749262023,15.16000000,94.30000000,15.09
1749262023,15.17000000,63.98000000,15.09
1749262023,15.18000000,110.18000000,15.09
1749262023,15.19000000,19.90000000,15.09
1749262023,15.20000000,195.79000000,15.09
1749262023,15.21000000,48.93000000,15.09
1749262023,15.22000000,19.90000000,15.09
1749262023,15.23000000,20.24000000,15.09
1749262023,15.24000000,19.90000000,15.09
1749262023,15.25000000,719.90000000,15.09
1749262023,15.26000000,30.58000000,15.09
1749262023,15.27000000,19.90000000,15.09
1749262023,15.28000000,90.98000000,15.09
1749262023,15.29000000,93.19000000,15.09
1749262023,15.30000000,40.77000000,15.09
1749262023,15.31000000,19.40000000,15.09
1749262023,15.32000000,19.40000000,15.09
1749262023,15.33000000,52.69000000,15.09
1749262023,15.34000000,45.66000000,15.09
1749262023,15.35000000,19.40000000,15.09
1749262023,15.36000000,5.52000000,15.09
1749262023,15.37000000,19.40000000,15.09
1749262023,15.38000000,19.40000000,15.09
1749262023,15.39000000,47.39000000,15.09
1749262023,15.40000000,2.01000000,15.09
1749262023,15.41000000,2.92000000,15.09
1749262023,15.42000000,29.82000000,15.09
1749262023,15.43000000,0.88000000,15.09
1749262023,15.46000000,17.43000000,15.09
1749262023,15.48000000,2.91000000,15.09
1749262023,15.49000000,1.04000000,15.09
1749262023,15.50000000,81.43000000,15.09
1749262023,15.51000000,1.52000000,15.09
1749262023,15.52000000,3.19000000,15.09
1749262023,15.55000000,38.00000000,15.09
1749262023,15.58000000,0.45000000,15.09
1749262023,15.60000000,1.00000000,15.09
1749262023,15.65000000,0.98000000,15.09
1749262023,15.66000000,1.67000000,15.09
1749262023,15.67000000,0.64000000,15.09
1749262023,15.68000000,3.19000000,15.09
1749262023,15.70000000,1.00000000,15.09
1749262023,15.71000000,1.59000000,15.09
1749262023,15.72000000,0.76000000,15.09
1749262023,15.73000000,0.64000000,15.09
1749262023,15.75000000,3.20000000,15.09
1749262023,15.78000000,129.81000000,15.09
1749262023,15.79000000,0.35000000,15.09
1749262023,15.80000000,1.00000000,15.09
1749262023,15.81000000,66.27000000,15.09
1749262023,15.85000000,65.02000000,15.09
1749262023,15.88000000,19.58000000,15.09
1749262023,15.90000000,1.00000000,15.09
1749262023,15.94000000,1.51000000,15.09
1749262023,15.95000000,0.53000000,15.09
1749262023,15.97000000,0.83000000,15.09
1749262023,15.99000000,0.43000000,15.09
1749262023,16.00000000,80.47000000,15.09
1749262023,16.02000000,3.19000000,15.09
1749262023,16.03000000,0.32000000,15.09
1749262023,16.10000000,1.00000000,15.09
1749262023,16.13000000,0.43000000,15.09
1749262023,16.18000000,0.35000000,15.09
1749262023,16.19000000,8.15000000,15.09
1749262023,16.20000000,1.00000000,15.09
1749262023,16.22000000,1.58000000,15.09
1749262023,16.23000000,0.98000000,15.09
1749262023,16.24000000,0.90000000,15.09
1749262023,16.27000000,0.61000000,15.09
1749262023,16.29000000,3.36000000,15.09
1749262023,16.30000000,25.50000000,15.09
1749262023,16.33000000,5.47000000,15.09
1749262023,16.34000000,1.05000000,15.09
1749262023,16.36000000,4.13000000,15.09
1749262023,16.37000000,4.28000000,15.09
1749262023,16.40000000,1.00000000,15.09
1749262023,16.42000000,6.88000000,15.09
1749262023,16.48000000,0.64000000,15.09
1749262023,16.50000000,3.33000000,15.09
1749262023,16.51000000,26.11000000,15.09
1749262023,16.53000000,3.19000000,15.09
1749262023,16.54000000,0.98000000,15.09
1749262023,16.55000000,2.24000000,15.09
1749262023,16.57000000,0.60000000,15.09
1749262023,16.58000000,1.00000000,15.09
1749262023,16.59000000,2.39000000,15.09
1749262023,16.60000000,1.00000000,15.09
1749262023,16.61000000,0.34000000,15.09
1749262023,16.66000000,0.42000000,15.09
1749262023,16.67000000,0.36000000,15.09
1749262023,16.69000000,4.65000000,15.09
1749262023,16.71000000,3.19000000,15.09
1749262023,16.76000000,13.71000000,15.09
1749262325,15.13000000,156.36000000,15.12
1749262325,15.14000000,915.32000000,15.12
1749262325,15.15000000,697.50000000,15.12
1749262325,15.16000000,474.18000000,15.12
1749262325,15.17000000,89.27000000,15.12
1749262325,15.18000000,650.25000000,15.12
1749262325,15.19000000,88.61000000,15.12
1749262325,15.20000000,65.08000000,15.12
1749262325,15.21000000,48.53000000,15.12
1749262325,15.22000000,186.53000000,15.12
1749262325,15.23000000,31.22000000,15.12
1749262325,15.24000000,28.47000000,15.12
1749262325,15.25000000,19.90000000,15.12
1749262325,15.26000000,30.58000000,15.12
1749262325,15.27000000,19.90000000,15.12
1749262325,15.28000000,19.40000000,15.12
1749262325,15.29000000,793.19000000,15.12
1749262325,15.30000000,20.74000000,15.12
1749262325,15.31000000,19.40000000,15.12
1749262325,15.32000000,90.81000000,15.12
1749262325,15.33000000,52.69000000,15.12
1749262325,15.34000000,39.61000000,15.12
1749262325,15.35000000,19.40000000,15.12
1749262325,15.36000000,5.52000000,15.12
1749262325,15.37000000,19.40000000,15.12
1749262325,15.38000000,45.66000000,15.12
1749262325,15.39000000,47.39000000,15.12
1749262325,15.40000000,2.01000000,15.12
1749262325,15.41000000,2.92000000,15.12
1749262325,15.42000000,19.48000000,15.12
1749262325,15.43000000,0.88000000,15.12
1749262325,15.46000000,65.57000000,15.12
1749262325,15.48000000,2.91000000,15.12
1749262325,15.49000000,1.04000000,15.12
1749262325,15.50000000,1.00000000,15.12
1749262325,15.51000000,1.52000000,15.12
1749262325,15.52000000,3.19000000,15.12
1749262325,15.54000000,80.43000000,15.12
1749262325,15.55000000,38.00000000,15.12
1749262325,15.58000000,0.45000000,15.12
1749262325,15.60000000,1.00000000,15.12
1749262325,15.65000000,0.98000000,15.12
1749262325,15.66000000,1.67000000,15.12
1749262325,15.67000000,0.64000000,15.12
1749262325,15.68000000,3.19000000,15.12
1749262325,15.70000000,1.00000000,15.12
1749262325,15.71000000,1.59000000,15.12
1749262325,15.72000000,0.76000000,15.12
1749262325,15.73000000,0.64000000,15.12
1749262325,15.75000000,3.20000000,15.12
1749262325,15.78000000,129.81000000,15.12
1749262325,15.79000000,0.35000000,15.12
1749262325,15.80000000,1.00000000,15.12
1749262325,15.81000000,66.27000000,15.12
1749262325,15.85000000,65.02000000,15.12
1749262325,15.88000000,19.58000000,15.12
1749262325,15.90000000,1.00000000,15.12
1749262325,15.94000000,1.51000000,15.12
1749262325,15.95000000,0.53000000,15.12
1749262325,15.97000000,0.83000000,15.12
1749262325,15.99000000,0.43000000,15.12
1749262325,16.00000000,80.47000000,15.12
1749262325,16.02000000,3.19000000,15.12
1749262325,16.03000000,0.32000000,15.12
1749262325,16.10000000,1.00000000,15.12
1749262325,16.13000000,0.43000000,15.12
1749262325,16.18000000,0.35000000,15.12
1749262325,16.19000000,8.15000000,15.12
1749262325,16.20000000,1.00000000,15.12
1749262325,16.22000000,1.58000000,15.12
1749262325,16.23000000,0.98000000,15.12
1749262325,16.24000000,0.90000000,15.12
1749262325,16.27000000,0.61000000,15.12
1749262325,16.29000000,3.36000000,15.12
1749262325,16.30000000,25.50000000,15.12
1749262325,16.33000000,5.47000000,15.12
1749262325,16.34000000,1.05000000,15.12
1749262325,16.36000000,4.13000000,15.12
1749262325,16.37000000,4.28000000,15.12
1749262325,16.40000000,1.00000000,15.12
1749262325,16.42000000,6.88000000,15.12
1749262325,16.48000000,0.64000000,15.12
1749262325,16.50000000,3.33000000,15.12
1749262325,16.51000000,26.11000000,15.12
1749262325,16.53000000,3.19000000,15.12
1749262325,16.54000000,0.98000000,15.12
1749262325,16.55000000,2.24000000,15.12
1749262325,16.57000000,0.60000000,15.12
1749262325,16.58000000,1.00000000,15.12
1749262325,16.59000000,2.39000000,15.12
1749262325,16.60000000,1.00000000,15.12
1749262325,16.61000000,0.34000000,15.12
1749262325,16.66000000,0.42000000,15.12
1749262325,16.67000000,0.36000000,15.12
1749262325,16.69000000,4.65000000,15.12
1749262325,16.71000000,3.19000000,15.12
1749262325,16.76000000,13.71000000,15.12
1749262325,16.78000000,93.26000000,15.12
1749262325,16.79000000,1.33000000,15.12
1749262325,16.82000000,10.18000000,15.12
1749262626,15.13000000,18.90000000,15.14
1749262626,15.14000000,161.47000000,15.14
1749262626,15.15000000,529.59000000,15.14
1749262626,15.16000000,796.99000000,15.14
1749262626,15.17000000,610.19000000,15.14
1749262626,15.18000000,196.99000000,15.14
1749262626,15.19000000,144.96000000,15.14
1749262626,15.20000000,89.26000000,15.14
1749262626,15.21000000,125.33000000,15.14
1749262626,15.22000000,63.52000000,15.14
1749262626,15.23000000,563.25000000,15.14
1749262626,15.24000000,28.47000000,15.14
1749262626,15.25000000,202.26000000,15.14
1749262626,15.26000000,30.58000000,15.14
1749262626,15.27000000,19.90000000,15.14
1749262626,15.28000000,19.40000000,15.14
1749262626,15.29000000,93.19000000,15.14
1749262626,15.30000000,720.74000000,15.14
1749262626,15.31000000,19.40000000,15.14
1749262626,15.32000000,19.40000000,15.14
1749262626,15.33000000,52.69000000,15.14
1749262626,15.34000000,39.61000000,15.14
1749262626,15.35000000,90.66000000,15.14
1749262626,15.36000000,5.52000000,15.14
1749262626,15.37000000,19.40000000,15.14
1749262626,15.38000000,45.66000000,15.14
1749262626,15.39000000,19.40000000,15.14
1749262626,15.40000000,2.01000000,15.14
1749262626,15.41000000,2.92000000,15.14
1749262626,15.42000000,19.48000000,15.14
1749262626,15.43000000,47.77000000,15.14
1749262626,15.46000000,65.57000000,15.14
1749262626,15.48000000,2.91000000,15.14
1749262626,15.49000000,1.04000000,15.14
1749262626,15.50000000,1.00000000,15.14
1749262626,15.51000000,1.52000000,15.14
1749262626,15.52000000,3.19000000,15.14
1749262626,15.54000000,80.43000000,15.14
1749262626,15.55000000,38.00000000,15.14
1749262626,15.58000000,0.45000000,15.14
1749262626,15.60000000,1.00000000,15.14
1749262626,15.65000000,0.98000000,15.14
1749262626,15.66000000,1.67000000,15.14
1749262626,15.67000000,0.64000000,15.14
1749262626,15.68000000,3.19000000,15.14
1749262626,15.70000000,1.00000000,15.14
1749262626,15.71000000,1.59000000,15.14
1749262626,15.72000000,0.76000000,15.14
1749262626,15.73000000,0.64000000,15.14
1749262626,15.75000000,3.20000000,15.14
1749262626,15.78000000,129.81000000,15.14
1749262626,15.79000000,0.35000000,15.14
1749262626,15.80000000,1.00000000,15.14
1749262626,15.81000000,66.27000000,15.14
1749262626,15.85000000,65.02000000,15.14
1749262626,15.88000000,19.58000000,15.14
1749262626,15.90000000,1.00000000,15.14
1749262626,15.94000000,1.51000000,15.14
1749262626,15.95000000,0.53000000,15.14
1749262626,15.97000000,0.83000000,15.14
1749262626,15.99000000,0.43000000,15.14
1749262626,16.00000000,80.47000000,15.14
1749262626,16.02000000,3.19000000,15.14
1749262626,16.03000000,0.32000000,15.14
1749262626,16.10000000,1.00000000,15.14
1749262626,16.13000000,0.43000000,15.14
1749262626,16.18000000,0.35000000,15.14
1749262626,16.19000000,8.15000000,15.14
1749262626,16.20000000,1.00000000,15.14
1749262626,16.22000000,1.58000000,15.14
1749262626,16.23000000,0.98000000,15.14
1749262626,16.24000000,0.90000000,15.14
1749262626,16.27000000,0.61000000,15.14
1749262626,16.29000000,3.36000000,15.14
1749262626,16.30000000,25.50000000,15.14
1749262626,16.33000000,5.47000000,15.14
1749262626,16.34000000,1.05000000,15.14
1749262626,16.36000000,4.13000000,15.14
1749262626,16.37000000,4.28000000,15.14
1749262626,16.40000000,1.00000000,15.14
1749262626,16.42000000,6.88000000,15.14
1749262626,16.48000000,0.64000000,15.14
1749262626,16.50000000,3.33000000,15.14
1749262626,16.51000000,26.11000000,15.14
1749262626,16.53000000,3.19000000,15.14
1749262626,16.54000000,0.98000000,15.14
1749262626,16.55000000,2.24000000,15.14
1749262626,16.57000000,0.60000000,15.14
1749262626,16.58000000,1.00000000,15.14
1749262626,16.59000000,2.39000000,15.14
1749262626,16.60000000,1.00000000,15.14
1749262626,16.61000000,0.34000000,15.14
1749262626,16.66000000,0.42000000,15.14
1749262626,16.67000000,0.36000000,15.14
1749262626,16.69000000,4.65000000,15.14
1749262626,16.71000000,3.19000000,15.14
1749262626,16.76000000,13.71000000,15.14
1749262626,16.78000000,93.26000000,15.14
1749262626,16.79000000,1.33000000,15.14
1749262626,16.82000000,10.18000000,15.14
1749262930,15.14000000,136.86000000,15.12
1749262930,15.15000000,311.10000000,15.12
1749262930,15.16000000,889.90000000,15.12
1749262930,15.17000000,522.75000000,15.12
1749262930,15.18000000,485.67000000,15.12
1749262930,15.19000000,146.81000000,15.12
1749262930,15.20000000,601.04000000,15.12
1749262930,15.21000000,107.10000000,15.12
1749262930,15.22000000,63.52000000,15.12
1749262930,15.23000000,194.93000000,15.12
1749262930,15.24000000,28.47000000,15.12
1749262930,15.25000000,49.13000000,15.12
1749262930,15.26000000,30.58000000,15.12
1749262930,15.27000000,19.90000000,15.12
1749262930,15.28000000,19.40000000,15.12
1749262930,15.29000000,93.19000000,15.12
1749262930,15.30000000,720.74000000,15.12
1749262930,15.31000000,19.40000000,15.12
1749262930,15.32000000,19.40000000,15.12
1749262930,15.33000000,124.05000000,15.12
1749262930,15.34000000,39.61000000,15.12
1749262930,15.35000000,19.40000000,15.12
1749262930,15.36000000,5.52000000,15.12
1749262930,15.37000000,19.40000000,15.12
1749262930,15.38000000,45.66000000,15.12
1749262930,15.39000000,19.40000000,15.12
1749262930,15.40000000,2.01000000,15.12
1749262930,15.41000000,2.92000000,15.12
1749262930,15.42000000,19.48000000,15.12
1749262930,15.43000000,47.77000000,15.12
1749262930,15.46000000,65.57000000,15.12
1749262930,15.48000000,2.91000000,15.12
1749262930,15.49000000,1.04000000,15.12
1749262930,15.50000000,1.00000000,15.12
1749262930,15.51000000,1.52000000,15.12
1749262930,15.52000000,3.19000000,15.12
1749262930,15.54000000,80.43000000,15.12
1749262930,15.55000000,38.00000000,15.12
1749262930,15.58000000,0.45000000,15.12
1749262930,15.60000000,1.00000000,15.12
1749262930,15.65000000,0.98000000,15.12
1749262930,15.66000000,1.67000000,15.12
1749262930,15.67000000,0.64000000,15.12
1749262930,15.68000000,3.19000000,15.12
1749262930,15.70000000,1.00000000,15.12
1749262930,15.71000000,1.59000000,15.12
1749262930,15.72000000,0.76000000,15.12
1749262930,15.73000000,0.64000000,15.12
1749262930,15.75000000,3.20000000,15.12
1749262930,15.78000000,129.81000000,15.12
1749262930,15.79000000,0.35000000,15.12
1749262930,15.80000000,1.00000000,15.12
1749262930,15.81000000,66.27000000,15.12
1749262930,15.85000000,65.02000000,15.12
1749262930,15.88000000,19.58000000,15.12
1749262930,15.90000000,1.00000000,15.12
1749262930,15.94000000,1.51000000,15.12
1749262930,15.95000000,0.53000000,15.12
1749262930,15.97000000,0.83000000,15.12
1749262930,15.99000000,0.43000000,15.12
1749262930,16.00000000,80.47000000,15.12
1749262930,16.02000000,3.19000000,15.12
1749262930,16.03000000,0.32000000,15.12
1749262930,16.10000000,1.00000000,15.12
1749262930,16.13000000,0.43000000,15.12
1749262930,16.18000000,0.35000000,15.12
1749262930,16.19000000,8.15000000,15.12
1749262930,16.20000000,1.00000000,15.12
1749262930,16.22000000,1.58000000,15.12
1749262930,16.23000000,0.98000000,15.12
1749262930,16.24000000,0.90000000,15.12
1749262930,16.27000000,0.61000000,15.12
1749262930,16.29000000,3.36000000,15.12
1749262930,16.30000000,25.50000000,15.12
1749262930,16.33000000,5.47000000,15.12
1749262930,16.34000000,1.05000000,15.12
1749262930,16.36000000,4.13000000,15.12
1749262930,16.37000000,4.28000000,15.12
1749262930,16.40000000,1.00000000,15.12
1749262930,16.42000000,6.88000000,15.12
1749262930,16.48000000,0.64000000,15.12
1749262930,16.50000000,3.33000000,15.12
1749262930,16.51000000,26.11000000,15.12
1749262930,16.53000000,3.19000000,15.12
1749262930,16.54000000,0.98000000,15.12
1749262930,16.55000000,2.24000000,15.12
1749262930,16.57000000,0.60000000,15.12
1749262930,16.58000000,1.00000000,15.12
1749262930,16.59000000,2.39000000,15.12
1749262930,16.60000000,1.00000000,15.12
1749262930,16.61000000,0.34000000,15.12
1749262930,16.66000000,0.42000000,15.12
1749262930,16.67000000,0.36000000,15.12
1749262930,16.69000000,4.65000000,15.12
1749262930,16.71000000,3.19000000,15.12
1749262930,16.76000000,13.71000000,15.12
1749262930,16.78000000,93.26000000,15.12
1749262930,16.79000000,1.33000000,15.12
1749262930,16.82000000,10.18000000,15.12
1749262930,16.84000000,13.68000000,15.12
1749263232,15.16000000,162.14000000,15.15
1749263232,15.17000000,760.94000000,15.15
1749263232,15.18000000,766.79000000,15.15
1749263232,15.19000000,462.96000000,15.15
1749263232,15.20000000,200.09000000,15.15
1749263232,15.21000000,114.04000000,15.15
1749263232,15.22000000,87.54000000,15.15
1749263232,15.23000000,654.77000000,15.15
1749263232,15.24000000,63.44000000,15.15
1749263232,15.25000000,51.79000000,15.15
1749263232,15.26000000,196.74000000,15.15
1749263232,15.27000000,30.85000000,15.15
1749263232,15.28000000,19.40000000,15.15
1749263232,15.29000000,93.19000000,15.15
1749263232,15.30000000,20.74000000,15.15
1749263232,15.31000000,19.40000000,15.15
1749263232,15.32000000,719.40000000,15.15
1749263232,15.33000000,19.74000000,15.15
1749263232,15.34000000,19.40000000,15.15
1749263232,15.35000000,90.62000000,15.15
1749263232,15.36000000,24.42000000,15.15
1749263232,15.37000000,52.35000000,15.15
1749263232,15.38000000,39.12000000,15.15
1749263232,15.39000000,19.40000000,15.15
1749263232,15.40000000,2.01000000,15.15
1749263232,15.41000000,2.92000000,15.15
1749263232,15.42000000,45.74000000,15.15
1749263232,15.43000000,47.77000000,15.15
1749263232,15.46000000,65.57000000,15.15
1749263232,15.48000000,2.91000000,15.15
1749263232,15.49000000,1.04000000,15.15
1749263232,15.50000000,19.90000000,15.15
1749263232,15.51000000,1.52000000,15.15
1749263232,15.52000000,3.19000000,15.15
1749263232,15.53000000,18.90000000,15.15
1749263232,15.55000000,0.39000000,15.15
1749263232,15.58000000,80.88000000,15.15
1749263232,15.59000000,37.61000000,15.15
1749263232,15.60000000,1.00000000,15.15
1749263232,15.65000000,0.98000000,15.15
1749263232,15.66000000,1.67000000,15.15
1749263232,15.67000000,0.64000000,15.15
1749263232,15.68000000,3.19000000,15.15
1749263232,15.70000000,1.00000000,15.15
1749263232,15.71000000,1.59000000,15.15
1749263232,15.72000000,0.76000000,15.15
1749263232,15.73000000,0.64000000,15.15
1749263232,15.75000000,3.20000000,15.15
1749263232,15.78000000,129.81000000,15.15
1749263232,15.79000000,0.35000000,15.15
1749263232,15.80000000,1.00000000,15.15
1749263232,15.85000000,131.29000000,15.15
1749263232,15.88000000,19.58000000,15.15
1749263232,15.90000000,1.00000000,15.15
1749263232,15.94000000,1.51000000,15.15
1749263232,15.95000000,0.53000000,15.15
1749263232,15.97000000,0.83000000,15.15
1749263232,15.99000000,0.43000000,15.15
1749263232,16.00000000,80.47000000,15.15
1749263232,16.02000000,3.19000000,15.15
1749263232,16.03000000,0.32000000,15.15
1749263232,16.10000000,1.00000000,15.15
1749263232,16.13000000,0.43000000,15.15
1749263232,16.18000000,0.35000000,15.15
1749263232,16.19000000,8.15000000,15.15
1749263232,16.20000000,1.00000000,15.15
1749263232,16.22000000,1.58000000,15.15
1749263232,16.23000000,0.98000000,15.15
1749263232,16.24000000,0.90000000,15.15
1749263232,16.27000000,0.61000000,15.15
1749263232,16.29000000,3.36000000,15.15
1749263232,16.30000000,25.50000000,15.15
1749263232,16.33000000,5.47000000,15.15
1749263232,16.34000000,1.05000000,15.15
1749263232,16.36000000,4.13000000,15.15
1749263232,16.37000000,4.28000000,15.15
1749263232,16.40000000,1.00000000,15.15
1749263232,16.42000000,6.88000000,15.15
1749263232,16.48000000,0.64000000,15.15
1749263232,16.50000000,3.33000000,15.15
1749263232,16.51000000,26.11000000,15.15
1749263232,16.53000000,3.19000000,15.15
1749263232,16.54000000,0.98000000,15.15
1749263232,16.55000000,2.24000000,15.15
1749263232,16.57000000,0.60000000,15.15
1749263232,16.58000000,1.00000000,15.15
1749263232,16.59000000,2.39000000,15.15
1749263232,16.60000000,1.00000000,15.15
1749263232,16.61000000,0.34000000,15.15
1749263232,16.66000000,0.42000000,15.15
1749263232,16.67000000,0.36000000,15.15
1749263232,16.69000000,4.65000000,15.15
1749263232,16.71000000,3.19000000,15.15
1749263232,16.76000000,13.71000000,15.15
1749263232,16.78000000,93.26000000,15.15
1749263232,16.79000000,1.33000000,15.15
1749263232,16.82000000,10.18000000,15.15
1749263232,16.84000000,13.68000000,15.15
1749263232,16.85000000,1.48000000,15.15
1749263232,16.87000000,4.48000000,15.15
1749263533,15.16000000,124.66000000,15.16
1749263533,15.17000000,327.97000000,15.16
1749263533,15.18000000,882.91000000,15.16
1749263533,15.19000000,862.22000000,15.16
1749263533,15.20000000,149.39000000,15.16
1749263533,15.21000000,97.89000000,15.16
1749263533,15.22000000,628.82000000,15.16
1749263533,15.23000000,136.63000000,15.16
1749263533,15.24000000,68.93000000,15.16
1749263533,15.25000000,46.70000000,15.16
1749263533,15.26000000,196.87000000,15.16
1749263533,15.27000000,30.85000000,15.16
1749263533,15.28000000,19.40000000,15.16
1749263533,15.29000000,93.19000000,15.16
1749263533,15.30000000,20.74000000,15.16
1749263533,15.31000000,19.40000000,15.16
1749263533,15.32000000,719.40000000,15.16
1749263533,15.33000000,19.74000000,15.16
1749263533,15.34000000,19.40000000,15.16
1749263533,15.35000000,90.66000000,15.16
1749263533,15.36000000,24.42000000,15.16
1749263533,15.37000000,52.35000000,15.16
1749263533,15.38000000,39.12000000,15.16
1749263533,15.39000000,19.40000000,15.16
1749263533,15.40000000,2.01000000,15.16
1749263533,15.41000000,2.92000000,15.16
1749263533,15.42000000,45.74000000,15.16
1749263533,15.43000000,19.78000000,15.16
1749263533,15.46000000,36.33000000,15.16
1749263533,15.47000000,27.99000000,15.16
1749263533,15.48000000,2.91000000,15.16
1749263533,15.49000000,1.04000000,15.16
1749263533,15.50000000,30.24000000,15.16
1749263533,15.51000000,1.52000000,15.16
1749263533,15.52000000,3.19000000,15.16
1749263533,15.55000000,0.39000000,15.16
1749263533,15.58000000,80.88000000,15.16
1749263533,15.59000000,37.61000000,15.16
1749263533,15.60000000,1.00000000,15.16
1749263533,15.65000000,0.98000000,15.16
1749263533,15.66000000,1.67000000,15.16
1749263533,15.67000000,0.64000000,15.16
1749263533,15.68000000,3.19000000,15.16
1749263533,15.70000000,1.00000000,15.16
1749263533,15.71000000,1.59000000,15.16
1749263533,15.72000000,0.76000000,15.16
1749263533,15.73000000,0.64000000,15.16
1749263533,15.75000000,3.20000000,15.16
1749263533,15.78000000,129.81000000,15.16
1749263533,15.79000000,0.35000000,15.16
1749263533,15.80000000,1.00000000,15.16
1749263533,15.85000000,131.29000000,15.16
1749263533,15.88000000,19.58000000,15.16
1749263533,15.90000000,1.00000000,15.16
1749263533,15.94000000,1.51000000,15.16
1749263533,15.95000000,0.53000000,15.16
1749263533,15.97000000,0.83000000,15.16
1749263533,15.99000000,0.43000000,15.16
1749263533,16.00000000,80.47000000,15.16
1749263533,16.02000000,3.19000000,15.16
1749263533,16.03000000,0.32000000,15.16
1749263533,16.10000000,1.00000000,15.16
1749263533,16.13000000,0.43000000,15.16
1749263533,16.18000000,0.35000000,15.16
1749263533,16.19000000,8.15000000,15.16
1749263533,16.20000000,1.00000000,15.16
1749263533,16.22000000,1.58000000,15.16
1749263533,16.23000000,0.98000000,15.16
1749263533,16.24000000,0.90000000,15.16
1749263533,16.27000000,0.61000000,15.16
1749263533,16.29000000,3.36000000,15.16
1749263533,16.30000000,25.50000000,15.16
1749263533,16.33000000,5.47000000,15.16
1749263533,16.34000000,1.05000000,15.16
1749263533,16.36000000,4.13000000,15.16
1749263533,16.37000000,4.28000000,15.16
1749263533,16.40000000,1.00000000,15.16
1749263533,16.42000000,6.88000000,15.16
1749263533,16.48000000,0.64000000,15.16
1749263533,16.50000000,3.33000000,15.16
1749263533,16.51000000,26.11000000,15.16
1749263533,16.53000000,3.19000000,15.16
1749263533,16.54000000,0.98000000,15.16
1749263533,16.55000000,2.24000000,15.16
1749263533,16.57000000,0.60000000,15.16
1749263533,16.58000000,1.00000000,15.16
1749263533,16.59000000,2.39000000,15.16
1749263533,16.60000000,1.00000000,15.16
1749263533,16.61000000,0.34000000,15.16
1749263533,16.66000000,0.42000000,15.16
1749263533,16.67000000,0.36000000,15.16
1749263533,16.69000000,4.65000000,15.16
1749263533,16.71000000,3.19000000,15.16
1749263533,16.76000000,13.71000000,15.16
1749263533,16.78000000,93.26000000,15.16
1749263533,16.79000000,1.33000000,15.16
1749263533,16.82000000,10.18000000,15.16
1749263533,16.84000000,13.68000000,15.16
1749263533,16.85000000,1.48000000,15.16
1749263533,16.87000000,4.48000000,15.16
1749263839,15.17000000,58.90000000,15.15
1749263839,15.18000000,244.61000000,15.15
1749263839,15.19000000,422.01000000,15.15
1749263839,15.20000000,808.44000000,15.15
1749263839,15.21000000,758.63000000,15.15
1749263839,15.22000000,230.95000000,15.15
1749263839,15.23000000,139.83000000,15.15
1749263839,15.24000000,73.32000000,15.15
1749263839,15.25000000,615.26000000,15.15
1749263839,15.26000000,44.92000000,15.15
1749263839,15.27000000,19.90000000,15.15
1749263839,15.28000000,19.90000000,15.15
1749263839,15.29000000,270.09000000,15.15
1749263839,15.30000000,29.31000000,15.15
1749263839,15.31000000,19.40000000,15.15
1749263839,15.32000000,19.40000000,15.15
1749263839,15.33000000,19.74000000,15.15
1749263839,15.34000000,719.40000000,15.15
1749263839,15.35000000,19.40000000,15.15
1749263839,15.36000000,23.57000000,15.15
1749263839,15.37000000,52.35000000,15.15
1749263839,15.38000000,110.26000000,15.15
1749263839,15.39000000,19.40000000,15.15
1749263839,15.40000000,2.01000000,15.15
1749263839,15.41000000,2.92000000,15.15
1749263839,15.42000000,45.74000000,15.15
1749263839,15.43000000,19.26000000,15.15
1749263839,15.46000000,36.33000000,15.15
1749263839,15.47000000,46.89000000,15.15
1749263839,15.48000000,2.91000000,15.15
1749263839,15.49000000,1.04000000,15.15
1749263839,15.50000000,30.24000000,15.15
1749263839,15.51000000,1.00000000,15.15
1749263839,15.52000000,3.19000000,15.15
1749263839,15.55000000,0.39000000,15.15
1749263839,15.58000000,80.43000000,15.15
1749263839,15.59000000,37.61000000,15.15
1749263839,15.60000000,1.00000000,15.15
1749263839,15.65000000,0.98000000,15.15
1749263839,15.66000000,1.16000000,15.15
1749263839,15.68000000,3.19000000,15.15
1749263839,15.70000000,1.00000000,15.15
1749263839,15.71000000,1.59000000,15.15
1749263839,15.72000000,0.76000000,15.15
1749263839,15.75000000,3.20000000,15.15
1749263839,15.78000000,129.81000000,15.15
1749263839,15.79000000,0.35000000,15.15
1749263839,15.80000000,1.00000000,15.15
1749263839,15.85000000,131.29000000,15.15
1749263839,15.88000000,19.08000000,15.15
1749263839,15.90000000,1.00000000,15.15
1749263839,15.94000000,1.51000000,15.15
1749263839,15.95000000,0.53000000,15.15
1749263839,15.97000000,0.83000000,15.15
1749263839,15.99000000,0.43000000,15.15
1749263839,16.00000000,80.47000000,15.15
1749263839,16.02000000,3.19000000,15.15
1749263839,16.03000000,0.32000000,15.15
1749263839,16.10000000,1.00000000,15.15
1749263839,16.13000000,0.43000000,15.15
1749263839,16.18000000,0.35000000,15.15
1749263839,16.19000000,8.15000000,15.15
1749263839,16.20000000,1.00000000,15.15
1749263839,16.22000000,1.58000000,15.15
1749263839,16.23000000,0.98000000,15.15
1749263839,16.24000000,0.90000000,15.15
1749263839,16.27000000,0.61000000,15.15
1749263839,16.29000000,3.36000000,15.15
1749263839,16.30000000,25.50000000,15.15
1749263839,16.33000000,5.47000000,15.15
1749263839,16.34000000,1.05000000,15.15
1749263839,16.36000000,4.13000000,15.15
1749263839,16.37000000,4.28000000,15.15
1749263839,16.40000000,1.00000000,15.15
1749263839,16.42000000,6.88000000,15.15
1749263839,16.48000000,0.64000000,15.15
1749263839,16.50000000,3.33000000,15.15
1749263839,16.51000000,26.11000000,15.15
1749263839,16.53000000,3.19000000,15.15
1749263839,16.54000000,0.98000000,15.15
1749263839,16.55000000,2.24000000,15.15
1749263839,16.57000000,0.60000000,15.15
1749263839,16.58000000,1.00000000,15.15
1749263839,16.59000000,2.39000000,15.15
1749263839,16.60000000,1.00000000,15.15
1749263839,16.61000000,0.34000000,15.15
1749263839,16.66000000,0.42000000,15.15
1749263839,16.67000000,0.36000000,15.15
1749263839,16.69000000,4.65000000,15.15
1749263839,16.71000000,3.19000000,15.15
1749263839,16.76000000,13.71000000,15.15
1749263839,16.78000000,93.26000000,15.15
1749263839,16.79000000,1.33000000,15.15
1749263839,16.82000000,10.18000000,15.15
1749263839,16.84000000,13.68000000,15.15
1749263839,16.85000000,1.48000000,15.15
1749263839,16.87000000,4.48000000,15.15
1749263839,16.89000000,19.47000000,15.15
1749263839,16.93000000,13.68000000,15.15
1749263839,16.97000000,0.35000000,15.15
1749264141,15.19000000,145.02000000,15.18
1749264141,15.20000000,586.68000000,15.18
1749264141,15.21000000,765.08000000,15.18
1749264141,15.22000000,793.16000000,15.18
1749264141,15.23000000,120.70000000,15.18
1749264141,15.24000000,93.73000000,15.18
1749264141,15.25000000,87.36000000,15.18
1749264141,15.26000000,621.15000000,15.18
1749264141,15.27000000,28.01000000,15.18
1749264141,15.28000000,25.39000000,15.18
1749264141,15.29000000,41.46000000,15.18
1749264141,15.30000000,195.22000000,15.18
1749264141,15.31000000,30.20000000,15.18
1749264141,15.32000000,19.40000000,15.18
1749264141,15.33000000,19.74000000,15.18
1749264141,15.34000000,89.86000000,15.18
1749264141,15.35000000,19.40000000,15.18
1749264141,15.36000000,23.57000000,15.18
1749264141,15.37000000,52.35000000,15.18
1749264141,15.38000000,39.12000000,15.18
1749264141,15.39000000,90.47000000,15.18
1749264141,15.40000000,2.01000000,15.18
1749264141,15.41000000,2.92000000,15.18
1749264141,15.42000000,45.74000000,15.18
1749264141,15.43000000,19.26000000,15.18
1749264141,15.46000000,36.33000000,15.18
1749264141,15.47000000,46.89000000,15.18
1749264141,15.48000000,2.91000000,15.18
1749264141,15.49000000,1.04000000,15.18
1749264141,15.50000000,49.14000000,15.18
1749264141,15.51000000,1.00000000,15.18
1749264141,15.52000000,3.19000000,15.18
1749264141,15.55000000,0.39000000,15.18
1749264141,15.58000000,80.43000000,15.18
1749264141,15.59000000,37.61000000,15.18
1749264141,15.60000000,1.00000000,15.18
1749264141,15.65000000,0.98000000,15.18
1749264141,15.66000000,1.16000000,15.18
1749264141,15.68000000,3.19000000,15.18
1749264141,15.70000000,1.00000000,15.18
1749264141,15.71000000,1.59000000,15.18
1749264141,15.72000000,0.76000000,15.18
1749264141,15.75000000,3.20000000,15.18
1749264141,15.78000000,129.81000000,15.18
1749264141,15.79000000,0.35000000,15.18
1749264141,15.80000000,1.00000000,15.18
1749264141,15.85000000,131.29000000,15.18
1749264141,15.88000000,19.08000000,15.18
1749264141,15.90000000,1.00000000,15.18
1749264141,15.94000000,1.51000000,15.18
1749264141,15.95000000,0.53000000,15.18
1749264141,15.97000000,0.83000000,15.18
1749264141,15.99000000,0.43000000,15.18
1749264141,16.00000000,80.47000000,15.18
1749264141,16.02000000,3.19000000,15.18
1749264141,16.03000000,0.32000000,15.18
1749264141,16.10000000,1.00000000,15.18
1749264141,16.13000000,0.43000000,15.18
1749264141,16.18000000,0.35000000,15.18
1749264141,16.19000000,8.15000000,15.18
1749264141,16.20000000,1.00000000,15.18
1749264141,16.22000000,1.58000000,15.18
1749264141,16.23000000,0.98000000,15.18
1749264141,16.24000000,0.90000000,15.18
1749264141,16.27000000,0.61000000,15.18
1749264141,16.29000000,3.36000000,15.18
1749264141,16.30000000,25.50000000,15.18
1749264141,16.33000000,5.47000000,15.18
1749264141,16.34000000,1.05000000,15.18
1749264141,16.36000000,4.13000000,15.18
1749264141,16.37000000,4.28000000,15.18
1749264141,16.40000000,1.00000000,15.18
1749264141,16.42000000,6.88000000,15.18
1749264141,16.48000000,0.64000000,15.18
1749264141,16.50000000,3.33000000,15.18
1749264141,16.51000000,26.11000000,15.18
1749264141,16.53000000,3.19000000,15.18
1749264141,16.54000000,0.98000000,15.18
1749264141,16.55000000,2.24000000,15.18
1749264141,16.57000000,0.60000000,15.18
1749264141,16.58000000,1.00000000,15.18
1749264141,16.59000000,2.39000000,15.18
1749264141,16.60000000,1.00000000,15.18
1749264141,16.61000000,0.34000000,15.18
1749264141,16.66000000,0.42000000,15.18
1749264141,16.67000000,0.36000000,15.18
1749264141,16.69000000,4.65000000,15.18
1749264141,16.71000000,3.19000000,15.18
1749264141,16.76000000,13.71000000,15.18
1749264141,16.78000000,93.26000000,15.18
1749264141,16.79000000,1.33000000,15.18
1749264141,16.82000000,10.18000000,15.18
1749264141,16.84000000,13.68000000,15.18
1749264141,16.85000000,1.48000000,15.18
1749264141,16.87000000,4.48000000,15.18
1749264141,16.89000000,19.47000000,15.18
1749264141,16.93000000,13.68000000,15.18
1749264141,16.97000000,0.35000000,15.18
1749264141,16.99000000,0.41000000,15.18
1749264141,17.00000000,78.81000000,15.18
1749264447,15.18000000,132.16000000,15.18
1749264447,15.19000000,384.57000000,15.18
1749264447,15.20000000,943.32000000,15.18
1749264447,15.21000000,634.71000000,15.18
1749264447,15.22000000,280.70000000,15.18
1749264447,15.23000000,260.18000000,15.18
1749264447,15.24000000,92.98000000,15.18
1749264447,15.25000000,597.03000000,15.18
1749264447,15.26000000,112.99000000,15.18
1749264447,15.27000000,28.01000000,15.18
1749264447,15.28000000,185.83000000,15.18
1749264447,15.29000000,52.23000000,15.18
1749264447,15.30000000,20.74000000,15.18
1749264447,15.31000000,19.40000000,15.18
1749264447,15.32000000,19.40000000,15.18
1749264447,15.33000000,19.74000000,15.18
1749264447,15.34000000,89.86000000,15.18
1749264447,15.35000000,19.40000000,15.18
1749264447,15.36000000,23.57000000,15.18
1749264447,15.37000000,52.35000000,15.18
1749264447,15.38000000,110.22000000,15.18
1749264447,15.39000000,19.40000000,15.18
1749264447,15.40000000,2.01000000,15.18
1749264447,15.41000000,2.92000000,15.18
1749264447,15.42000000,45.74000000,15.18
1749264447,15.43000000,0.36000000,15.18
1749264447,15.46000000,36.33000000,15.18
1749264447,15.47000000,46.89000000,15.18
1749264447,15.48000000,2.91000000,15.18
1749264447,15.49000000,1.04000000,15.18
1749264447,15.50000000,49.14000000,15.18
1749264447,15.51000000,1.00000000,15.18
1749264447,15.52000000,3.19000000,15.18
1749264447,15.55000000,0.39000000,15.18
1749264447,15.58000000,80.43000000,15.18
1749264447,15.59000000,37.61000000,15.18
1749264447,15.60000000,1.00000000,15.18
1749264447,15.65000000,0.98000000,15.18
1749264447,15.66000000,1.16000000,15.18
1749264447,15.68000000,3.19000000,15.18
1749264447,15.70000000,1.00000000,15.18
1749264447,15.71000000,1.59000000,15.18
1749264447,15.72000000,0.76000000,15.18
1749264447,15.75000000,3.20000000,15.18
1749264447,15.78000000,129.81000000,15.18
1749264447,15.79000000,0.35000000,15.18
1749264447,15.80000000,1.00000000,15.18
1749264447,15.85000000,131.29000000,15.18
1749264447,15.88000000,19.08000000,15.18
1749264447,15.90000000,1.00000000,15.18
1749264447,15.94000000,1.51000000,15.18
1749264447,15.95000000,0.53000000,15.18
1749264447,15.97000000,0.83000000,15.18
1749264447,15.99000000,0.43000000,15.18
1749264447,16.00000000,80.47000000,15.18
1749264447,16.02000000,3.19000000,15.18
1749264447,16.03000000,0.32000000,15.18
1749264447,16.10000000,1.00000000,15.18
1749264447,16.13000000,0.43000000,15.18
1749264447,16.18000000,0.35000000,15.18
1749264447,16.19000000,8.15000000,15.18
1749264447,16.20000000,1.00000000,15.18
1749264447,16.22000000,1.58000000,15.18
1749264447,16.23000000,0.98000000,15.18
1749264447,16.24000000,0.90000000,15.18
1749264447,16.27000000,0.61000000,15.18
1749264447,16.29000000,3.36000000,15.18
1749264447,16.30000000,25.50000000,15.18
1749264447,16.33000000,5.47000000,15.18
1749264447,16.34000000,1.05000000,15.18
1749264447,16.36000000,4.13000000,15.18
1749264447,16.37000000,4.28000000,15.18
1749264447,16.40000000,1.00000000,15.18
1749264447,16.42000000,6.88000000,15.18
1749264447,16.48000000,0.64000000,15.18
1749264447,16.50000000,3.33000000,15.18
1749264447,16.51000000,26.11000000,15.18
1749264447,16.53000000,3.19000000,15.18
1749264447,16.54000000,0.98000000,15.18
1749264447,16.55000000,2.24000000,15.18
1749264447,16.57000000,0.60000000,15.18
1749264447,16.58000000,1.00000000,15.18
1749264447,16.59000000,2.39000000,15.18
1749264447,16.60000000,1.00000000,15.18
1749264447,16.61000000,0.34000000,15.18
1749264447,16.66000000,0.42000000,15.18
1749264447,16.67000000,0.36000000,15.18
1749264447,16.69000000,4.65000000,15.18
1749264447,16.71000000,3.19000000,15.18
1749264447,16.76000000,13.71000000,15.18
1749264447,16.78000000,93.26000000,15.18
1749264447,16.79000000,1.33000000,15.18
1749264447,16.82000000,10.18000000,15.18
1749264447,16.84000000,13.68000000,15.18
1749264447,16.85000000,1.48000000,15.18
1749264447,16.87000000,4.48000000,15.18
1749264447,16.89000000,19.47000000,15.18
1749264447,16.93000000,13.68000000,15.18
1749264447,16.97000000,0.35000000,15.18
1749264447,16.99000000,0.41000000,15.18
1749264750,15.21000000,26.63000000,15.2
1749264750,15.22000000,245.10000000,15.2
1749264750,15.23000000,786.28000000,15.2
1749264750,15.24000000,806.24000000,15.2
1749264750,15.25000000,423.35000000,15.2
1749264750,15.26000000,96.94000000,15.2
1749264750,15.27000000,143.33000000,15.2
1749264750,15.28000000,85.03000000,15.2
1749264750,15.29000000,81.65000000,15.2
1749264750,15.30000000,26.72000000,15.2
1749264750,15.31000000,716.81000000,15.2
1749264750,15.32000000,19.90000000,15.2
1749264750,15.33000000,49.90000000,15.2
1749264750,15.34000000,89.86000000,15.2
1749264750,15.35000000,19.40000000,15.2
1749264750,15.36000000,23.57000000,15.2
1749264750,15.37000000,22.39000000,15.2
1749264750,15.38000000,19.40000000,15.2
1749264750,15.39000000,19.40000000,15.2
1749264750,15.40000000,91.94000000,15.2
1749264750,15.41000000,54.77000000,15.2
1749264750,15.42000000,39.36000000,15.2
1749264750,15.43000000,0.36000000,15.2
1749264750,15.46000000,62.59000000,15.2
1749264750,15.47000000,46.89000000,15.2
1749264750,15.48000000,2.91000000,15.2
1749264750,15.49000000,1.04000000,15.2
1749264750,15.50000000,49.14000000,15.2
1749264750,15.51000000,1.00000000,15.2
1749264750,15.52000000,3.19000000,15.2
1749264750,15.53000000,18.90000000,15.2
1749264750,15.55000000,0.39000000,15.2
1749264750,15.60000000,1.00000000,15.2
1749264750,15.62000000,80.43000000,15.2
1749264750,15.63000000,37.61000000,15.2
1749264750,15.65000000,0.98000000,15.2
1749264750,15.66000000,1.16000000,15.2
1749264750,15.68000000,3.19000000,15.2
1749264750,15.70000000,2.81000000,15.2
1749264750,15.71000000,1.59000000,15.2
1749264750,15.75000000,3.20000000,15.2
1749264750,15.78000000,129.81000000,15.2
1749264750,15.79000000,0.35000000,15.2
1749264750,15.80000000,1.00000000,15.2
1749264750,15.85000000,65.02000000,15.2
1749264750,15.88000000,19.08000000,15.2
1749264750,15.89000000,66.27000000,15.2
1749264750,15.90000000,1.00000000,15.2
1749264750,15.94000000,1.51000000,15.2
1749264750,15.95000000,0.53000000,15.2
1749264750,15.97000000,0.83000000,15.2
1749264750,15.99000000,0.43000000,15.2
1749264750,16.00000000,80.47000000,15.2
1749264750,16.02000000,3.19000000,15.2
1749264750,16.03000000,0.32000000,15.2
1749264750,16.10000000,1.00000000,15.2
1749264750,16.13000000,0.43000000,15.2
1749264750,16.18000000,0.35000000,15.2
1749264750,16.19000000,8.15000000,15.2
1749264750,16.20000000,1.00000000,15.2
1749264750,16.22000000,1.58000000,15.2
1749264750,16.23000000,0.98000000,15.2
1749264750,16.24000000,0.90000000,15.2
1749264750,16.27000000,0.61000000,15.2
1749264750,16.29000000,3.36000000,15.2
1749264750,16.30000000,25.50000000,15.2
1749264750,16.33000000,5.47000000,15.2
1749264750,16.34000000,1.05000000,15.2
1749264750,16.36000000,4.13000000,15.2
1749264750,16.37000000,4.28000000,15.2
1749264750,16.40000000,1.00000000,15.2
1749264750,16.42000000,6.88000000,15.2
1749264750,16.48000000,0.64000000,15.2
1749264750,16.50000000,3.33000000,15.2
1749264750,16.51000000,26.11000000,15.2
1749264750,16.53000000,3.19000000,15.2
1749264750,16.54000000,0.98000000,15.2
1749264750,16.55000000,2.24000000,15.2
1749264750,16.57000000,0.60000000,15.2
1749264750,16.58000000,1.00000000,15.2
1749264750,16.59000000,2.39000000,15.2
1749264750,16.60000000,1.00000000,15.2
1749264750,16.61000000,0.34000000,15.2
1749264750,16.66000000,0.42000000,15.2
1749264750,16.67000000,0.36000000,15.2
1749264750,16.69000000,4.65000000,15.2
1749264750,16.71000000,3.19000000,15.2
1749264750,16.76000000,13.71000000,15.2
1749264750,16.78000000,93.26000000,15.2
1749264750,16.79000000,1.33000000,15.2
1749264750,16.82000000,10.18000000,15.2
1749264750,16.84000000,13.68000000,15.2
1749264750,16.85000000,1.48000000,15.2
1749264750,16.87000000,4.48000000,15.2
1749264750,16.89000000,19.47000000,15.2
1749264750,16.93000000,13.68000000,15.2
1749264750,16.97000000,0.35000000,15.2
1749264750,16.99000000,0.41000000,15.2
1749264750,17.00000000,78.81000000,15.2
1749264750,17.01000000,13.68000000,15.2
1749265051,15.24000000,152.18000000,15.23
1749265051,15.25000000,547.42000000,15.23
1749265051,15.26000000,902.11000000,15.23
1749265051,15.27000000,626.67000000,15.23
1749265051,15.28000000,294.09000000,15.23
1749265051,15.29000000,83.18000000,15.23
1749265051,15.30000000,93.84000000,15.23
1749265051,15.31000000,121.37000000,15.23
1749265051,15.32000000,91.47000000,15.23
1749265051,15.33000000,57.72000000,15.23
1749265051,15.34000000,714.94000000,15.23
1749265051,15.35000000,30.66000000,15.23
1749265051,15.36000000,23.57000000,15.23
1749265051,15.37000000,22.39000000,15.23
1749265051,15.38000000,19.40000000,15.23
1749265051,15.39000000,89.86000000,15.23
1749265051,15.40000000,20.91000000,15.23
1749265051,15.41000000,21.82000000,15.23
1749265051,15.42000000,19.40000000,15.23
1749265051,15.43000000,90.62000000,15.23
1749265051,15.44000000,19.40000000,15.23
1749265051,15.45000000,52.35000000,15.23
1749265051,15.46000000,82.32000000,15.23
1749265051,15.47000000,18.90000000,15.23
1749265051,15.48000000,2.91000000,15.23
1749265051,15.49000000,1.04000000,15.23
1749265051,15.50000000,19.90000000,15.23
1749265051,15.51000000,47.89000000,15.23
1749265051,15.52000000,3.19000000,15.23
1749265051,15.54000000,29.24000000,15.23
1749265051,15.55000000,0.39000000,15.23
1749265051,15.60000000,1.00000000,15.23
1749265051,15.62000000,80.43000000,15.23
1749265051,15.63000000,37.61000000,15.23
1749265051,15.65000000,0.98000000,15.23
1749265051,15.66000000,1.16000000,15.23
1749265051,15.68000000,3.19000000,15.23
1749265051,15.70000000,2.81000000,15.23
1749265051,15.71000000,1.59000000,15.23
1749265051,15.75000000,3.20000000,15.23
1749265051,15.78000000,129.81000000,15.23
1749265051,15.79000000,0.35000000,15.23
1749265051,15.80000000,1.00000000,15.23
1749265051,15.85000000,65.02000000,15.23
1749265051,15.88000000,19.08000000,15.23
1749265051,15.90000000,1.00000000,15.23
1749265051,15.93000000,66.27000000,15.23
1749265051,15.94000000,1.51000000,15.23
1749265051,15.95000000,0.53000000,15.23
1749265051,15.97000000,0.83000000,15.23
1749265051,15.99000000,0.43000000,15.23
1749265051,16.00000000,80.47000000,15.23
1749265051,16.02000000,3.19000000,15.23
1749265051,16.03000000,0.32000000,15.23
1749265051,16.10000000,1.00000000,15.23
1749265051,16.13000000,0.43000000,15.23
1749265051,16.18000000,0.35000000,15.23
1749265051,16.19000000,8.15000000,15.23
1749265051,16.20000000,1.00000000,15.23
1749265051,16.22000000,1.58000000,15.23
1749265051,16.23000000,0.98000000,15.23
1749265051,16.24000000,0.90000000,15.23
1749265051,16.27000000,0.61000000,15.23
1749265051,16.29000000,3.36000000,15.23
1749265051,16.30000000,25.50000000,15.23
1749265051,16.33000000,5.47000000,15.23
1749265051,16.34000000,1.05000000,15.23
1749265051,16.36000000,4.13000000,15.23
1749265051,16.37000000,4.28000000,15.23
1749265051,16.40000000,1.00000000,15.23
1749265051,16.42000000,6.88000000,15.23
1749265051,16.48000000,0.64000000,15.23
1749265051,16.50000000,3.33000000,15.23
1749265051,16.51000000,26.11000000,15.23
1749265051,16.53000000,3.19000000,15.23
1749265051,16.54000000,0.98000000,15.23
1749265051,16.55000000,2.24000000,15.23
1749265051,16.57000000,0.60000000,15.23
1749265051,16.58000000,1.00000000,15.23
1749265051,16.59000000,2.39000000,15.23
1749265051,16.60000000,1.00000000,15.23
1749265051,16.61000000,0.34000000,15.23
1749265051,16.66000000,0.42000000,15.23
1749265051,16.67000000,0.36000000,15.23
1749265051,16.69000000,4.65000000,15.23
1749265051,16.71000000,3.19000000,15.23
1749265051,16.76000000,13.71000000,15.23
1749265051,16.78000000,93.26000000,15.23
1749265051,16.79000000,1.33000000,15.23
1749265051,16.82000000,10.18000000,15.23
1749265051,16.84000000,13.68000000,15.23
1749265051,16.85000000,1.48000000,15.23
1749265051,16.87000000,4.48000000,15.23
1749265051,16.89000000,19.47000000,15.23
1749265051,16.93000000,13.68000000,15.23
1749265051,16.97000000,0.35000000,15.23
1749265051,16.99000000,0.41000000,15.23
1749265051,17.00000000,78.81000000,15.23
1749265051,17.01000000,13.68000000,15.23
1749265051,17.03000000,5.02000000,15.23
1749265363,15.20000000,47.73000000,15.2
1749265363,15.21000000,201.05000000,15.2
1749265363,15.22000000,230.90000000,15.2
1749265363,15.23000000,784.86000000,15.2
1749265363,15.24000000,524.92000000,15.2
1749265363,15.25000000,640.58000000,15.2
1749265363,15.26000000,87.18000000,15.2
1749265363,15.27000000,615.60000000,15.2
1749265363,15.28000000,84.58000000,15.2
1749265363,15.29000000,81.79000000,15.2
1749265363,15.30000000,64.32000000,15.2
1749265363,15.31000000,303.52000000,15.2
1749265363,15.32000000,44.40000000,15.2
1749265363,15.33000000,50.30000000,15.2
1749265363,15.34000000,19.90000000,15.2
1749265363,15.35000000,19.90000000,15.2
1749265363,15.36000000,23.57000000,15.2
1749265363,15.37000000,22.39000000,15.2
1749265363,15.38000000,19.40000000,15.2
1749265363,15.39000000,89.86000000,15.2
1749265363,15.40000000,91.94000000,15.2
1749265363,15.41000000,54.77000000,15.2
1749265363,15.42000000,19.40000000,15.2
1749265363,15.43000000,19.76000000,15.2
1749265363,15.44000000,19.40000000,15.2
1749265363,15.45000000,19.40000000,15.2
1749265363,15.46000000,82.32000000,15.2
1749265363,15.47000000,18.90000000,15.2
1749265363,15.48000000,2.91000000,15.2
1749265363,15.49000000,1.04000000,15.2
1749265363,15.50000000,19.90000000,15.2
1749265363,15.51000000,28.99000000,15.2
1749265363,15.52000000,3.19000000,15.2
1749265363,15.54000000,29.24000000,15.2
1749265363,15.55000000,0.39000000,15.2
1749265363,15.60000000,1.00000000,15.2
1749265363,15.62000000,80.43000000,15.2
1749265363,15.63000000,37.61000000,15.2
1749265363,15.65000000,0.98000000,15.2
1749265363,15.66000000,1.16000000,15.2
1749265363,15.68000000,3.19000000,15.2
1749265363,15.70000000,1.00000000,15.2
1749265363,15.71000000,1.59000000,15.2
1749265363,15.75000000,3.20000000,15.2
1749265363,15.78000000,129.81000000,15.2
1749265363,15.79000000,0.35000000,15.2
1749265363,15.80000000,1.00000000,15.2
1749265363,15.85000000,65.02000000,15.2
1749265363,15.88000000,19.08000000,15.2
1749265363,15.89000000,66.27000000,15.2
1749265363,15.90000000,1.00000000,15.2
1749265363,15.94000000,1.51000000,15.2
1749265363,15.95000000,0.53000000,15.2
1749265363,15.97000000,0.83000000,15.2
1749265363,15.99000000,0.43000000,15.2
1749265363,16.00000000,80.47000000,15.2
1749265363,16.02000000,3.19000000,15.2
1749265363,16.03000000,0.32000000,15.2
1749265363,16.10000000,1.00000000,15.2
1749265363,16.13000000,0.43000000,15.2
1749265363,16.18000000,0.35000000,15.2
1749265363,16.19000000,8.15000000,15.2
1749265363,16.20000000,1.00000000,15.2
1749265363,16.22000000,1.58000000,15.2
1749265363,16.23000000,0.98000000,15.2
1749265363,16.24000000,0.90000000,15.2
1749265363,16.27000000,0.61000000,15.2
1749265363,16.29000000,3.36000000,15.2
1749265363,16.30000000,25.50000000,15.2
1749265363,16.33000000,5.47000000,15.2
1749265363,16.34000000,1.05000000,15.2
1749265363,16.36000000,4.13000000,15.2
1749265363,16.37000000,4.28000000,15.2
1749265363,16.40000000,1.00000000,15.2
1749265363,16.42000000,6.88000000,15.2
1749265363,16.48000000,0.64000000,15.2
1749265363,16.50000000,3.33000000,15.2
1749265363,16.51000000,26.11000000,15.2
1749265363,16.53000000,3.19000000,15.2
1749265363,16.54000000,0.98000000,15.2
1749265363,16.55000000,2.24000000,15.2
1749265363,16.57000000,0.60000000,15.2
1749265363,16.58000000,1.00000000,15.2
1749265363,16.59000000,2.39000000,15.2
1749265363,16.60000000,1.00000000,15.2
1749265363,16.61000000,0.34000000,15.2
1749265363,16.66000000,0.42000000,15.2
1749265363,16.67000000,0.36000000,15.2
1749265363,16.69000000,4.65000000,15.2
1749265363,16.71000000,3.19000000,15.2
1749265363,16.76000000,13.71000000,15.2
1749265363,16.78000000,93.26000000,15.2
1749265363,16.79000000,1.33000000,15.2
1749265363,16.82000000,10.18000000,15.2
1749265363,16.84000000,13.68000000,15.2
1749265363,16.85000000,1.48000000,15.2
1749265363,16.87000000,4.48000000,15.2
1749265363,16.89000000,19.47000000,15.2
1749265363,16.93000000,13.68000000,15.2
1749265363,16.97000000,0.35000000,15.2
1749265664,15.23000000,82.28000000,15.22
1749265664,15.24000000,221.08000000,15.22
1749265664,15.25000000,671.41000000,15.22
1749265664,15.26000000,794.65000000,15.22
1749265664,15.27000000,458.86000000,15.22
1749265664,15.28000000,104.58000000,15.22
1749265664,15.29000000,619.35000000,15.22
1749265664,15.30000000,68.31000000,15.22
1749265664,15.31000000,137.78000000,15.22
1749265664,15.32000000,49.86000000,15.22
1749265664,15.33000000,223.15000000,15.22
1749265664,15.34000000,19.90000000,15.22
1749265664,15.35000000,30.92000000,15.22
1749265664,15.36000000,23.57000000,15.22
1749265664,15.37000000,22.39000000,15.22
1749265664,15.38000000,19.40000000,15.22
1749265664,15.39000000,89.86000000,15.22
1749265664,15.40000000,20.91000000,15.22
1749265664,15.41000000,21.82000000,15.22
1749265664,15.42000000,19.40000000,15.22
1749265664,15.43000000,90.65000000,15.22
1749265664,15.44000000,19.40000000,15.22
1749265664,15.45000000,52.35000000,15.22
1749265664,15.46000000,82.32000000,15.22
1749265664,15.47000000,18.90000000,15.22
1749265664,15.48000000,2.91000000,15.22
1749265664,15.49000000,1.04000000,15.22
1749265664,15.50000000,19.90000000,15.22
1749265664,15.51000000,47.89000000,15.22
1749265664,15.52000000,3.19000000,15.22
1749265664,15.54000000,48.14000000,15.22
1749265664,15.55000000,0.39000000,15.22
1749265664,15.60000000,1.00000000,15.22
1749265664,15.62000000,80.43000000,15.22
1749265664,15.63000000,37.61000000,15.22
1749265664,15.65000000,0.98000000,15.22
1749265664,15.66000000,1.16000000,15.22
1749265664,15.68000000,3.19000000,15.22
1749265664,15.70000000,1.00000000,15.22
1749265664,15.71000000,1.59000000,15.22
1749265664,15.75000000,3.20000000,15.22
1749265664,15.78000000,129.81000000,15.22
1749265664,15.79000000,0.35000000,15.22
1749265664,15.80000000,1.00000000,15.22
1749265664,15.85000000,65.02000000,15.22
1749265664,15.88000000,19.08000000,15.22
1749265664,15.89000000,66.27000000,15.22
1749265664,15.90000000,1.00000000,15.22
1749265664,15.94000000,1.51000000,15.22
1749265664,15.95000000,0.53000000,15.22
1749265664,15.97000000,0.83000000,15.22
1749265664,15.99000000,0.43000000,15.22
1749265664,16.00000000,80.47000000,15.22
1749265664,16.02000000,3.19000000,15.22
1749265664,16.03000000,0.32000000,15.22
1749265664,16.10000000,1.00000000,15.22
1749265664,16.13000000,0.43000000,15.22
1749265664,16.18000000,0.35000000,15.22
1749265664,16.19000000,8.15000000,15.22
1749265664,16.20000000,1.00000000,15.22
1749265664,16.22000000,1.58000000,15.22
1749265664,16.23000000,0.98000000,15.22
1749265664,16.24000000,0.90000000,15.22
1749265664,16.27000000,0.61000000,15.22
1749265664,16.29000000,3.36000000,15.22
1749265664,16.30000000,25.50000000,15.22
1749265664,16.33000000,5.47000000,15.22
1749265664,16.34000000,1.05000000,15.22
1749265664,16.36000000,4.13000000,15.22
1749265664,16.37000000,4.28000000,15.22
1749265664,16.40000000,1.00000000,15.22
1749265664,16.42000000,6.88000000,15.22
1749265664,16.48000000,0.64000000,15.22
1749265664,16.50000000,3.33000000,15.22
1749265664,16.51000000,26.11000000,15.22
1749265664,16.53000000,3.19000000,15.22
1749265664,16.54000000,0.98000000,15.22
1749265664,16.55000000,2.24000000,15.22
1749265664,16.57000000,0.60000000,15.22
1749265664,16.58000000,1.00000000,15.22
1749265664,16.59000000,2.39000000,15.22
1749265664,16.60000000,1.00000000,15.22
1749265664,16.61000000,0.34000000,15.22
1749265664,16.66000000,0.42000000,15.22
1749265664,16.67000000,0.36000000,15.22
1749265664,16.69000000,4.65000000,15.22
1749265664,16.71000000,3.19000000,15.22
1749265664,16.76000000,13.71000000,15.22
1749265664,16.78000000,93.26000000,15.22
1749265664,16.79000000,1.33000000,15.22
1749265664,16.82000000,10.18000000,15.22
1749265664,16.84000000,13.68000000,15.22
1749265664,16.85000000,1.48000000,15.22
1749265664,16.87000000,4.48000000,15.22
1749265664,16.89000000,19.47000000,15.22
1749265664,16.93000000,13.68000000,15.22
1749265664,16.97000000,0.35000000,15.22
1749265664,16.99000000,0.41000000,15.22
1749265664,17.00000000,78.81000000,15.22
1749265664,17.01000000,13.68000000,15.22
1749265966,15.28000000,210.62000000,15.25
1749265966,15.29000000,888.59000000,15.25
1749265966,15.30000000,938.94000000,15.25
1749265966,15.31000000,166.28000000,15.25
1749265966,15.32000000,72.33000000,15.25
1749265966,15.33000000,111.99000000,15.25
1749265966,15.34000000,103.46000000,15.25
1749265966,15.35000000,111.02000000,15.25
1749265966,15.36000000,552.71000000,15.25
1749265966,15.37000000,188.01000000,15.25
1749265966,15.38000000,19.90000000,15.25
1749265966,15.39000000,109.20000000,15.25
1749265966,15.40000000,20.91000000,15.25
1749265966,15.41000000,21.82000000,15.25
1749265966,15.42000000,19.40000000,15.25
1749265966,15.43000000,19.76000000,15.25
1749265966,15.44000000,19.40000000,15.25
1749265966,15.45000000,52.35000000,15.25
1749265966,15.46000000,107.56000000,15.25
1749265966,15.47000000,19.40000000,15.25
1749265966,15.48000000,3.41000000,15.25
1749265966,15.49000000,1.04000000,15.25
1749265966,15.50000000,66.20000000,15.25
1749265966,15.51000000,19.90000000,15.25
1749265966,15.52000000,3.19000000,15.25
1749265966,15.54000000,18.90000000,15.25
1749265966,15.55000000,0.39000000,15.25
1749265966,15.56000000,46.89000000,15.25
1749265966,15.58000000,48.14000000,15.25
1749265966,15.60000000,1.00000000,15.25
1749265966,15.65000000,0.98000000,15.25
1749265966,15.66000000,100.49000000,15.25
1749265966,15.67000000,56.51000000,15.25
1749265966,15.68000000,3.19000000,15.25
1749265966,15.70000000,1.00000000,15.25
1749265966,15.71000000,1.59000000,15.25
1749265966,15.75000000,3.20000000,15.25
1749265966,15.78000000,129.81000000,15.25
1749265966,15.79000000,0.35000000,15.25
1749265966,15.80000000,1.00000000,15.25
1749265966,15.85000000,65.02000000,15.25
1749265966,15.88000000,19.08000000,15.25
1749265966,15.90000000,1.00000000,15.25
1749265966,15.93000000,66.27000000,15.25
1749265966,15.94000000,1.51000000,15.25
1749265966,15.95000000,0.53000000,15.25
1749265966,15.97000000,0.83000000,15.25
1749265966,15.99000000,0.43000000,15.25
1749265966,16.00000000,80.47000000,15.25
1749265966,16.02000000,3.19000000,15.25
1749265966,16.03000000,0.32000000,15.25
1749265966,16.10000000,1.00000000,15.25
1749265966,16.13000000,0.43000000,15.25
1749265966,16.18000000,0.35000000,15.25
1749265966,16.19000000,8.15000000,15.25
1749265966,16.20000000,1.00000000,15.25
1749265966,16.22000000,1.58000000,15.25
1749265966,16.23000000,0.98000000,15.25
1749265966,16.24000000,0.90000000,15.25
1749265966,16.27000000,0.61000000,15.25
1749265966,16.29000000,3.36000000,15.25
1749265966,16.30000000,25.50000000,15.25
1749265966,16.33000000,5.47000000,15.25
1749265966,16.34000000,1.05000000,15.25
1749265966,16.36000000,4.13000000,15.25
1749265966,16.37000000,4.28000000,15.25
1749265966,16.40000000,1.00000000,15.25
1749265966,16.42000000,6.88000000,15.25
1749265966,16.48000000,0.64000000,15.25
1749265966,16.50000000,3.33000000,15.25
1749265966,16.51000000,26.11000000,15.25
1749265966,16.53000000,3.19000000,15.25
1749265966,16.54000000,0.98000000,15.25
1749265966,16.55000000,2.24000000,15.25
1749265966,16.57000000,0.60000000,15.25
1749265966,16.58000000,1.00000000,15.25
1749265966,16.59000000,2.39000000,15.25
1749265966,16.60000000,1.00000000,15.25
1749265966,16.61000000,0.34000000,15.25
1749265966,16.66000000,0.42000000,15.25
1749265966,16.67000000,0.36000000,15.25
1749265966,16.69000000,4.65000000,15.25
1749265966,16.71000000,3.19000000,15.25
1749265966,16.76000000,13.71000000,15.25
1749265966,16.78000000,93.26000000,15.25
1749265966,16.79000000,1.33000000,15.25
1749265966,16.82000000,10.18000000,15.25
1749265966,16.84000000,13.68000000,15.25
1749265966,16.85000000,1.48000000,15.25
1749265966,16.87000000,4.48000000,15.25
1749265966,16.89000000,19.47000000,15.25
1749265966,16.93000000,13.68000000,15.25
1749265966,16.97000000,0.35000000,15.25
1749265966,16.99000000,0.41000000,15.25
1749265966,17.00000000,78.81000000,15.25
1749265966,17.01000000,13.68000000,15.25
1749265966,17.03000000,5.02000000,15.25
1749265966,17.04000000,6.72000000,15.25
1749265966,17.06000000,2.31000000,15.25
1749265966,17.07000000,3.19000000,15.25
1749266272,15.29000000,66.63000000,15.29
1749266272,15.30000000,363.97000000,15.29
1749266272,15.31000000,757.61000000,15.29
1749266272,15.32000000,573.68000000,15.29
1749266272,15.33000000,352.78000000,15.29
1749266272,15.34000000,89.28000000,15.29
1749266272,15.35000000,106.03000000,15.29
1749266272,15.36000000,94.25000000,15.29
1749266272,15.37000000,62.98000000,15.29
1749266272,15.38000000,25.35000000,15.29
1749266272,15.39000000,603.55000000,15.29
1749266272,15.40000000,196.77000000,15.29
1749266272,15.41000000,32.54000000,15.29
1749266272,15.42000000,19.40000000,15.29
1749266272,15.43000000,19.76000000,15.29
1749266272,15.44000000,89.86000000,15.29
1749266272,15.45000000,22.39000000,15.29
1749266272,15.46000000,36.83000000,15.29
1749266272,15.47000000,19.40000000,15.29
1749266272,15.48000000,92.89000000,15.29
1749266272,15.49000000,53.39000000,15.29
1749266272,15.50000000,40.44000000,15.29
1749266272,15.51000000,19.90000000,15.29
1749266272,15.52000000,3.19000000,15.29
1749266272,15.54000000,45.16000000,15.29
1749266272,15.55000000,0.39000000,15.29
1749266272,15.58000000,18.90000000,15.29
1749266272,15.60000000,47.89000000,15.29
1749266272,15.62000000,48.14000000,15.29
1749266272,15.65000000,0.98000000,15.29
1749266272,15.66000000,1.16000000,15.29
1749266272,15.67000000,56.51000000,15.29
1749266272,15.68000000,3.19000000,15.29
1749266272,15.70000000,100.33000000,15.29
1749266272,15.71000000,1.59000000,15.29
1749266272,15.75000000,3.20000000,15.29
1749266272,15.78000000,129.81000000,15.29
1749266272,15.79000000,0.35000000,15.29
1749266272,15.80000000,1.00000000,15.29
1749266272,15.85000000,65.02000000,15.29
1749266272,15.88000000,19.08000000,15.29
1749266272,15.90000000,1.00000000,15.29
1749266272,15.94000000,1.51000000,15.29
1749266272,15.95000000,0.53000000,15.29
1749266272,15.97000000,67.10000000,15.29
1749266272,15.99000000,0.43000000,15.29
1749266272,16.00000000,80.47000000,15.29
1749266272,16.02000000,3.19000000,15.29
1749266272,16.03000000,0.32000000,15.29
1749266272,16.10000000,1.00000000,15.29
1749266272,16.13000000,0.43000000,15.29
1749266272,16.18000000,0.35000000,15.29
1749266272,16.19000000,8.15000000,15.29
1749266272,16.20000000,1.00000000,15.29
1749266272,16.22000000,1.58000000,15.29
1749266272,16.23000000,0.98000000,15.29
1749266272,16.24000000,0.90000000,15.29
1749266272,16.27000000,0.61000000,15.29
1749266272,16.29000000,3.36000000,15.29
1749266272,16.30000000,25.50000000,15.29
1749266272,16.33000000,5.47000000,15.29
1749266272,16.34000000,1.05000000,15.29
1749266272,16.36000000,4.13000000,15.29
1749266272,16.37000000,4.28000000,15.29
1749266272,16.40000000,1.00000000,15.29
1749266272,16.42000000,6.88000000,15.29
1749266272,16.48000000,0.64000000,15.29
1749266272,16.50000000,3.33000000,15.29
1749266272,16.51000000,26.11000000,15.29
1749266272,16.53000000,3.19000000,15.29
1749266272,16.54000000,0.98000000,15.29
1749266272,16.55000000,2.24000000,15.29
1749266272,16.57000000,0.60000000,15.29
1749266272,16.58000000,1.00000000,15.29
1749266272,16.59000000,2.39000000,15.29
1749266272,16.60000000,1.00000000,15.29
1749266272,16.61000000,0.34000000,15.29
1749266272,16.66000000,0.42000000,15.29
1749266272,16.67000000,0.36000000,15.29
1749266272,16.69000000,4.65000000,15.29
1749266272,16.71000000,3.19000000,15.29
1749266272,16.76000000,13.71000000,15.29
1749266272,16.78000000,93.26000000,15.29
1749266272,16.79000000,1.33000000,15.29
1749266272,16.82000000,10.18000000,15.29
1749266272,16.84000000,13.68000000,15.29
1749266272,16.85000000,1.48000000,15.29
1749266272,16.87000000,4.48000000,15.29
1749266272,16.89000000,19.47000000,15.29
1749266272,16.93000000,13.68000000,15.29
1749266272,16.97000000,0.35000000,15.29
1749266272,16.99000000,0.41000000,15.29
1749266272,17.00000000,78.81000000,15.29
1749266272,17.01000000,13.68000000,15.29
1749266272,17.03000000,5.02000000,15.29
1749266272,17.04000000,6.72000000,15.29
1749266272,17.06000000,2.31000000,15.29
1749266272,17.07000000,3.19000000,15.29
1749266272,17.08000000,8.87000000,15.29
1749266272,17.09000000,14.01000000,15.29
1749266574,15.27000000,58.90000000,15.25
1749266574,15.28000000,348.08000000,15.25
1749266574,15.29000000,558.76000000,15.25
1749266574,15.30000000,614.98000000,15.25
1749266574,15.31000000,493.15000000,15.25
1749266574,15.32000000,96.20000000,15.25
1749266574,15.33000000,617.09000000,15.25
1749266574,15.34000000,68.60000000,15.25
1749266574,15.35000000,91.07000000,15.25
1749266574,15.36000000,89.87000000,15.25
1749266574,15.37000000,228.04000000,15.25
1749266574,15.38000000,19.90000000,15.25
1749266574,15.39000000,39.31000000,15.25
1749266574,15.40000000,32.09000000,15.25
1749266574,15.41000000,21.82000000,15.25
1749266574,15.42000000,19.40000000,15.25
1749266574,15.43000000,19.76000000,15.25
1749266574,15.44000000,89.86000000,15.25
1749266574,15.45000000,22.39000000,15.25
1749266574,15.46000000,107.58000000,15.25
1749266574,15.47000000,19.40000000,15.25
1749266574,15.48000000,22.31000000,15.25
1749266574,15.49000000,53.39000000,15.25
1749266574,15.50000000,66.70000000,15.25
1749266574,15.51000000,19.90000000,15.25
1749266574,15.52000000,3.19000000,15.25
1749266574,15.54000000,18.90000000,15.25
1749266574,15.55000000,0.39000000,15.25
1749266574,15.56000000,46.89000000,15.25
1749266574,15.58000000,48.14000000,15.25
1749266574,15.60000000,1.00000000,15.25
1749266574,15.65000000,0.98000000,15.25
1749266574,15.66000000,81.59000000,15.25
1749266574,15.67000000,37.61000000,15.25
1749266574,15.68000000,3.19000000,15.25
1749266574,15.70000000,1.00000000,15.25
1749266574,15.71000000,1.59000000,15.25
1749266574,15.75000000,3.20000000,15.25
1749266574,15.78000000,129.81000000,15.25
1749266574,15.79000000,0.35000000,15.25
1749266574,15.80000000,1.00000000,15.25
1749266574,15.85000000,65.02000000,15.25
1749266574,15.88000000,19.08000000,15.25
1749266574,15.90000000,1.00000000,15.25
1749266574,15.94000000,1.51000000,15.25
1749266574,15.95000000,0.53000000,15.25
1749266574,15.97000000,67.10000000,15.25
1749266574,15.99000000,0.43000000,15.25
1749266574,16.00000000,80.47000000,15.25
1749266574,16.02000000,3.19000000,15.25
1749266574,16.03000000,0.32000000,15.25
1749266574,16.10000000,1.00000000,15.25
1749266574,16.13000000,0.43000000,15.25
1749266574,16.18000000,0.35000000,15.25
1749266574,16.19000000,8.15000000,15.25
1749266574,16.20000000,1.00000000,15.25
1749266574,16.22000000,1.58000000,15.25
1749266574,16.23000000,0.98000000,15.25
1749266574,16.24000000,0.90000000,15.25
1749266574,16.27000000,0.61000000,15.25
1749266574,16.29000000,3.36000000,15.25
1749266574,16.30000000,25.50000000,15.25
1749266574,16.33000000,5.47000000,15.25
1749266574,16.34000000,1.05000000,15.25
1749266574,16.36000000,4.13000000,15.25
1749266574,16.37000000,4.28000000,15.25
1749266574,16.40000000,1.00000000,15.25
1749266574,16.42000000,6.88000000,15.25
1749266574,16.48000000,0.64000000,15.25
1749266574,16.50000000,3.33000000,15.25
1749266574,16.51000000,26.11000000,15.25
1749266574,16.53000000,3.19000000,15.25
1749266574,16.54000000,0.98000000,15.25
1749266574,16.55000000,2.24000000,15.25
1749266574,16.57000000,0.60000000,15.25
1749266574,16.58000000,1.00000000,15.25
1749266574,16.59000000,2.39000000,15.25
1749266574,16.60000000,1.00000000,15.25
1749266574,16.61000000,0.34000000,15.25
1749266574,16.66000000,0.42000000,15.25
1749266574,16.67000000,0.36000000,15.25
1749266574,16.69000000,4.65000000,15.25
1749266574,16.71000000,3.19000000,15.25
1749266574,16.76000000,13.71000000,15.25
1749266574,16.78000000,93.26000000,15.25
1749266574,16.79000000,1.33000000,15.25
1749266574,16.82000000,10.18000000,15.25
1749266574,16.84000000,13.68000000,15.25
1749266574,16.85000000,1.48000000,15.25
1749266574,16.87000000,4.48000000,15.25
1749266574,16.89000000,19.47000000,15.25
1749266574,16.93000000,13.68000000,15.25
1749266574,16.97000000,0.35000000,15.25
1749266574,16.99000000,0.41000000,15.25
1749266574,17.00000000,78.81000000,15.25
1749266574,17.01000000,13.68000000,15.25
1749266574,17.03000000,5.02000000,15.25
1749266574,17.04000000,6.72000000,15.25
1749266574,17.06000000,2.31000000,15.25
1749266574,17.07000000,3.19000000,15.25
1749266876,15.30000000,84.48000000,15.29
1749266876,15.31000000,258.14000000,15.29
1749266876,15.32000000,455.49000000,15.29
1749266876,15.33000000,549.81000000,15.29
1749266876,15.34000000,1012.43000000,15.29
1749266876,15.35000000,45.63000000,15.29
1749266876,15.36000000,113.54000000,15.29
1749266876,15.37000000,62.98000000,15.29
1749266876,15.38000000,84.64000000,15.29
1749266876,15.39000000,603.42000000,15.29
1749266876,15.40000000,220.42000000,15.29
1749266876,15.41000000,22.32000000,15.29
1749266876,15.42000000,19.89000000,15.29
1749266876,15.43000000,30.77000000,15.29
1749266876,15.44000000,89.86000000,15.29
1749266876,15.45000000,22.39000000,15.29
1749266876,15.46000000,36.83000000,15.29
1749266876,15.47000000,19.40000000,15.29
1749266876,15.48000000,22.31000000,15.29
1749266876,15.49000000,20.44000000,15.29
1749266876,15.50000000,90.95000000,15.29
1749266876,15.51000000,20.40000000,15.29
1749266876,15.52000000,3.68000000,15.29
1749266876,15.53000000,51.85000000,15.29
1749266876,15.54000000,45.16000000,15.29
1749266876,15.55000000,39.19000000,15.29
1749266876,15.58000000,18.90000000,15.29
1749266876,15.60000000,1.00000000,15.29
1749266876,15.61000000,47.47000000,15.29
1749266876,15.62000000,29.24000000,15.29
1749266876,15.65000000,0.98000000,15.29
1749266876,15.66000000,1.16000000,15.29
1749266876,15.68000000,3.19000000,15.29
1749266876,15.70000000,81.43000000,15.29
1749266876,15.71000000,39.20000000,15.29
1749266876,15.75000000,3.20000000,15.29
1749266876,15.78000000,129.81000000,15.29
1749266876,15.79000000,0.35000000,15.29
1749266876,15.80000000,1.00000000,15.29
1749266876,15.85000000,65.02000000,15.29
1749266876,15.88000000,19.08000000,15.29
1749266876,15.90000000,1.00000000,15.29
1749266876,15.91000000,0.75000000,15.29
1749266876,15.94000000,1.51000000,15.29
1749266876,15.95000000,0.53000000,15.29
1749266876,15.97000000,67.10000000,15.29
1749266876,15.99000000,0.43000000,15.29
1749266876,16.00000000,80.47000000,15.29
1749266876,16.02000000,3.19000000,15.29
1749266876,16.03000000,0.32000000,15.29
1749266876,16.10000000,1.00000000,15.29
1749266876,16.13000000,0.43000000,15.29
1749266876,16.18000000,0.35000000,15.29
1749266876,16.19000000,8.15000000,15.29
1749266876,16.20000000,1.00000000,15.29
1749266876,16.22000000,2.50000000,15.29
1749266876,16.23000000,0.98000000,15.29
1749266876,16.24000000,0.90000000,15.29
1749266876,16.27000000,0.61000000,15.29
1749266876,16.29000000,3.36000000,15.29
1749266876,16.30000000,25.50000000,15.29
1749266876,16.33000000,5.47000000,15.29
1749266876,16.34000000,1.05000000,15.29
1749266876,16.36000000,4.13000000,15.29
1749266876,16.37000000,4.28000000,15.29
1749266876,16.40000000,1.00000000,15.29
1749266876,16.42000000,6.88000000,15.29
1749266876,16.48000000,0.64000000,15.29
1749266876,16.50000000,3.33000000,15.29
1749266876,16.51000000,26.11000000,15.29
1749266876,16.53000000,3.19000000,15.29
1749266876,16.54000000,0.98000000,15.29
1749266876,16.55000000,2.24000000,15.29
1749266876,16.57000000,0.60000000,15.29
1749266876,16.58000000,1.00000000,15.29
1749266876,16.59000000,2.39000000,15.29
1749266876,16.60000000,1.00000000,15.29
1749266876,16.61000000,0.34000000,15.29
1749266876,16.66000000,0.42000000,15.29
1749266876,16.67000000,0.36000000,15.29
1749266876,16.69000000,4.65000000,15.29
1749266876,16.71000000,3.19000000,15.29
1749266876,16.76000000,13.71000000,15.29
1749266876,16.78000000,93.26000000,15.29
1749266876,16.79000000,1.33000000,15.29
1749266876,16.82000000,10.18000000,15.29
1749266876,16.84000000,13.68000000,15.29
1749266876,16.85000000,1.48000000,15.29
1749266876,16.87000000,4.48000000,15.29
1749266876,16.89000000,19.47000000,15.29
1749266876,16.93000000,13.68000000,15.29
1749266876,16.97000000,0.35000000,15.29
1749266876,16.99000000,0.41000000,15.29
1749266876,17.00000000,78.81000000,15.29
1749266876,17.01000000,13.68000000,15.29
1749266876,17.03000000,5.02000000,15.29
1749266876,17.04000000,6.72000000,15.29
1749266876,17.06000000,2.31000000,15.29
1749266876,17.07000000,3.19000000,15.29
1749266876,17.08000000,8.87000000,15.29
1749267177,15.28000000,82.92000000,15.29
1749267177,15.29000000,210.14000000,15.29
1749267177,15.30000000,461.74000000,15.29
1749267177,15.31000000,648.22000000,15.29
1749267177,15.32000000,378.32000000,15.29
1749267177,15.33000000,483.53000000,15.29
1749267177,15.34000000,119.88000000,15.29
1749267177,15.35000000,91.81000000,15.29
1749267177,15.36000000,636.35000000,15.29
1749267177,15.37000000,62.98000000,15.29
1749267177,15.38000000,84.64000000,15.29
1749267177,15.39000000,241.08000000,15.29
1749267177,15.40000000,32.09000000,15.29
1749267177,15.41000000,33.15000000,15.29
1749267177,15.42000000,20.28000000,15.29
1749267177,15.43000000,19.76000000,15.29
1749267177,15.44000000,89.86000000,15.29
1749267177,15.45000000,22.39000000,15.29
1749267177,15.46000000,36.83000000,15.29
1749267177,15.47000000,19.40000000,15.29
1749267177,15.48000000,92.97000000,15.29
1749267177,15.49000000,53.39000000,15.29
1749267177,15.50000000,20.40000000,15.29
1749267177,15.51000000,40.22000000,15.29
1749267177,15.52000000,3.68000000,15.29
1749267177,15.53000000,18.90000000,15.29
1749267177,15.54000000,45.16000000,15.29
1749267177,15.55000000,19.29000000,15.29
1749267177,15.57000000,27.99000000,15.29
1749267177,15.58000000,18.90000000,15.29
1749267177,15.60000000,1.00000000,15.29
1749267177,15.61000000,0.58000000,15.29
1749267177,15.62000000,29.24000000,15.29
1749267177,15.65000000,0.98000000,15.29
1749267177,15.66000000,1.16000000,15.29
1749267177,15.68000000,3.19000000,15.29
1749267177,15.70000000,81.43000000,15.29
1749267177,15.71000000,39.20000000,15.29
1749267177,15.73000000,0.51000000,15.29
1749267177,15.75000000,3.20000000,15.29
1749267177,15.78000000,129.81000000,15.29
1749267177,15.79000000,0.35000000,15.29
1749267177,15.80000000,1.00000000,15.29
1749267177,15.85000000,65.02000000,15.29
1749267177,15.88000000,19.08000000,15.29
1749267177,15.90000000,1.00000000,15.29
1749267177,15.91000000,0.75000000,15.29
1749267177,15.94000000,1.51000000,15.29
1749267177,15.95000000,0.53000000,15.29
1749267177,15.97000000,67.10000000,15.29
1749267177,15.99000000,0.43000000,15.29
1749267177,16.00000000,80.47000000,15.29
1749267177,16.02000000,3.19000000,15.29
1749267177,16.03000000,0.32000000,15.29
1749267177,16.10000000,1.00000000,15.29
1749267177,16.13000000,0.43000000,15.29
1749267177,16.18000000,0.35000000,15.29
1749267177,16.19000000,8.15000000,15.29
1749267177,16.20000000,1.00000000,15.29
1749267177,16.22000000,2.50000000,15.29
1749267177,16.23000000,0.98000000,15.29
1749267177,16.24000000,0.90000000,15.29
1749267177,16.27000000,0.61000000,15.29
1749267177,16.29000000,3.36000000,15.29
1749267177,16.30000000,25.50000000,15.29
1749267177,16.33000000,5.47000000,15.29
1749267177,16.34000000,1.05000000,15.29
1749267177,16.36000000,4.13000000,15.29
1749267177,16.37000000,4.28000000,15.29
1749267177,16.40000000,1.00000000,15.29
1749267177,16.42000000,6.88000000,15.29
1749267177,16.48000000,0.64000000,15.29
1749267177,16.50000000,3.33000000,15.29
1749267177,16.51000000,26.11000000,15.29
1749267177,16.53000000,3.19000000,15.29
1749267177,16.54000000,0.98000000,15.29
1749267177,16.55000000,2.24000000,15.29
1749267177,16.57000000,0.60000000,15.29
1749267177,16.58000000,1.00000000,15.29
1749267177,16.59000000,2.39000000,15.29
1749267177,16.60000000,1.00000000,15.29
1749267177,16.61000000,0.34000000,15.29
1749267177,16.66000000,0.42000000,15.29
1749267177,16.67000000,0.36000000,15.29
1749267177,16.69000000,4.65000000,15.29
1749267177,16.71000000,3.19000000,15.29
1749267177,16.76000000,13.71000000,15.29
1749267177,16.78000000,93.26000000,15.29
1749267177,16.79000000,1.33000000,15.29
1749267177,16.82000000,10.18000000,15.29
1749267177,16.84000000,13.68000000,15.29
1749267177,16.85000000,1.48000000,15.29
1749267177,16.87000000,4.48000000,15.29
1749267177,16.89000000,19.47000000,15.29
1749267177,16.93000000,13.68000000,15.29
1749267177,16.97000000,0.35000000,15.29
1749267177,16.99000000,0.41000000,15.29
1749267177,17.00000000,78.81000000,15.29
1749267177,17.01000000,13.68000000,15.29
1749267177,17.03000000,5.02000000,15.29
1749267479,15.30000000,109.36000000,15.29
1749267479,15.31000000,591.45000000,15.29
1749267479,15.32000000,729.95000000,15.29
1749267479,15.33000000,744.24000000,15.29
1749267479,15.34000000,205.65000000,15.29
1749267479,15.35000000,87.44000000,15.29
1749267479,15.36000000,131.70000000,15.29
1749267479,15.37000000,591.01000000,15.29
1749267479,15.38000000,84.64000000,15.29
1749267479,15.39000000,76.21000000,15.29
1749267479,15.40000000,196.75000000,15.29
1749267479,15.41000000,33.17000000,15.29
1749267479,15.42000000,20.28000000,15.29
1749267479,15.43000000,19.76000000,15.29
1749267479,15.44000000,89.86000000,15.29
1749267479,15.45000000,22.39000000,15.29
1749267479,15.46000000,36.83000000,15.29
1749267479,15.47000000,19.40000000,15.29
1749267479,15.48000000,22.31000000,15.29
1749267479,15.49000000,53.39000000,15.29
1749267479,15.50000000,90.97000000,15.29
1749267479,15.51000000,40.22000000,15.29
1749267479,15.52000000,3.68000000,15.29
1749267479,15.53000000,18.90000000,15.29
1749267479,15.54000000,45.16000000,15.29
1749267479,15.55000000,19.29000000,15.29
1749267479,15.57000000,46.89000000,15.29
1749267479,15.60000000,1.00000000,15.29
1749267479,15.61000000,0.58000000,15.29
1749267479,15.62000000,48.14000000,15.29
1749267479,15.65000000,0.98000000,15.29
1749267479,15.66000000,1.16000000,15.29
1749267479,15.68000000,3.19000000,15.29
1749267479,15.70000000,81.43000000,15.29
1749267479,15.71000000,39.20000000,15.29
1749267479,15.73000000,0.51000000,15.29
1749267479,15.75000000,3.20000000,15.29
1749267479,15.78000000,129.81000000,15.29
1749267479,15.79000000,0.35000000,15.29
1749267479,15.80000000,1.00000000,15.29
1749267479,15.85000000,65.02000000,15.29
1749267479,15.88000000,19.08000000,15.29
1749267479,15.90000000,1.00000000,15.29
1749267479,15.91000000,0.75000000,15.29
1749267479,15.94000000,1.51000000,15.29
1749267479,15.95000000,0.53000000,15.29
1749267479,15.97000000,67.10000000,15.29
1749267479,15.99000000,0.43000000,15.29
1749267479,16.00000000,80.47000000,15.29
1749267479,16.02000000,3.19000000,15.29
1749267479,16.03000000,0.32000000,15.29
1749267479,16.10000000,1.00000000,15.29
1749267479,16.13000000,0.43000000,15.29
1749267479,16.18000000,0.35000000,15.29
1749267479,16.19000000,8.15000000,15.29
1749267479,16.20000000,1.00000000,15.29
1749267479,16.22000000,2.50000000,15.29
1749267479,16.23000000,0.98000000,15.29
1749267479,16.24000000,0.90000000,15.29
1749267479,16.27000000,0.61000000,15.29
1749267479,16.29000000,3.36000000,15.29
1749267479,16.30000000,25.50000000,15.29
1749267479,16.33000000,5.47000000,15.29
1749267479,16.34000000,1.05000000,15.29
1749267479,16.36000000,4.13000000,15.29
1749267479,16.37000000,4.28000000,15.29
1749267479,16.40000000,1.00000000,15.29
1749267479,16.42000000,6.88000000,15.29
1749267479,16.48000000,0.64000000,15.29
1749267479,16.50000000,3.33000000,15.29
1749267479,16.51000000,26.11000000,15.29
1749267479,16.53000000,3.19000000,15.29
1749267479,16.54000000,0.98000000,15.29
1749267479,16.55000000,2.24000000,15.29
1749267479,16.57000000,0.60000000,15.29
1749267479,16.58000000,1.00000000,15.29
1749267479,16.59000000,2.39000000,15.29
1749267479,16.60000000,1.00000000,15.29
1749267479,16.61000000,0.34000000,15.29
1749267479,16.66000000,0.42000000,15.29
1749267479,16.67000000,0.36000000,15.29
1749267479,16.69000000,4.65000000,15.29
1749267479,16.71000000,3.19000000,15.29
1749267479,16.76000000,13.71000000,15.29
1749267479,16.78000000,93.26000000,15.29
1749267479,16.79000000,1.33000000,15.29
1749267479,16.82000000,10.18000000,15.29
1749267479,16.84000000,13.68000000,15.29
1749267479,16.85000000,1.48000000,15.29
1749267479,16.87000000,4.48000000,15.29
1749267479,16.89000000,19.47000000,15.29
1749267479,16.93000000,13.68000000,15.29
1749267479,16.97000000,0.35000000,15.29
1749267479,16.99000000,0.41000000,15.29
1749267479,17.00000000,78.81000000,15.29
1749267479,17.01000000,13.68000000,15.29
1749267479,17.03000000,5.02000000,15.29
1749267479,17.04000000,6.72000000,15.29
1749267479,17.06000000,2.31000000,15.29
1749267479,17.07000000,3.19000000,15.29
1749267780,15.31000000,38.90000000,15.31
1749267780,15.32000000,268.46000000,15.31
1749267780,15.33000000,633.75000000,15.31
1749267780,15.34000000,804.30000000,15.31
1749267780,15.35000000,203.58000000,15.31
1749267780,15.36000000,239.00000000,15.31
1749267780,15.37000000,86.84000000,15.31
1749267780,15.38000000,84.63000000,15.31
1749267780,15.39000000,603.29000000,15.31
1749267780,15.40000000,54.36000000,15.31
1749267780,15.41000000,22.32000000,15.31
1749267780,15.42000000,184.83000000,15.31
1749267780,15.43000000,30.60000000,15.31
1749267780,15.44000000,89.86000000,15.31
1749267780,15.45000000,22.39000000,15.31
1749267780,15.46000000,36.83000000,15.31
1749267780,15.47000000,19.40000000,15.31
1749267780,15.48000000,22.31000000,15.31
1749267780,15.49000000,53.39000000,15.31
1749267780,15.50000000,90.92000000,15.31
1749267780,15.51000000,40.22000000,15.31
1749267780,15.52000000,3.68000000,15.31
1749267780,15.53000000,18.90000000,15.31
1749267780,15.54000000,45.16000000,15.31
1749267780,15.55000000,19.29000000,15.31
1749267780,15.57000000,18.90000000,15.31
1749267780,15.60000000,1.00000000,15.31
1749267780,15.61000000,47.47000000,15.31
1749267780,15.62000000,48.14000000,15.31
1749267780,15.65000000,0.98000000,15.31
1749267780,15.66000000,1.16000000,15.31
1749267780,15.68000000,3.19000000,15.31
1749267780,15.70000000,81.43000000,15.31
1749267780,15.71000000,39.20000000,15.31
1749267780,15.73000000,0.51000000,15.31
1749267780,15.75000000,3.20000000,15.31
1749267780,15.78000000,129.81000000,15.31
1749267780,15.79000000,0.35000000,15.31
1749267780,15.80000000,1.00000000,15.31
1749267780,15.85000000,65.02000000,15.31
1749267780,15.88000000,19.08000000,15.31
1749267780,15.90000000,1.00000000,15.31
1749267780,15.91000000,0.75000000,15.31
1749267780,15.94000000,1.51000000,15.31
1749267780,15.95000000,0.53000000,15.31
1749267780,15.97000000,67.10000000,15.31
1749267780,15.99000000,0.43000000,15.31
1749267780,16.00000000,80.47000000,15.31
1749267780,16.02000000,3.19000000,15.31
1749267780,16.03000000,0.32000000,15.31
1749267780,16.10000000,1.00000000,15.31
1749267780,16.13000000,0.43000000,15.31
1749267780,16.18000000,0.35000000,15.31
1749267780,16.19000000,8.15000000,15.31
1749267780,16.20000000,1.00000000,15.31
1749267780,16.22000000,2.50000000,15.31
1749267780,16.23000000,0.98000000,15.31
1749267780,16.24000000,0.90000000,15.31
1749267780,16.27000000,0.61000000,15.31
1749267780,16.29000000,3.36000000,15.31
1749267780,16.30000000,25.50000000,15.31
1749267780,16.33000000,5.47000000,15.31
1749267780,16.34000000,1.05000000,15.31
1749267780,16.36000000,4.13000000,15.31
1749267780,16.37000000,4.28000000,15.31
1749267780,16.40000000,1.00000000,15.31
1749267780,16.42000000,6.88000000,15.31
1749267780,16.48000000,0.64000000,15.31
1749267780,16.50000000,3.33000000,15.31
1749267780,16.51000000,26.11000000,15.31
1749267780,16.53000000,3.19000000,15.31
1749267780,16.54000000,0.98000000,15.31
1749267780,16.55000000,2.24000000,15.31
1749267780,16.57000000,0.60000000,15.31
1749267780,16.58000000,1.00000000,15.31
1749267780,16.59000000,2.39000000,15.31
1749267780,16.60000000,1.00000000,15.31
1749267780,16.61000000,0.34000000,15.31
1749267780,16.66000000,0.42000000,15.31
1749267780,16.67000000,0.36000000,15.31
1749267780,16.69000000,4.65000000,15.31
1749267780,16.71000000,3.19000000,15.31
1749267780,16.76000000,13.71000000,15.31
1749267780,16.78000000,93.26000000,15.31
1749267780,16.79000000,1.33000000,15.31
1749267780,16.82000000,10.18000000,15.31
1749267780,16.84000000,13.68000000,15.31
1749267780,16.85000000,1.48000000,15.31
1749267780,16.87000000,4.48000000,15.31
1749267780,16.89000000,19.47000000,15.31
1749267780,16.93000000,13.68000000,15.31
1749267780,16.97000000,0.35000000,15.31
1749267780,16.99000000,0.41000000,15.31
1749267780,17.00000000,78.81000000,15.31
1749267780,17.01000000,13.68000000,15.31
1749267780,17.03000000,5.02000000,15.31
1749267780,17.04000000,6.72000000,15.31
1749267780,17.06000000,2.31000000,15.31
1749267780,17.07000000,3.19000000,15.31
1749267780,17.08000000,8.87000000,15.31
1749268082,15.30000000,57.23000000,15.3
1749268082,15.31000000,283.60000000,15.3
1749268082,15.32000000,609.51000000,15.3
1749268082,15.33000000,917.97000000,15.3
1749268082,15.34000000,543.57000000,15.3
1749268082,15.35000000,87.78000000,15.3
1749268082,15.36000000,641.93000000,15.3
1749268082,15.37000000,68.13000000,15.3
1749268082,15.38000000,95.52000000,15.3
1749268082,15.39000000,110.62000000,15.3
1749268082,15.40000000,50.32000000,15.3
1749268082,15.41000000,197.93000000,15.3
1749268082,15.42000000,20.28000000,15.3
1749268082,15.43000000,19.76000000,15.3
