timestamp,price,volume,current_price
1749260772,1.41200000,4928.77000000,1.411
1749260772,1.41300000,17075.55000000,1.411
1749260772,1.41400000,26804.77000000,1.411
1749260772,1.41500000,8919.24000000,1.411
1749260772,1.41600000,8240.14000000,1.411
1749260772,1.41700000,2474.30000000,1.411
1749260772,1.41800000,7126.85000000,1.411
1749260772,1.41900000,3446.47000000,1.411
1749260772,1.42000000,1581.44000000,1.411
1749260772,1.42100000,1088.02000000,1.411
1749260772,1.42200000,730.73000000,1.411
1749260772,1.42300000,2266.57000000,1.411
1749260772,1.42400000,457.35000000,1.411
1749260772,1.42500000,4607.42000000,1.411
1749260772,1.42600000,5999.27000000,1.411
1749260772,1.42700000,7028.09000000,1.411
1749260772,1.42800000,394.16000000,1.411
1749260772,1.42900000,2626.71000000,1.411
1749260772,1.43000000,2423.82000000,1.411
1749260772,1.43100000,1949.15000000,1.411
1749260772,1.43200000,959.31000000,1.411
1749260772,1.43300000,634.10000000,1.411
1749260772,1.43400000,974.60000000,1.411
1749260772,1.43500000,835.88000000,1.411
1749260772,1.43600000,402.69000000,1.411
1749260772,1.43700000,83.33000000,1.411
1749260772,1.43800000,3868.34000000,1.411
1749260772,1.43900000,1220.57000000,1.411
1749260772,1.44000000,7353.57000000,1.411
1749260772,1.44100000,235.32000000,1.411
1749260772,1.44200000,7.13000000,1.411
1749260772,1.44300000,7.31000000,1.411
1749260772,1.44400000,11.21000000,1.411
1749260772,1.44500000,142.77000000,1.411
1749260772,1.44600000,217.91000000,1.411
1749260772,1.44700000,5609.26000000,1.411
1749260772,1.44800000,23.73000000,1.411
1749260772,1.44900000,89.88000000,1.411
1749260772,1.45000000,10310.15000000,1.411
1749260772,1.45100000,13.33000000,1.411
1749260772,1.45200000,7.27000000,1.411
1749260772,1.45300000,420.00000000,1.411
1749260772,1.45400000,107.29000000,1.411
1749260772,1.45500000,114.08000000,1.411
1749260772,1.45600000,56.73000000,1.411
1749260772,1.45700000,170.92000000,1.411
1749260772,1.45800000,318.96000000,1.411
1749260772,1.45900000,7.23000000,1.411
1749260772,1.46000000,404.66000000,1.411
1749260772,1.46100000,7.22000000,1.411
1749260772,1.46200000,775.77000000,1.411
1749260772,1.46300000,7.21000000,1.411
1749260772,1.46400000,19.38000000,1.411
1749260772,1.46500000,119.69000000,1.411
1749260772,1.46600000,257.75000000,1.411
1749260772,1.46700000,7.19000000,1.411
1749260772,1.46800000,122.23000000,1.411
1749260772,1.46900000,787.94000000,1.411
1749260772,1.47000000,123.59000000,1.411
1749260772,1.47100000,183.19000000,1.411
1749260772,1.47200000,703.03000000,1.411
1749260772,1.47300000,27.71000000,1.411
1749260772,1.47400000,2466.13000000,1.411
1749260772,1.47500000,113.54000000,1.411
1749260772,1.47600000,151.94000000,1.411
1749260772,1.47700000,659.25000000,1.411
1749260772,1.47800000,7.14000000,1.411
1749260772,1.47900000,7.13000000,1.411
1749260772,1.48000000,981.95000000,1.411
1749260772,1.48100000,13.94000000,1.411
1749260772,1.48200000,134.94000000,1.411
1749260772,1.48300000,177.74000000,1.411
1749260772,1.48400000,16.05000000,1.411
1749260772,1.48500000,5062.28000000,1.411
1749260772,1.48600000,513.92000000,1.411
1749260772,1.48700000,7.09000000,1.411
1749260772,1.48900000,671.59000000,1.411
1749260772,1.49000000,498.16000000,1.411
1749260772,1.49100000,518.60000000,1.411
1749260772,1.49400000,35.88000000,1.411
1749260772,1.49500000,252.86000000,1.411
1749260772,1.49600000,18.99000000,1.411
1749260772,1.49800000,130.55000000,1.411
1749260772,1.49900000,1365.96000000,1.411
1749260772,1.50000000,1903.51000000,1.411
1749260772,1.50100000,13.79000000,1.411
1749260772,1.50400000,482.98000000,1.411
1749260772,1.50700000,6.82000000,1.411
1749260772,1.50800000,5.67000000,1.411
1749260772,1.51000000,1581.15000000,1.411
1749260772,1.51100000,519.31000000,1.411
1749260772,1.51200000,6.82000000,1.411
1749260772,1.51300000,100.03000000,1.411
1749260772,1.51500000,3033.76000000,1.411
1749260772,1.51700000,94.17000000,1.411
1749260772,1.51900000,3282.54000000,1.411
1749260772,1.52000000,189.95000000,1.411
1749260772,1.52200000,161.73000000,1.411
1749260772,1.52500000,89.69000000,1.411
1749260772,1.52700000,6.82000000,1.411
1749261092,1.40700000,2715.52000000,1.407
1749261092,1.40800000,10805.65000000,1.407
1749261092,1.40900000,26666.43000000,1.407
1749261092,1.41000000,31908.89000000,1.407
1749261092,1.41100000,4572.32000000,1.407
1749261092,1.41200000,3421.15000000,1.407
1749261092,1.41300000,8226.03000000,1.407
1749261092,1.41400000,4150.58000000,1.407
1749261092,1.41500000,6585.68000000,1.407
1749261092,1.41600000,5895.72000000,1.407
1749261092,1.41700000,1923.46000000,1.407
1749261092,1.41800000,2452.82000000,1.407
1749261092,1.41900000,1834.11000000,1.407
1749261092,1.42000000,5172.79000000,1.407
1749261092,1.42100000,1323.90000000,1.407
1749261092,1.42200000,1083.96000000,1.407
1749261092,1.42300000,8450.55000000,1.407
1749261092,1.42400000,670.59000000,1.407
1749261092,1.42500000,2417.22000000,1.407
1749261092,1.42600000,7469.07000000,1.407
1749261092,1.42700000,748.82000000,1.407
1749261092,1.42800000,394.16000000,1.407
1749261092,1.42900000,1315.48000000,1.407
1749261092,1.43000000,2423.82000000,1.407
1749261092,1.43100000,371.15000000,1.407
1749261092,1.43200000,4424.71000000,1.407
1749261092,1.43300000,7421.64000000,1.407
1749261092,1.43400000,667.55000000,1.407
1749261092,1.43500000,297.92000000,1.407
1749261092,1.43600000,24.69000000,1.407
1749261092,1.43700000,577.60000000,1.407
1749261092,1.43800000,60.33000000,1.407
1749261092,1.43900000,1738.28000000,1.407
1749261092,1.44000000,7353.57000000,1.407
1749261092,1.44100000,235.32000000,1.407
1749261092,1.44200000,7.13000000,1.407
1749261092,1.44300000,7.31000000,1.407
1749261092,1.44400000,11.21000000,1.407
1749261092,1.44500000,142.77000000,1.407
1749261092,1.44600000,41.87000000,1.407
1749261092,1.44700000,4745.06000000,1.407
1749261092,1.44800000,23.73000000,1.407
1749261092,1.44900000,89.88000000,1.407
1749261092,1.45000000,11391.15000000,1.407
1749261092,1.45100000,13.33000000,1.407
1749261092,1.45200000,11.07000000,1.407
1749261092,1.45300000,420.00000000,1.407
1749261092,1.45400000,107.29000000,1.407
1749261092,1.45500000,114.08000000,1.407
1749261092,1.45600000,56.73000000,1.407
1749261092,1.45700000,170.92000000,1.407
1749261092,1.45800000,7.24000000,1.407
1749261092,1.45900000,318.95000000,1.407
1749261092,1.46000000,404.66000000,1.407
1749261092,1.46100000,7.22000000,1.407
1749261092,1.46200000,775.77000000,1.407
1749261092,1.46300000,7.21000000,1.407
1749261092,1.46400000,19.38000000,1.407
1749261092,1.46500000,119.69000000,1.407
1749261092,1.46600000,257.75000000,1.407
1749261092,1.46700000,7.19000000,1.407
1749261092,1.46800000,122.23000000,1.407
1749261092,1.46900000,787.94000000,1.407
1749261092,1.47000000,123.59000000,1.407
1749261092,1.47100000,7.17000000,1.407
1749261092,1.47200000,189.16000000,1.407
1749261092,1.47300000,717.60000000,1.407
1749261092,1.47400000,2466.13000000,1.407
1749261092,1.47500000,244.73000000,1.407
1749261092,1.47600000,20.75000000,1.407
1749261092,1.47700000,659.25000000,1.407
1749261092,1.47800000,7.14000000,1.407
1749261092,1.47900000,7.13000000,1.407
1749261092,1.48000000,981.95000000,1.407
1749261092,1.48100000,13.94000000,1.407
1749261092,1.48200000,52.79000000,1.407
1749261092,1.48300000,170.63000000,1.407
1749261092,1.48400000,8.94000000,1.407
1749261092,1.48500000,5137.17000000,1.407
1749261092,1.48600000,506.82000000,1.407
1749261092,1.48700000,252.33000000,1.407
1749261092,1.48900000,671.59000000,1.407
1749261092,1.49000000,498.16000000,1.407
1749261092,1.49100000,518.60000000,1.407
1749261092,1.49400000,35.88000000,1.407
1749261092,1.49600000,18.99000000,1.407
1749261092,1.49800000,130.55000000,1.407
1749261092,1.49900000,1365.96000000,1.407
1749261092,1.50000000,1903.51000000,1.407
1749261092,1.50100000,13.79000000,1.407
1749261092,1.50400000,482.98000000,1.407
1749261092,1.50700000,6.82000000,1.407
1749261092,1.50800000,5.67000000,1.407
1749261092,1.51000000,1581.15000000,1.407
1749261092,1.51100000,519.31000000,1.407
1749261092,1.51200000,6.82000000,1.407
1749261092,1.51300000,100.03000000,1.407
1749261092,1.51500000,3033.76000000,1.407
1749261092,1.51700000,94.17000000,1.407
1749261092,1.51900000,3282.54000000,1.407
1749261406,1.40200000,2802.16000000,1.402
1749261406,1.40300000,13518.11000000,1.402
1749261406,1.40400000,30094.58000000,1.402
1749261406,1.40500000,31142.48000000,1.402
1749261406,1.40600000,12274.97000000,1.402
1749261406,1.40700000,5094.93000000,1.402
1749261406,1.40800000,4652.70000000,1.402
1749261406,1.40900000,8116.64000000,1.402
1749261406,1.41000000,8328.72000000,1.402
1749261406,1.41100000,1828.08000000,1.402
1749261406,1.41200000,3387.07000000,1.402
1749261406,1.41300000,1582.85000000,1.402
1749261406,1.41400000,2652.59000000,1.402
1749261406,1.41500000,6093.50000000,1.402
1749261406,1.41600000,1838.93000000,1.402
1749261406,1.41700000,1077.65000000,1.402
1749261406,1.41800000,8481.41000000,1.402
1749261406,1.41900000,1603.12000000,1.402
1749261406,1.42000000,5142.69000000,1.402
1749261406,1.42100000,2106.90000000,1.402
1749261406,1.42200000,1314.39000000,1.402
1749261406,1.42300000,1943.55000000,1.402
1749261406,1.42400000,401.03000000,1.402
1749261406,1.42500000,1408.73000000,1.402
1749261406,1.42600000,940.22000000,1.402
1749261406,1.42700000,11327.45000000,1.402
1749261406,1.42800000,394.16000000,1.402
1749261406,1.42900000,750.31000000,1.402
1749261406,1.43000000,2298.44000000,1.402
1749261406,1.43100000,94.55000000,1.402
1749261406,1.43200000,295.37000000,1.402
1749261406,1.43300000,256.10000000,1.402
1749261406,1.43400000,31.43000000,1.402
1749261406,1.43500000,297.92000000,1.402
1749261406,1.43600000,24.69000000,1.402
1749261406,1.43700000,12.43000000,1.402
1749261406,1.43800000,12.43000000,1.402
1749261406,1.43900000,1071.30000000,1.402
1749261406,1.44000000,7558.69000000,1.402
1749261406,1.44100000,235.32000000,1.402
1749261406,1.44200000,7.13000000,1.402
1749261406,1.44300000,3191.66000000,1.402
1749261406,1.44400000,11.21000000,1.402
1749261406,1.44500000,128.68000000,1.402
1749261406,1.44600000,456.66000000,1.402
1749261406,1.44700000,2465.67000000,1.402
1749261406,1.44800000,23.73000000,1.402
1749261406,1.44900000,89.88000000,1.402
1749261406,1.45000000,10310.15000000,1.402
1749261406,1.45100000,13.33000000,1.402
1749261406,1.45200000,138.46000000,1.402
1749261406,1.45300000,7.27000000,1.402
1749261406,1.45400000,107.29000000,1.402
1749261406,1.45500000,294.61000000,1.402
1749261406,1.45600000,56.73000000,1.402
1749261406,1.45700000,170.92000000,1.402
1749261406,1.45800000,729.20000000,1.402
1749261406,1.45900000,7.23000000,1.402
1749261406,1.46000000,404.66000000,1.402
1749261406,1.46100000,7.22000000,1.402
1749261406,1.46200000,53.81000000,1.402
1749261406,1.46300000,7.21000000,1.402
1749261406,1.46400000,19.38000000,1.402
1749261406,1.46500000,119.69000000,1.402
1749261406,1.46600000,257.75000000,1.402
1749261406,1.46700000,7.19000000,1.402
1749261406,1.46800000,429.44000000,1.402
1749261406,1.46900000,1477.83000000,1.402
1749261406,1.47000000,123.59000000,1.402
1749261406,1.47100000,7.17000000,1.402
1749261406,1.47200000,13.14000000,1.402
1749261406,1.47300000,27.71000000,1.402
1749261406,1.47400000,2466.13000000,1.402
1749261406,1.47500000,113.54000000,1.402
1749261406,1.47600000,20.75000000,1.402
1749261406,1.47700000,659.25000000,1.402
1749261406,1.48000000,974.82000000,1.402
1749261406,1.48100000,6.82000000,1.402
1749261406,1.48200000,45.67000000,1.402
1749261406,1.48300000,170.63000000,1.402
1749261406,1.48400000,8.94000000,1.402
1749261406,1.48500000,5314.42000000,1.402
1749261406,1.48600000,506.82000000,1.402
1749261406,1.48700000,252.33000000,1.402
1749261406,1.48900000,671.59000000,1.402
1749261406,1.49000000,498.16000000,1.402
1749261406,1.49100000,266.81000000,1.402
1749261406,1.49400000,35.88000000,1.402
1749261406,1.49600000,18.99000000,1.402
1749261406,1.49800000,130.55000000,1.402
1749261406,1.49900000,1365.96000000,1.402
1749261406,1.50000000,2533.51000000,1.402
1749261406,1.50100000,13.79000000,1.402
1749261406,1.50400000,482.98000000,1.402
1749261406,1.50700000,6.82000000,1.402
1749261406,1.50800000,5.67000000,1.402
1749261406,1.51000000,1581.15000000,1.402
1749261406,1.51100000,519.31000000,1.402
1749261406,1.51200000,6.82000000,1.402
1749261406,1.51300000,100.03000000,1.402
1749261717,1.40000000,4469.49000000,1.399
1749261717,1.40100000,17898.33000000,1.399
1749261717,1.40200000,11451.29000000,1.399
1749261717,1.40300000,10320.54000000,1.399
1749261717,1.40400000,7340.37000000,1.399
1749261717,1.40500000,7558.66000000,1.399
1749261717,1.40600000,7779.32000000,1.399
1749261717,1.40700000,5134.41000000,1.399
1749261717,1.40800000,1739.34000000,1.399
1749261717,1.40900000,1304.34000000,1.399
1749261717,1.41000000,3650.30000000,1.399
1749261717,1.41100000,1114.21000000,1.399
1749261717,1.41200000,4630.20000000,1.399
1749261717,1.41300000,9836.01000000,1.399
1749261717,1.41400000,6704.06000000,1.399
1749261717,1.41500000,1013.37000000,1.399
1749261717,1.41600000,2242.24000000,1.399
1749261717,1.41700000,2134.84000000,1.399
1749261717,1.41800000,396.29000000,1.399
1749261717,1.41900000,2533.94000000,1.399
1749261717,1.42000000,747.47000000,1.399
1749261717,1.42100000,743.57000000,1.399
1749261717,1.42200000,1518.06000000,1.399
1749261717,1.42300000,743.55000000,1.399
1749261717,1.42400000,3981.55000000,1.399
1749261717,1.42500000,1408.73000000,1.399
1749261717,1.42600000,390.29000000,1.399
1749261717,1.42700000,12.29000000,1.399
1749261717,1.42800000,16.16000000,1.399
1749261717,1.42900000,19.08000000,1.399
1749261717,1.43000000,1396.40000000,1.399
1749261717,1.43100000,94.55000000,1.399
1749261717,1.43200000,295.37000000,1.399
1749261717,1.43300000,256.10000000,1.399
1749261717,1.43400000,31.43000000,1.399
1749261717,1.43500000,1697.92000000,1.399
1749261717,1.43600000,24.69000000,1.399
1749261717,1.43700000,12.43000000,1.399
1749261717,1.43800000,12.43000000,1.399
1749261717,1.43900000,4178.59000000,1.399
1749261717,1.44000000,8634.40000000,1.399
1749261717,1.44100000,230.04000000,1.399
1749261717,1.44200000,7.13000000,1.399
1749261717,1.44300000,7.31000000,1.399
1749261717,1.44400000,11.21000000,1.399
1749261717,1.44500000,128.68000000,1.399
1749261717,1.44600000,456.66000000,1.399
1749261717,1.44700000,20.39000000,1.399
1749261717,1.44800000,19.93000000,1.399
1749261717,1.44900000,89.88000000,1.399
1749261717,1.45000000,10310.15000000,1.399
1749261717,1.45100000,193.86000000,1.399
1749261717,1.45200000,138.46000000,1.399
1749261717,1.45300000,7.27000000,1.399
1749261717,1.45400000,829.25000000,1.399
1749261717,1.45500000,114.08000000,1.399
1749261717,1.45600000,56.73000000,1.399
1749261717,1.45700000,170.92000000,1.399
1749261717,1.45800000,7.24000000,1.399
1749261717,1.45900000,7.23000000,1.399
1749261717,1.46000000,404.66000000,1.399
1749261717,1.46100000,7.22000000,1.399
1749261717,1.46200000,53.81000000,1.399
1749261717,1.46300000,7.21000000,1.399
1749261717,1.46400000,19.38000000,1.399
1749261717,1.46500000,119.69000000,1.399
1749261717,1.46600000,257.75000000,1.399
1749261717,1.46700000,7.19000000,1.399
1749261717,1.46800000,429.44000000,1.399
1749261717,1.46900000,1477.83000000,1.399
1749261717,1.47000000,123.59000000,1.399
1749261717,1.47100000,7.17000000,1.399
1749261717,1.47200000,13.14000000,1.399
1749261717,1.47300000,27.71000000,1.399
1749261717,1.47400000,2466.13000000,1.399
1749261717,1.47500000,113.55000000,1.399
1749261717,1.47600000,13.60000000,1.399
1749261717,1.47700000,652.11000000,1.399
1749261717,1.48000000,974.82000000,1.399
1749261717,1.48100000,6.82000000,1.399
1749261717,1.48200000,45.67000000,1.399
1749261717,1.48300000,170.63000000,1.399
1749261717,1.48400000,8.94000000,1.399
1749261717,1.48500000,5313.91000000,1.399
1749261717,1.48600000,506.82000000,1.399
1749261717,1.48700000,252.33000000,1.399
1749261717,1.48900000,671.59000000,1.399
1749261717,1.49000000,498.16000000,1.399
1749261717,1.49100000,266.81000000,1.399
1749261717,1.49400000,35.88000000,1.399
1749261717,1.49600000,18.99000000,1.399
1749261717,1.49800000,130.55000000,1.399
1749261717,1.49900000,1365.96000000,1.399
1749261717,1.50000000,2533.51000000,1.399
1749261717,1.50100000,13.79000000,1.399
1749261717,1.50400000,482.98000000,1.399
1749261717,1.50700000,6.82000000,1.399
1749261717,1.50800000,5.67000000,1.399
1749261717,1.51000000,1581.15000000,1.399
1749261717,1.51100000,519.31000000,1.399
1749262019,1.40400000,1967.46000000,1.404
1749262019,1.40500000,12794.98000000,1.404
1749262019,1.40600000,38522.03000000,1.404
1749262019,1.40700000,25999.44000000,1.404
1749262019,1.40800000,4182.00000000,1.404
1749262019,1.40900000,4632.72000000,1.404
1749262019,1.41000000,9599.24000000,1.404
1749262019,1.41100000,3292.50000000,1.404
1749262019,1.41200000,5038.01000000,1.404
1749262019,1.41300000,1582.85000000,1.404
1749262019,1.41400000,6707.96000000,1.404
1749262019,1.41500000,1014.88000000,1.404
1749262019,1.41600000,2277.85000000,1.404
1749262019,1.41700000,4408.01000000,1.404
1749262019,1.41800000,703.61000000,1.404
1749262019,1.41900000,8500.92000000,1.404
1749262019,1.42000000,747.47000000,1.404
1749262019,1.42100000,2064.34000000,1.404
1749262019,1.42200000,1321.36000000,1.404
1749262019,1.42300000,743.55000000,1.404
1749262019,1.42400000,1601.03000000,1.404
1749262019,1.42500000,1055.50000000,1.404
1749262019,1.42600000,586.99000000,1.404
1749262019,1.42700000,955.46000000,1.404
1749262019,1.42800000,394.16000000,1.404
1749262019,1.42900000,10984.02000000,1.404
1749262019,1.43000000,1396.40000000,1.404
1749262019,1.43100000,445.13000000,1.404
1749262019,1.43200000,16.14000000,1.404
1749262019,1.43300000,256.10000000,1.404
1749262019,1.43400000,1431.43000000,1.404
1749262019,1.43500000,457.88000000,1.404
1749262019,1.43600000,24.69000000,1.404
1749262019,1.43700000,7.13000000,1.404
1749262019,1.43800000,7.13000000,1.404
1749262019,1.43900000,3475.24000000,1.404
1749262019,1.44000000,8634.40000000,1.404
1749262019,1.44100000,230.04000000,1.404
1749262019,1.44200000,7.13000000,1.404
1749262019,1.44300000,710.66000000,1.404
1749262019,1.44400000,7.31000000,1.404
1749262019,1.44500000,543.77000000,1.404
1749262019,1.44600000,41.87000000,1.404
1749262019,1.44700000,20.39000000,1.404
1749262019,1.44800000,19.93000000,1.404
1749262019,1.44900000,89.88000000,1.404
1749262019,1.45000000,10310.15000000,1.404
1749262019,1.45100000,193.86000000,1.404
1749262019,1.45200000,138.46000000,1.404
1749262019,1.45300000,7.27000000,1.404
1749262019,1.45400000,829.25000000,1.404
1749262019,1.45500000,114.08000000,1.404
1749262019,1.45600000,56.73000000,1.404
1749262019,1.45700000,170.92000000,1.404
1749262019,1.45800000,7.24000000,1.404
1749262019,1.45900000,7.23000000,1.404
1749262019,1.46000000,1221.93000000,1.404
1749262019,1.46100000,7.22000000,1.404
1749262019,1.46200000,53.81000000,1.404
1749262019,1.46300000,7.21000000,1.404
1749262019,1.46400000,19.38000000,1.404
1749262019,1.46500000,119.69000000,1.404
1749262019,1.46600000,257.75000000,1.404
1749262019,1.46700000,7.19000000,1.404
1749262019,1.46800000,429.44000000,1.404
1749262019,1.46900000,1477.83000000,1.404
1749262019,1.47000000,123.59000000,1.404
1749262019,1.47100000,7.17000000,1.404
1749262019,1.47200000,13.14000000,1.404
1749262019,1.47300000,27.71000000,1.404
1749262019,1.47400000,2466.13000000,1.404
1749262019,1.47500000,113.54000000,1.404
1749262019,1.47600000,20.75000000,1.404
1749262019,1.47700000,659.25000000,1.404
1749262019,1.47800000,7.13000000,1.404
1749262019,1.47900000,7.13000000,1.404
1749262019,1.48000000,974.82000000,1.404
1749262019,1.48100000,6.82000000,1.404
1749262019,1.48200000,45.67000000,1.404
1749262019,1.48300000,170.63000000,1.404
1749262019,1.48400000,8.94000000,1.404
1749262019,1.48500000,5570.38000000,1.404
1749262019,1.48600000,506.82000000,1.404
1749262019,1.48900000,928.92000000,1.404
1749262019,1.49000000,498.16000000,1.404
1749262019,1.49100000,12.49000000,1.404
1749262019,1.49400000,35.88000000,1.404
1749262019,1.49600000,18.99000000,1.404
1749262019,1.49800000,130.55000000,1.404
1749262019,1.49900000,1365.96000000,1.404
1749262019,1.50000000,2533.51000000,1.404
1749262019,1.50100000,13.79000000,1.404
1749262019,1.50400000,482.98000000,1.404
1749262019,1.50700000,6.82000000,1.404
1749262019,1.50800000,5.67000000,1.404
1749262019,1.51000000,1581.15000000,1.404
1749262019,1.51100000,519.31000000,1.404
1749262019,1.51200000,6.82000000,1.404
1749262019,1.51300000,100.03000000,1.404
1749262019,1.51500000,3033.76000000,1.404
1749262321,1.41000000,5882.12000000,1.409
1749262321,1.41100000,23621.50000000,1.409
1749262321,1.41200000,20893.40000000,1.409
1749262321,1.41300000,4439.32000000,1.409
1749262321,1.41400000,3708.07000000,1.409
1749262321,1.41500000,8027.23000000,1.409
1749262321,1.41600000,11033.95000000,1.409
1749262321,1.41700000,4234.25000000,1.409
1749262321,1.41800000,5128.96000000,1.409
1749262321,1.41900000,1608.55000000,1.409
1749262321,1.42000000,5532.16000000,1.409
1749262321,1.42100000,1795.72000000,1.409
1749262321,1.42200000,1657.08000000,1.409
1749262321,1.42300000,4569.71000000,1.409
1749262321,1.42400000,401.03000000,1.409
1749262321,1.42500000,8784.89000000,1.409
1749262321,1.42600000,390.29000000,1.409
1749262321,1.42700000,955.46000000,1.409
1749262321,1.42800000,394.16000000,1.409
1749262321,1.42900000,4291.64000000,1.409
1749262321,1.43000000,2793.10000000,1.409
1749262321,1.43100000,472.55000000,1.409
1749262321,1.43200000,959.31000000,1.409
1749262321,1.43300000,634.10000000,1.409
1749262321,1.43400000,31.43000000,1.409
1749262321,1.43500000,7840.39000000,1.409
1749262321,1.43600000,3955.38000000,1.409
1749262321,1.43700000,285.37000000,1.409
1749262321,1.43800000,3380.14000000,1.409
1749262321,1.43900000,889.97000000,1.409
1749262321,1.44000000,7553.40000000,1.409
1749262321,1.44100000,230.04000000,1.409
1749262321,1.44200000,1088.13000000,1.409
1749262321,1.44300000,7.31000000,1.409
1749262321,1.44400000,1411.21000000,1.409
1749262321,1.44500000,128.68000000,1.409
1749262321,1.44600000,41.87000000,1.409
1749262321,1.44700000,3280.56000000,1.409
1749262321,1.44800000,23.73000000,1.409
1749262321,1.44900000,89.88000000,1.409
1749262321,1.45000000,10310.15000000,1.409
1749262321,1.45100000,426.65000000,1.409
1749262321,1.45200000,7.27000000,1.409
1749262321,1.45300000,7.27000000,1.409
1749262321,1.45400000,107.29000000,1.409
1749262321,1.45500000,114.08000000,1.409
1749262321,1.45600000,56.73000000,1.409
1749262321,1.45700000,170.92000000,1.409
1749262321,1.45800000,7.24000000,1.409
1749262321,1.45900000,187.76000000,1.409
1749262321,1.46000000,535.85000000,1.409
1749262321,1.46100000,7.22000000,1.409
1749262321,1.46200000,775.77000000,1.409
1749262321,1.46300000,7.21000000,1.409
1749262321,1.46400000,19.38000000,1.409
1749262321,1.46500000,119.69000000,1.409
1749262321,1.46600000,257.75000000,1.409
1749262321,1.46700000,7.19000000,1.409
1749262321,1.46800000,122.23000000,1.409
1749262321,1.46900000,787.94000000,1.409
1749262321,1.47000000,123.59000000,1.409
1749262321,1.47100000,7.17000000,1.409
1749262321,1.47200000,189.16000000,1.409
1749262321,1.47300000,717.60000000,1.409
1749262321,1.47400000,2466.13000000,1.409
1749262321,1.47500000,113.54000000,1.409
1749262321,1.47600000,151.94000000,1.409
1749262321,1.47700000,659.25000000,1.409
1749262321,1.47800000,7.14000000,1.409
1749262321,1.47900000,7.13000000,1.409
1749262321,1.48000000,981.95000000,1.409
1749262321,1.48100000,13.94000000,1.409
1749262321,1.48200000,52.79000000,1.409
1749262321,1.48300000,177.74000000,1.409
1749262321,1.48400000,16.05000000,1.409
1749262321,1.48500000,5573.60000000,1.409
1749262321,1.48600000,506.82000000,1.409
1749262321,1.48900000,929.96000000,1.409
1749262321,1.49000000,498.16000000,1.409
1749262321,1.49100000,12.49000000,1.409
1749262321,1.49400000,35.88000000,1.409
1749262321,1.49600000,18.99000000,1.409
1749262321,1.49800000,130.55000000,1.409
1749262321,1.49900000,1365.96000000,1.409
1749262321,1.50000000,2533.51000000,1.409
1749262321,1.50100000,13.79000000,1.409
1749262321,1.50400000,482.98000000,1.409
1749262321,1.50700000,6.82000000,1.409
1749262321,1.50800000,5.67000000,1.409
1749262321,1.51000000,1581.15000000,1.409
1749262321,1.51100000,519.31000000,1.409
1749262321,1.51200000,6.82000000,1.409
1749262321,1.51300000,100.03000000,1.409
1749262321,1.51500000,3033.76000000,1.409
1749262321,1.51700000,94.17000000,1.409
1749262321,1.51900000,3282.54000000,1.409
1749262321,1.52000000,189.95000000,1.409
1749262321,1.52200000,161.73000000,1.409
1749262321,1.52500000,89.69000000,1.409
1749262321,1.52700000,6.82000000,1.409
1749262623,1.41400000,4929.49000000,1.413
1749262623,1.41500000,26773.35000000,1.413
1749262623,1.41600000,27803.00000000,1.413
1749262623,1.41700000,5398.38000000,1.413
1749262623,1.41800000,2008.74000000,1.413
1749262623,1.41900000,1864.53000000,1.413
1749262623,1.42000000,5869.36000000,1.413
1749262623,1.42100000,12003.80000000,1.413
1749262623,1.42200000,2473.57000000,1.413
1749262623,1.42300000,1582.37000000,1.413
1749262623,1.42400000,1094.26000000,1.413
1749262623,1.42500000,2037.39000000,1.413
1749262623,1.42600000,5746.53000000,1.413
1749262623,1.42700000,4157.44000000,1.413
1749262623,1.42800000,1623.28000000,1.413
1749262623,1.42900000,2397.08000000,1.413
1749262623,1.43000000,1396.40000000,1.413
1749262623,1.43100000,7758.47000000,1.413
1749262623,1.43200000,394.14000000,1.413
1749262623,1.43300000,1967.60000000,1.413
1749262623,1.43400000,2371.30000000,1.413
1749262623,1.43500000,675.92000000,1.413
1749262623,1.43600000,402.69000000,1.413
1749262623,1.43700000,950.30000000,1.413
1749262623,1.43800000,3380.14000000,1.413
1749262623,1.43900000,1267.97000000,1.413
1749262623,1.44000000,11475.41000000,1.413
1749262623,1.44100000,230.04000000,1.413
1749262623,1.44200000,7.13000000,1.413
1749262623,1.44300000,284.37000000,1.413
1749262623,1.44400000,1411.21000000,1.413
1749262623,1.44500000,128.68000000,1.413
1749262623,1.44600000,41.87000000,1.413
1749262623,1.44700000,2401.17000000,1.413
1749262623,1.44800000,23.73000000,1.413
1749262623,1.44900000,1170.88000000,1.413
1749262623,1.45000000,10310.15000000,1.413
1749262623,1.45100000,189.37000000,1.413
1749262623,1.45200000,714.42000000,1.413
1749262623,1.45300000,7.27000000,1.413
1749262623,1.45400000,107.29000000,1.413
1749262623,1.45500000,114.08000000,1.413
1749262623,1.45600000,56.73000000,1.413
1749262623,1.45700000,582.48000000,1.413
1749262623,1.45800000,7.24000000,1.413
1749262623,1.45900000,187.76000000,1.413
1749262623,1.46000000,535.85000000,1.413
1749262623,1.46100000,7.22000000,1.413
1749262623,1.46200000,53.81000000,1.413
1749262623,1.46300000,7.21000000,1.413
1749262623,1.46400000,19.38000000,1.413
1749262623,1.46500000,119.69000000,1.413
1749262623,1.46600000,979.71000000,1.413
1749262623,1.46700000,7.19000000,1.413
1749262623,1.46800000,122.23000000,1.413
1749262623,1.46900000,787.94000000,1.413
1749262623,1.47000000,123.59000000,1.413
1749262623,1.47100000,7.17000000,1.413
1749262623,1.47200000,13.14000000,1.413
1749262623,1.47300000,27.71000000,1.413
1749262623,1.47400000,2466.13000000,1.413
1749262623,1.47500000,113.54000000,1.413
1749262623,1.47600000,327.96000000,1.413
1749262623,1.47700000,659.25000000,1.413
1749262623,1.47800000,697.03000000,1.413
1749262623,1.47900000,7.13000000,1.413
1749262623,1.48000000,981.95000000,1.413
1749262623,1.48100000,13.94000000,1.413
1749262623,1.48200000,52.79000000,1.413
1749262623,1.48300000,177.74000000,1.413
1749262623,1.48400000,16.05000000,1.413
1749262623,1.48500000,5573.60000000,1.413
1749262623,1.48600000,513.92000000,1.413
1749262623,1.48700000,7.09000000,1.413
1749262623,1.48800000,7.09000000,1.413
1749262623,1.48900000,932.10000000,1.413
1749262623,1.49000000,498.16000000,1.413
1749262623,1.49100000,12.49000000,1.413
1749262623,1.49400000,35.88000000,1.413
1749262623,1.49600000,18.99000000,1.413
1749262623,1.49800000,130.55000000,1.413
1749262623,1.49900000,1365.96000000,1.413
1749262623,1.50000000,2533.51000000,1.413
1749262623,1.50100000,13.79000000,1.413
1749262623,1.50400000,482.98000000,1.413
1749262623,1.50700000,6.82000000,1.413
1749262623,1.50800000,5.67000000,1.413
1749262623,1.51000000,1581.15000000,1.413
1749262623,1.51100000,519.31000000,1.413
1749262623,1.51200000,6.82000000,1.413
1749262623,1.51300000,100.03000000,1.413
1749262623,1.51500000,3033.76000000,1.413
1749262623,1.51700000,94.17000000,1.413
1749262623,1.51900000,3282.54000000,1.413
1749262623,1.52000000,189.95000000,1.413
1749262623,1.52200000,161.73000000,1.413
1749262623,1.52500000,89.69000000,1.413
1749262623,1.52700000,6.82000000,1.413
1749262623,1.52800000,686.50000000,1.413
1749262623,1.52900000,760.57000000,1.413
1749262926,1.41000000,2273.10000000,1.41
1749262926,1.41100000,15070.18000000,1.41
1749262926,1.41200000,35430.02000000,1.41
1749262926,1.41300000,27289.66000000,1.41
1749262926,1.41400000,9452.63000000,1.41
1749262926,1.41500000,10677.28000000,1.41
1749262926,1.41600000,9078.79000000,1.41
1749262926,1.41700000,3953.48000000,1.41
1749262926,1.41800000,3426.65000000,1.41
1749262926,1.41900000,1340.36000000,1.41
1749262926,1.42000000,2305.89000000,1.41
1749262926,1.42100000,1013.71000000,1.41
1749262926,1.42200000,1734.90000000,1.41
1749262926,1.42300000,5162.98000000,1.41
1749262926,1.42400000,1349.46000000,1.41
1749262926,1.42500000,2959.43000000,1.41
1749262926,1.42600000,12156.77000000,1.41
1749262926,1.42700000,395.59000000,1.41
1749262926,1.42800000,1368.88000000,1.41
1749262926,1.42900000,4926.21000000,1.41
1749262926,1.43000000,1946.33000000,1.41
1749262926,1.43100000,1037.72000000,1.41
1749262926,1.43200000,394.14000000,1.41
1749262926,1.43300000,634.10000000,1.41
1749262926,1.43400000,974.60000000,1.41
1749262926,1.43500000,675.92000000,1.41
1749262926,1.43600000,11078.84000000,1.41
1749262926,1.43700000,855.84000000,1.41
1749262926,1.43800000,3002.14000000,1.41
1749262926,1.43900000,1455.14000000,1.41
1749262926,1.44000000,7553.40000000,1.41
1749262926,1.44100000,230.04000000,1.41
1749262926,1.44200000,7.13000000,1.41
1749262926,1.44300000,7.31000000,1.41
1749262926,1.44400000,11.21000000,1.41
1749262926,1.44500000,1209.68000000,1.41
1749262926,1.44600000,41.87000000,1.41
1749262926,1.44700000,196.43000000,1.41
1749262926,1.44800000,727.08000000,1.41
1749262926,1.44900000,89.88000000,1.41
1749262926,1.45000000,11710.15000000,1.41
1749262926,1.45100000,426.65000000,1.41
1749262926,1.45200000,11.07000000,1.41
1749262926,1.45300000,7.27000000,1.41
1749262926,1.45400000,107.29000000,1.41
1749262926,1.45500000,2543.06000000,1.41
1749262926,1.45600000,56.73000000,1.41
1749262926,1.45700000,170.92000000,1.41
1749262926,1.45800000,7.24000000,1.41
1749262926,1.45900000,187.76000000,1.41
1749262926,1.46000000,535.85000000,1.41
1749262926,1.46100000,7.22000000,1.41
1749262926,1.46200000,775.77000000,1.41
1749262926,1.46300000,7.21000000,1.41
1749262926,1.46400000,19.38000000,1.41
1749262926,1.46500000,119.69000000,1.41
1749262926,1.46600000,257.75000000,1.41
1749262926,1.46700000,7.19000000,1.41
1749262926,1.46800000,122.23000000,1.41
1749262926,1.46900000,787.94000000,1.41
1749262926,1.47000000,123.59000000,1.41
1749262926,1.47100000,7.17000000,1.41
1749262926,1.47200000,189.16000000,1.41
1749262926,1.47300000,27.71000000,1.41
1749262926,1.47400000,3156.02000000,1.41
1749262926,1.47500000,113.54000000,1.41
1749262926,1.47600000,151.94000000,1.41
1749262926,1.47700000,659.25000000,1.41
1749262926,1.47800000,7.14000000,1.41
1749262926,1.47900000,7.13000000,1.41
1749262926,1.48000000,981.95000000,1.41
1749262926,1.48100000,13.94000000,1.41
1749262926,1.48200000,52.79000000,1.41
1749262926,1.48300000,177.74000000,1.41
1749262926,1.48400000,16.05000000,1.41
1749262926,1.48500000,5316.49000000,1.41
1749262926,1.48600000,506.82000000,1.41
1749262926,1.48700000,256.15000000,1.41
1749262926,1.48900000,929.48000000,1.41
1749262926,1.49000000,498.16000000,1.41
1749262926,1.49100000,12.49000000,1.41
1749262926,1.49400000,35.88000000,1.41
1749262926,1.49600000,18.99000000,1.41
1749262926,1.49800000,130.55000000,1.41
1749262926,1.49900000,1365.96000000,1.41
1749262926,1.50000000,2533.51000000,1.41
1749262926,1.50100000,13.79000000,1.41
1749262926,1.50400000,482.98000000,1.41
1749262926,1.50700000,6.82000000,1.41
1749262926,1.50800000,5.67000000,1.41
1749262926,1.51000000,1581.15000000,1.41
1749262926,1.51100000,519.31000000,1.41
1749262926,1.51200000,6.82000000,1.41
1749262926,1.51300000,100.03000000,1.41
1749262926,1.51500000,3033.76000000,1.41
1749262926,1.51700000,94.17000000,1.41
1749262926,1.51900000,3282.54000000,1.41
1749262926,1.52000000,189.95000000,1.41
1749262926,1.52200000,161.73000000,1.41
1749262926,1.52500000,89.69000000,1.41
1749263228,1.41400000,452.18000000,1.414
1749263228,1.41500000,12553.10000000,1.414
1749263228,1.41600000,31368.35000000,1.414
1749263228,1.41700000,23788.47000000,1.414
1749263228,1.41800000,15545.73000000,1.414
1749263228,1.41900000,4035.80000000,1.414
1749263228,1.42000000,3587.86000000,1.414
1749263228,1.42100000,7021.37000000,1.414
1749263228,1.42200000,7493.80000000,1.414
1749263228,1.42300000,3667.19000000,1.414
1749263228,1.42400000,2505.90000000,1.414
1749263228,1.42500000,3070.61000000,1.414
1749263228,1.42600000,1083.15000000,1.414
1749263228,1.42700000,5513.00000000,1.414
1749263228,1.42800000,1326.90000000,1.414
1749263228,1.42900000,3019.11000000,1.414
1749263228,1.43000000,2385.24000000,1.414
1749263228,1.43100000,1040.93000000,1.414
1749263228,1.43200000,11895.12000000,1.414
1749263228,1.43300000,1199.27000000,1.414
1749263228,1.43400000,2940.77000000,1.414
1749263228,1.43500000,675.92000000,1.414
1749263228,1.43600000,967.86000000,1.414
1749263228,1.43700000,390.43000000,1.414
1749263228,1.43800000,3582.14000000,1.414
1749263228,1.43900000,1460.43000000,1.414
1749263228,1.44000000,17939.06000000,1.414
1749263228,1.44100000,865.66000000,1.414
1749263228,1.44200000,7.13000000,1.414
1749263228,1.44300000,284.37000000,1.414
1749263228,1.44400000,11.21000000,1.414
1749263228,1.44500000,128.68000000,1.414
1749263228,1.44600000,89.74000000,1.414
1749263228,1.44700000,20.39000000,1.414
1749263228,1.44800000,23.73000000,1.414
1749263228,1.44900000,89.88000000,1.414
1749263228,1.45000000,11710.15000000,1.414
1749263228,1.45100000,189.37000000,1.414
1749263228,1.45200000,11.07000000,1.414
1749263228,1.45300000,1791.62000000,1.414
1749263228,1.45400000,107.29000000,1.414
1749263228,1.45500000,2543.06000000,1.414
1749263228,1.45600000,60.53000000,1.414
1749263228,1.45700000,582.48000000,1.414
1749263228,1.45800000,7.24000000,1.414
1749263228,1.45900000,7.23000000,1.414
1749263228,1.46000000,404.66000000,1.414
1749263228,1.46100000,7.22000000,1.414
1749263228,1.46200000,53.81000000,1.414
1749263228,1.46300000,7.21000000,1.414
1749263228,1.46400000,199.91000000,1.414
1749263228,1.46500000,119.69000000,1.414
1749263228,1.46600000,979.71000000,1.414
1749263228,1.46700000,7.19000000,1.414
1749263228,1.46800000,253.42000000,1.414
1749263228,1.46900000,787.94000000,1.414
1749263228,1.47000000,123.59000000,1.414
1749263228,1.47100000,7.17000000,1.414
1749263228,1.47200000,13.14000000,1.414
1749263228,1.47300000,27.71000000,1.414
1749263228,1.47400000,2466.13000000,1.414
1749263228,1.47500000,113.54000000,1.414
1749263228,1.47600000,196.77000000,1.414
1749263228,1.47700000,659.25000000,1.414
1749263228,1.47800000,7.14000000,1.414
1749263228,1.47900000,7.13000000,1.414
1749263228,1.48000000,981.95000000,1.414
1749263228,1.48100000,13.94000000,1.414
1749263228,1.48200000,742.68000000,1.414
1749263228,1.48300000,177.74000000,1.414
1749263228,1.48400000,147.24000000,1.414
1749263228,1.48500000,5318.37000000,1.414
1749263228,1.48600000,513.92000000,1.414
1749263228,1.48700000,263.24000000,1.414
1749263228,1.48800000,7.09000000,1.414
1749263228,1.48900000,936.59000000,1.414
1749263228,1.49000000,498.16000000,1.414
1749263228,1.49100000,12.49000000,1.414
1749263228,1.49400000,35.88000000,1.414
1749263228,1.49600000,18.99000000,1.414
1749263228,1.49800000,130.55000000,1.414
1749263228,1.49900000,1365.96000000,1.414
1749263228,1.50000000,2533.51000000,1.414
1749263228,1.50100000,13.79000000,1.414
1749263228,1.50400000,482.98000000,1.414
1749263228,1.50700000,6.82000000,1.414
1749263228,1.50800000,5.67000000,1.414
1749263228,1.51000000,1581.15000000,1.414
1749263228,1.51100000,519.31000000,1.414
1749263228,1.51200000,6.82000000,1.414
1749263228,1.51300000,100.03000000,1.414
1749263228,1.51500000,3033.76000000,1.414
1749263228,1.51700000,94.17000000,1.414
1749263228,1.51900000,3282.54000000,1.414
1749263228,1.52000000,189.95000000,1.414
1749263228,1.52200000,161.73000000,1.414
1749263228,1.52500000,89.69000000,1.414
1749263228,1.52700000,6.82000000,1.414
1749263228,1.52800000,686.50000000,1.414
1749263228,1.52900000,760.57000000,1.414
1749263529,1.41100000,3616.25000000,1.411
1749263529,1.41200000,14426.02000000,1.411
1749263529,1.41300000,38703.62000000,1.411
1749263529,1.41400000,21486.11000000,1.411
1749263529,1.41500000,13870.49000000,1.411
1749263529,1.41600000,6607.70000000,1.411
1749263529,1.41700000,10539.05000000,1.411
1749263529,1.41800000,2335.90000000,1.411
1749263529,1.41900000,5580.29000000,1.411
1749263529,1.42000000,1676.12000000,1.411
1749263529,1.42100000,1581.28000000,1.411
1749263529,1.42200000,1933.60000000,1.411
1749263529,1.42300000,1973.98000000,1.411
1749263529,1.42400000,5171.07000000,1.411
1749263529,1.42500000,2747.49000000,1.411
1749263529,1.42600000,5828.25000000,1.411
1749263529,1.42700000,8080.60000000,1.411
1749263529,1.42800000,809.01000000,1.411
1749263529,1.42900000,2750.31000000,1.411
1749263529,1.43000000,3634.03000000,1.411
1749263529,1.43100000,1977.61000000,1.411
1749263529,1.43200000,747.37000000,1.411
1749263529,1.43300000,1199.27000000,1.411
1749263529,1.43400000,228.13000000,1.411
1749263529,1.43500000,297.92000000,1.411
1749263529,1.43600000,943.46000000,1.411
1749263529,1.43700000,10999.83000000,1.411
1749263529,1.43800000,3007.44000000,1.411
1749263529,1.43900000,1460.43000000,1.411
1749263529,1.44000000,7553.40000000,1.411
1749263529,1.44100000,795.21000000,1.411
1749263529,1.44200000,7.13000000,1.411
1749263529,1.44300000,7.31000000,1.411
1749263529,1.44400000,11.21000000,1.411
1749263529,1.44500000,1528.68000000,1.411
1749263529,1.44600000,89.74000000,1.411
1749263529,1.44700000,1277.43000000,1.411
1749263529,1.44800000,23.73000000,1.411
1749263529,1.44900000,793.23000000,1.411
1749263529,1.45000000,10310.15000000,1.411
1749263529,1.45100000,426.65000000,1.411
1749263529,1.45200000,11.07000000,1.411
1749263529,1.45300000,7.27000000,1.411
1749263529,1.45400000,107.29000000,1.411
1749263529,1.45500000,2543.06000000,1.411
1749263529,1.45600000,56.73000000,1.411
1749263529,1.45700000,170.92000000,1.411
1749263529,1.45800000,7.24000000,1.411
1749263529,1.45900000,7.23000000,1.411
1749263529,1.46000000,716.38000000,1.411
1749263529,1.46100000,7.22000000,1.411
1749263529,1.46200000,775.77000000,1.411
1749263529,1.46300000,7.21000000,1.411
1749263529,1.46400000,19.38000000,1.411
1749263529,1.46500000,119.69000000,1.411
1749263529,1.46600000,257.75000000,1.411
1749263529,1.46700000,7.19000000,1.411
1749263529,1.46800000,122.23000000,1.411
1749263529,1.46900000,787.94000000,1.411
1749263529,1.47000000,123.59000000,1.411
1749263529,1.47100000,7.17000000,1.411
1749263529,1.47200000,189.16000000,1.411
1749263529,1.47300000,27.71000000,1.411
1749263529,1.47400000,3156.02000000,1.411
1749263529,1.47500000,113.54000000,1.411
1749263529,1.47600000,20.75000000,1.411
1749263529,1.47700000,790.44000000,1.411
1749263529,1.47800000,7.14000000,1.411
1749263529,1.47900000,7.13000000,1.411
1749263529,1.48000000,981.95000000,1.411
1749263529,1.48100000,13.94000000,1.411
1749263529,1.48200000,52.79000000,1.411
1749263529,1.48300000,177.74000000,1.411
1749263529,1.48400000,16.05000000,1.411
1749263529,1.48500000,5575.90000000,1.411
1749263529,1.48600000,513.92000000,1.411
1749263529,1.48900000,928.56000000,1.411
1749263529,1.49000000,498.16000000,1.411
1749263529,1.49100000,12.49000000,1.411
1749263529,1.49400000,35.88000000,1.411
1749263529,1.49600000,18.99000000,1.411
1749263529,1.49800000,130.55000000,1.411
1749263529,1.49900000,1334.22000000,1.411
1749263529,1.50000000,2533.51000000,1.411
1749263529,1.50100000,13.79000000,1.411
1749263529,1.50400000,482.98000000,1.411
1749263529,1.50700000,6.82000000,1.411
1749263529,1.50800000,37.41000000,1.411
1749263529,1.50900000,13169.11000000,1.411
1749263529,1.51000000,1581.15000000,1.411
1749263529,1.51100000,519.31000000,1.411
1749263529,1.51200000,6.82000000,1.411
1749263529,1.51300000,100.03000000,1.411
1749263529,1.51500000,3033.76000000,1.411
1749263529,1.51700000,94.17000000,1.411
1749263529,1.51900000,3282.54000000,1.411
1749263529,1.52000000,189.95000000,1.411
1749263529,1.52200000,161.73000000,1.411
1749263529,1.52500000,89.69000000,1.411
1749263529,1.52700000,6.82000000,1.411
1749263835,1.41600000,5020.99000000,1.415
1749263835,1.41700000,32915.25000000,1.415
1749263835,1.41800000,30070.40000000,1.415
1749263835,1.41900000,6103.32000000,1.415
1749263835,1.42000000,4047.07000000,1.415
1749263835,1.42100000,2388.36000000,1.415
1749263835,1.42200000,9431.00000000,1.415
1749263835,1.42300000,4565.29000000,1.415
1749263835,1.42400000,5308.16000000,1.415
1749263835,1.42500000,2751.39000000,1.415
1749263835,1.42600000,5832.15000000,1.415
1749263835,1.42700000,1642.22000000,1.415
1749263835,1.42800000,1910.11000000,1.415
1749263835,1.42900000,6503.38000000,1.415
1749263835,1.43000000,2314.80000000,1.415
1749263835,1.43100000,777.61000000,1.415
1749263835,1.43200000,1101.85000000,1.415
1749263835,1.43300000,8217.65000000,1.415
1749263835,1.43400000,1549.71000000,1.415
1749263835,1.43500000,1497.92000000,1.415
1749263835,1.43600000,943.46000000,1.415
1749263835,1.43700000,12.43000000,1.415
1749263835,1.43800000,3572.61000000,1.415
1749263835,1.43900000,895.26000000,1.415
1749263835,1.44000000,7553.40000000,1.415
1749263835,1.44100000,7309.99000000,1.415
1749263835,1.44200000,3474.13000000,1.415
1749263835,1.44300000,354.93000000,1.415
1749263835,1.44400000,11.21000000,1.415
1749263835,1.44500000,128.68000000,1.415
1749263835,1.44600000,1489.74000000,1.415
1749263835,1.44700000,16.24000000,1.415
1749263835,1.44800000,23.73000000,1.415
1749263835,1.44900000,89.88000000,1.415
1749263835,1.45000000,10310.15000000,1.415
1749263835,1.45100000,189.37000000,1.415
1749263835,1.45200000,11.07000000,1.415
1749263835,1.45300000,710.62000000,1.415
1749263835,1.45400000,1188.29000000,1.415
1749263835,1.45500000,2543.06000000,1.415
1749263835,1.45600000,60.53000000,1.415
1749263835,1.45700000,582.48000000,1.415
1749263835,1.45800000,7.24000000,1.415
1749263835,1.45900000,7.23000000,1.415
1749263835,1.46000000,535.85000000,1.415
1749263835,1.46100000,7.22000000,1.415
1749263835,1.46200000,48.34000000,1.415
1749263835,1.46300000,7.21000000,1.415
1749263835,1.46400000,199.91000000,1.415
1749263835,1.46500000,119.69000000,1.415
1749263835,1.46600000,979.71000000,1.415
1749263835,1.46700000,7.19000000,1.415
1749263835,1.46800000,122.23000000,1.415
1749263835,1.46900000,787.94000000,1.415
1749263835,1.47000000,118.15000000,1.415
1749263835,1.47100000,7.17000000,1.415
1749263835,1.47200000,13.14000000,1.415
1749263835,1.47300000,27.71000000,1.415
1749263835,1.47400000,2466.13000000,1.415
1749263835,1.47500000,113.54000000,1.415
1749263835,1.47600000,189.99000000,1.415
1749263835,1.47700000,790.44000000,1.415
1749263835,1.47800000,697.03000000,1.415
1749263835,1.47900000,7.13000000,1.415
1749263835,1.48000000,981.95000000,1.415
1749263835,1.48100000,13.94000000,1.415
1749263835,1.48200000,52.79000000,1.415
1749263835,1.48300000,177.74000000,1.415
1749263835,1.48400000,16.05000000,1.415
1749263835,1.48500000,5575.90000000,1.415
1749263835,1.48600000,513.92000000,1.415
1749263835,1.48700000,7.09000000,1.415
1749263835,1.48800000,7.09000000,1.415
1749263835,1.48900000,931.81000000,1.415
1749263835,1.49000000,505.24000000,1.415
1749263835,1.49100000,19.56000000,1.415
1749263835,1.49400000,35.88000000,1.415
1749263835,1.49600000,18.99000000,1.415
1749263835,1.49800000,130.55000000,1.415
1749263835,1.49900000,1334.22000000,1.415
1749263835,1.50000000,2563.18000000,1.415
1749263835,1.50100000,13.79000000,1.415
1749263835,1.50400000,482.98000000,1.415
1749263835,1.50700000,6.82000000,1.415
1749263835,1.50800000,37.41000000,1.415
1749263835,1.50900000,13169.11000000,1.415
1749263835,1.51000000,1581.15000000,1.415
1749263835,1.51100000,519.31000000,1.415
1749263835,1.51200000,6.82000000,1.415
1749263835,1.51300000,100.03000000,1.415
1749263835,1.51500000,3033.76000000,1.415
1749263835,1.51700000,94.17000000,1.415
1749263835,1.51900000,3282.54000000,1.415
1749263835,1.52000000,189.95000000,1.415
1749263835,1.52200000,161.73000000,1.415
1749263835,1.52500000,89.69000000,1.415
1749263835,1.52700000,6.82000000,1.415
1749263835,1.52800000,686.50000000,1.415
1749263835,1.52900000,760.57000000,1.415
1749263835,1.53000000,2672.88000000,1.415
1749264137,1.40900000,4131.53000000,1.408
1749264137,1.41000000,13366.88000000,1.408
1749264137,1.41100000,35719.27000000,1.408
1749264137,1.41200000,28540.76000000,1.408
1749264137,1.41300000,13465.84000000,1.408
1749264137,1.41400000,2823.28000000,1.408
1749264137,1.41500000,13045.22000000,1.408
1749264137,1.41600000,3153.00000000,1.408
1749264137,1.41700000,2373.18000000,1.408
1749264137,1.41800000,6538.72000000,1.408
1749264137,1.41900000,1318.42000000,1.408
1749264137,1.42000000,2155.33000000,1.408
1749264137,1.42100000,2364.65000000,1.408
1749264137,1.42200000,4795.48000000,1.408
1749264137,1.42300000,1367.35000000,1.408
1749264137,1.42400000,1588.99000000,1.408
1749264137,1.42500000,2747.49000000,1.408
1749264137,1.42600000,6057.20000000,1.408
1749264137,1.42700000,997.93000000,1.408
1749264137,1.42800000,9058.85000000,1.408
1749264137,1.42900000,2372.31000000,1.408
1749264137,1.43000000,3255.50000000,1.408
1749264137,1.43100000,399.61000000,1.408
1749264137,1.43200000,369.37000000,1.408
1749264137,1.43300000,821.27000000,1.408
1749264137,1.43400000,228.13000000,1.408
1749264137,1.43500000,10728.42000000,1.408
1749264137,1.43600000,449.25000000,1.408
1749264137,1.43700000,290.67000000,1.408
1749264137,1.43800000,3007.44000000,1.408
1749264137,1.43900000,895.26000000,1.408
1749264137,1.44000000,7553.40000000,1.408
1749264137,1.44100000,223.10000000,1.408
1749264137,1.44200000,7.13000000,1.408
1749264137,1.44300000,7.31000000,1.408
1749264137,1.44400000,11.21000000,1.408
1749264137,1.44500000,128.68000000,1.408
1749264137,1.44600000,1170.74000000,1.408
1749264137,1.44700000,1592.28000000,1.408
1749264137,1.44800000,23.73000000,1.408
1749264137,1.44900000,793.23000000,1.408
1749264137,1.45000000,10310.15000000,1.408
1749264137,1.45100000,426.65000000,1.408
1749264137,1.45200000,11.07000000,1.408
1749264137,1.45300000,7.27000000,1.408
1749264137,1.45400000,107.29000000,1.408
1749264137,1.45500000,2543.06000000,1.408
1749264137,1.45600000,56.73000000,1.408
1749264137,1.45700000,170.92000000,1.408
1749264137,1.45800000,7.24000000,1.408
1749264137,1.45900000,187.76000000,1.408
1749264137,1.46000000,535.85000000,1.408
1749264137,1.46100000,7.22000000,1.408
1749264137,1.46200000,770.30000000,1.408
1749264137,1.46300000,7.21000000,1.408
1749264137,1.46400000,19.38000000,1.408
1749264137,1.46500000,119.69000000,1.408
1749264137,1.46600000,257.75000000,1.408
1749264137,1.46700000,7.19000000,1.408
1749264137,1.46800000,122.23000000,1.408
1749264137,1.46900000,787.94000000,1.408
1749264137,1.47000000,118.15000000,1.408
1749264137,1.47100000,7.17000000,1.408
1749264137,1.47200000,189.16000000,1.408
1749264137,1.47300000,27.71000000,1.408
1749264137,1.47400000,3156.02000000,1.408
1749264137,1.47500000,113.54000000,1.408
1749264137,1.47600000,13.97000000,1.408
1749264137,1.47700000,790.44000000,1.408
1749264137,1.47800000,7.14000000,1.408
1749264137,1.47900000,7.13000000,1.408
1749264137,1.48000000,981.95000000,1.408
1749264137,1.48100000,270.37000000,1.408
1749264137,1.48200000,52.79000000,1.408
1749264137,1.48300000,177.74000000,1.408
1749264137,1.48400000,16.05000000,1.408
1749264137,1.48500000,5566.63000000,1.408
1749264137,1.48600000,506.82000000,1.408
1749264137,1.48900000,671.59000000,1.408
1749264137,1.49000000,498.16000000,1.408
1749264137,1.49100000,12.49000000,1.408
1749264137,1.49400000,35.88000000,1.408
1749264137,1.49600000,18.99000000,1.408
1749264137,1.49800000,130.55000000,1.408
1749264137,1.49900000,1334.22000000,1.408
1749264137,1.50000000,2563.18000000,1.408
1749264137,1.50100000,13.79000000,1.408
1749264137,1.50400000,482.98000000,1.408
1749264137,1.50700000,6.82000000,1.408
1749264137,1.50800000,37.41000000,1.408
1749264137,1.50900000,13169.11000000,1.408
1749264137,1.51000000,1581.15000000,1.408
1749264137,1.51100000,519.31000000,1.408
1749264137,1.51200000,6.82000000,1.408
1749264137,1.51300000,100.03000000,1.408
1749264137,1.51500000,3033.76000000,1.408
1749264137,1.51700000,94.17000000,1.408
1749264137,1.51900000,3282.54000000,1.408
1749264137,1.52000000,189.95000000,1.408
1749264137,1.52200000,161.73000000,1.408
1749264443,1.40900000,2345.68000000,1.408
1749264443,1.41000000,19413.93000000,1.408
1749264443,1.41100000,32994.88000000,1.408
1749264443,1.41200000,25850.89000000,1.408
1749264443,1.41300000,4046.36000000,1.408
1749264443,1.41400000,4888.79000000,1.408
1749264443,1.41500000,9653.46000000,1.408
1749264443,1.41600000,4649.48000000,1.408
1749264443,1.41700000,5591.30000000,1.408
1749264443,1.41800000,1485.01000000,1.408
1749264443,1.41900000,1481.25000000,1.408
1749264443,1.42000000,6909.76000000,1.408
1749264443,1.42100000,1083.06000000,1.408
1749264443,1.42200000,2304.91000000,1.408
1749264443,1.42300000,12698.09000000,1.408
1749264443,1.42400000,726.91000000,1.408
1749264443,1.42500000,3048.59000000,1.408
1749264443,1.42600000,1322.65000000,1.408
1749264443,1.42700000,365.52000000,1.408
1749264443,1.42800000,581.33000000,1.408
1749264443,1.42900000,3572.31000000,1.408
1749264443,1.43000000,1215.10000000,1.408
1749264443,1.43100000,611.55000000,1.408
1749264443,1.43200000,16.14000000,1.408
1749264443,1.43300000,256.10000000,1.408
1749264443,1.43400000,31.43000000,1.408
1749264443,1.43500000,7370.32000000,1.408
1749264443,1.43600000,3577.69000000,1.408
1749264443,1.43700000,290.67000000,1.408
1749264443,1.43800000,3007.44000000,1.408
1749264443,1.43900000,895.26000000,1.408
1749264443,1.44000000,7553.40000000,1.408
1749264443,1.44100000,223.10000000,1.408
1749264443,1.44200000,7.13000000,1.408
1749264443,1.44300000,7.31000000,1.408
1749264443,1.44400000,1411.21000000,1.408
1749264443,1.44500000,128.68000000,1.408
1749264443,1.44600000,1170.74000000,1.408
1749264443,1.44700000,2601.34000000,1.408
1749264443,1.44800000,23.73000000,1.408
1749264443,1.44900000,793.23000000,1.408
1749264443,1.45000000,10310.15000000,1.408
1749264443,1.45100000,426.65000000,1.408
1749264443,1.45200000,11.07000000,1.408
1749264443,1.45300000,7.27000000,1.408
1749264443,1.45400000,107.29000000,1.408
1749264443,1.45500000,114.08000000,1.408
1749264443,1.45600000,56.73000000,1.408
1749264443,1.45700000,170.92000000,1.408
1749264443,1.45800000,7.24000000,1.408
1749264443,1.45900000,187.76000000,1.408
1749264443,1.46000000,535.85000000,1.408
1749264443,1.46100000,7.22000000,1.408
1749264443,1.46200000,770.30000000,1.408
1749264443,1.46300000,7.21000000,1.408
1749264443,1.46400000,19.38000000,1.408
1749264443,1.46500000,119.69000000,1.408
1749264443,1.46600000,257.75000000,1.408
1749264443,1.46700000,7.19000000,1.408
1749264443,1.46800000,122.23000000,1.408
1749264443,1.46900000,787.94000000,1.408
1749264443,1.47000000,118.15000000,1.408
1749264443,1.47100000,7.17000000,1.408
1749264443,1.47200000,189.16000000,1.408
1749264443,1.47300000,27.71000000,1.408
1749264443,1.47400000,3156.02000000,1.408
1749264443,1.47500000,113.54000000,1.408
1749264443,1.47600000,13.97000000,1.408
1749264443,1.47700000,790.44000000,1.408
1749264443,1.47800000,7.14000000,1.408
1749264443,1.47900000,7.13000000,1.408
1749264443,1.48000000,981.95000000,1.408
1749264443,1.48100000,272.88000000,1.408
1749264443,1.48200000,52.79000000,1.408
1749264443,1.48300000,177.74000000,1.408
1749264443,1.48400000,16.05000000,1.408
1749264443,1.48500000,5312.25000000,1.408
1749264443,1.48600000,506.82000000,1.408
1749264443,1.48900000,928.47000000,1.408
1749264443,1.49000000,498.16000000,1.408
1749264443,1.49100000,12.49000000,1.408
1749264443,1.49400000,35.88000000,1.408
1749264443,1.49600000,18.99000000,1.408
1749264443,1.49800000,130.55000000,1.408
1749264443,1.49900000,1461.93000000,1.408
1749264443,1.50000000,2563.18000000,1.408
1749264443,1.50100000,13.79000000,1.408
1749264443,1.50400000,482.98000000,1.408
1749264443,1.50700000,6.82000000,1.408
1749264443,1.50800000,37.41000000,1.408
1749264443,1.50900000,13169.11000000,1.408
1749264443,1.51000000,1581.15000000,1.408
1749264443,1.51100000,519.31000000,1.408
1749264443,1.51200000,6.82000000,1.408
1749264443,1.51300000,100.03000000,1.408
1749264443,1.51500000,3033.76000000,1.408
1749264443,1.51700000,94.17000000,1.408
1749264443,1.51900000,3282.54000000,1.408
1749264443,1.52000000,189.95000000,1.408
1749264443,1.52200000,161.73000000,1.408
1749264746,1.41200000,57.74000000,1.412
1749264746,1.41300000,14540.64000000,1.412
1749264746,1.41400000,28838.75000000,1.412
1749264746,1.41500000,31154.73000000,1.412
1749264746,1.41600000,18395.37000000,1.412
1749264746,1.41700000,6492.20000000,1.412
1749264746,1.41800000,7432.51000000,1.412
1749264746,1.41900000,5261.68000000,1.412
1749264746,1.42000000,1738.21000000,1.412
1749264746,1.42100000,1016.11000000,1.412
1749264746,1.42200000,1593.71000000,1.412
1749264746,1.42300000,1012.37000000,1.412
1749264746,1.42400000,8663.71000000,1.412
1749264746,1.42500000,6820.89000000,1.412
1749264746,1.42600000,5660.39000000,1.412
1749264746,1.42700000,743.52000000,1.412
1749264746,1.42800000,1312.56000000,1.412
1749264746,1.42900000,2750.31000000,1.412
1749264746,1.43000000,3822.64000000,1.412
1749264746,1.43100000,2164.78000000,1.412
1749264746,1.43200000,16.14000000,1.412
1749264746,1.43300000,256.10000000,1.412
1749264746,1.43400000,596.60000000,1.412
1749264746,1.43500000,297.92000000,1.412
1749264746,1.43600000,859.94000000,1.412
1749264746,1.43700000,7003.17000000,1.412
1749264746,1.43800000,6555.60000000,1.412
1749264746,1.43900000,895.26000000,1.412
1749264746,1.44000000,7553.40000000,1.412
1749264746,1.44100000,223.10000000,1.412
1749264746,1.44200000,7.13000000,1.412
1749264746,1.44300000,7.31000000,1.412
1749264746,1.44400000,1411.21000000,1.412
1749264746,1.44500000,128.68000000,1.412
1749264746,1.44600000,1122.87000000,1.412
1749264746,1.44700000,2601.34000000,1.412
1749264746,1.44800000,23.73000000,1.412
1749264746,1.44900000,793.23000000,1.412
1749264746,1.45000000,10723.76000000,1.412
1749264746,1.45100000,13.33000000,1.412
1749264746,1.45200000,11.07000000,1.412
1749264746,1.45300000,7.27000000,1.412
1749264746,1.45400000,107.29000000,1.412
1749264746,1.45500000,114.08000000,1.412
1749264746,1.45600000,56.73000000,1.412
1749264746,1.45700000,170.92000000,1.412
1749264746,1.45800000,7.24000000,1.412
1749264746,1.45900000,187.76000000,1.412
1749264746,1.46000000,535.85000000,1.412
1749264746,1.46100000,7.22000000,1.412
1749264746,1.46200000,770.30000000,1.412
1749264746,1.46300000,7.21000000,1.412
1749264746,1.46400000,19.38000000,1.412
1749264746,1.46500000,119.69000000,1.412
1749264746,1.46600000,257.75000000,1.412
1749264746,1.46700000,7.19000000,1.412
1749264746,1.46800000,122.23000000,1.412
1749264746,1.46900000,787.94000000,1.412
1749264746,1.47000000,118.15000000,1.412
1749264746,1.47100000,7.17000000,1.412
1749264746,1.47200000,189.16000000,1.412
1749264746,1.47300000,20.92000000,1.412
1749264746,1.47400000,3156.02000000,1.412
1749264746,1.47500000,113.54000000,1.412
1749264746,1.47600000,13.97000000,1.412
1749264746,1.47700000,790.44000000,1.412
1749264746,1.47800000,7.14000000,1.412
1749264746,1.47900000,7.13000000,1.412
1749264746,1.48000000,981.95000000,1.412
1749264746,1.48100000,13.94000000,1.412
1749264746,1.48200000,52.79000000,1.412
1749264746,1.48300000,177.74000000,1.412
1749264746,1.48400000,16.05000000,1.412
1749264746,1.48500000,5576.38000000,1.412
1749264746,1.48600000,513.91000000,1.412
1749264746,1.48700000,7.09000000,1.412
1749264746,1.48900000,923.51000000,1.412
1749264746,1.49000000,498.16000000,1.412
1749264746,1.49100000,12.49000000,1.412
1749264746,1.49400000,35.88000000,1.412
1749264746,1.49600000,18.99000000,1.412
1749264746,1.49800000,130.55000000,1.412
1749264746,1.49900000,1334.22000000,1.412
1749264746,1.50000000,2563.18000000,1.412
1749264746,1.50100000,13.79000000,1.412
1749264746,1.50400000,482.98000000,1.412
1749264746,1.50700000,6.82000000,1.412
1749264746,1.50800000,37.41000000,1.412
1749264746,1.50900000,13169.11000000,1.412
1749264746,1.51000000,1581.15000000,1.412
1749264746,1.51100000,519.31000000,1.412
1749264746,1.51200000,6.82000000,1.412
1749264746,1.51300000,100.03000000,1.412
1749264746,1.51500000,3033.76000000,1.412
1749264746,1.51700000,94.17000000,1.412
1749264746,1.51900000,3282.54000000,1.412
1749264746,1.52000000,189.95000000,1.412
1749264746,1.52200000,161.73000000,1.412
1749264746,1.52500000,89.69000000,1.412
1749264746,1.52700000,6.82000000,1.412
1749265047,1.41700000,2778.73000000,1.417
1749265047,1.41800000,17269.42000000,1.417
1749265047,1.41900000,32949.57000000,1.417
1749265047,1.42000000,24349.66000000,1.417
1749265047,1.42100000,11328.81000000,1.417
1749265047,1.42200000,3649.28000000,1.417
1749265047,1.42300000,3766.99000000,1.417
1749265047,1.42400000,3064.39000000,1.417
1749265047,1.42500000,11356.35000000,1.417
1749265047,1.42600000,1093.22000000,1.417
1749265047,1.42700000,4236.22000000,1.417
1749265047,1.42800000,1112.79000000,1.417
1749265047,1.42900000,3019.11000000,1.417
1749265047,1.43000000,7801.42000000,1.417
1749265047,1.43100000,1040.56000000,1.417
1749265047,1.43200000,5870.93000000,1.417
1749265047,1.43300000,1617.29000000,1.417
1749265047,1.43400000,87.75000000,1.417
1749265047,1.43500000,1594.32000000,1.417
1749265047,1.43600000,7521.51000000,1.417
1749265047,1.43700000,1260.47000000,1.417
1749265047,1.43800000,5091.44000000,1.417
1749265047,1.43900000,895.26000000,1.417
1749265047,1.44000000,7558.69000000,1.417
1749265047,1.44100000,788.27000000,1.417
1749265047,1.44200000,7.13000000,1.417
1749265047,1.44300000,10340.98000000,1.417
1749265047,1.44400000,81.72000000,1.417
1749265047,1.44500000,128.68000000,1.417
1749265047,1.44600000,41.87000000,1.417
1749265047,1.44700000,16.24000000,1.417
1749265047,1.44800000,299.82000000,1.417
1749265047,1.44900000,1489.88000000,1.417
1749265047,1.45000000,10310.15000000,1.417
1749265047,1.45100000,13.33000000,1.417
1749265047,1.45200000,11.07000000,1.417
1749265047,1.45300000,7.27000000,1.417
1749265047,1.45400000,1188.29000000,1.417
1749265047,1.45500000,2677.06000000,1.417
1749265047,1.45600000,60.53000000,1.417
1749265047,1.45700000,874.27000000,1.417
1749265047,1.45800000,7.24000000,1.417
1749265047,1.45900000,7.23000000,1.417
1749265047,1.46000000,404.66000000,1.417
1749265047,1.46100000,7.22000000,1.417
1749265047,1.46200000,458.45000000,1.417
1749265047,1.46300000,7.21000000,1.417
1749265047,1.46400000,19.38000000,1.417
1749265047,1.46500000,119.69000000,1.417
1749265047,1.46600000,257.75000000,1.417
1749265047,1.46700000,187.72000000,1.417
1749265047,1.46800000,253.42000000,1.417
1749265047,1.46900000,787.94000000,1.417
1749265047,1.47000000,840.11000000,1.417
1749265047,1.47100000,7.17000000,1.417
1749265047,1.47200000,13.14000000,1.417
1749265047,1.47300000,20.92000000,1.417
1749265047,1.47400000,2466.13000000,1.417
1749265047,1.47500000,113.54000000,1.417
1749265047,1.47600000,13.97000000,1.417
1749265047,1.47700000,659.25000000,1.417
1749265047,1.47800000,7.14000000,1.417
1749265047,1.47900000,7.13000000,1.417
1749265047,1.48000000,1157.97000000,1.417
1749265047,1.48100000,13.94000000,1.417
1749265047,1.48200000,742.68000000,1.417
1749265047,1.48300000,177.74000000,1.417
1749265047,1.48400000,16.05000000,1.417
1749265047,1.48500000,5449.09000000,1.417
1749265047,1.48600000,513.91000000,1.417
1749265047,1.48700000,7.09000000,1.417
1749265047,1.48800000,7.09000000,1.417
1749265047,1.48900000,930.59000000,1.417
1749265047,1.49000000,505.24000000,1.417
1749265047,1.49100000,276.07000000,1.417
1749265047,1.49200000,7.07000000,1.417
1749265047,1.49400000,35.88000000,1.417
1749265047,1.49600000,18.99000000,1.417
1749265047,1.49800000,130.55000000,1.417
1749265047,1.49900000,1334.22000000,1.417
1749265047,1.50000000,2563.18000000,1.417
1749265047,1.50100000,13.79000000,1.417
1749265047,1.50400000,482.98000000,1.417
1749265047,1.50700000,6.82000000,1.417
1749265047,1.50800000,220.97000000,1.417
1749265047,1.50900000,13169.11000000,1.417
1749265047,1.51000000,1581.15000000,1.417
1749265047,1.51100000,519.31000000,1.417
1749265047,1.51200000,6.82000000,1.417
1749265047,1.51300000,100.03000000,1.417
1749265047,1.51500000,3033.76000000,1.417
1749265047,1.51700000,94.17000000,1.417
1749265047,1.51900000,3282.54000000,1.417
1749265047,1.52000000,189.95000000,1.417
1749265047,1.52200000,161.73000000,1.417
1749265047,1.52500000,89.69000000,1.417
1749265047,1.52700000,6.82000000,1.417
1749265047,1.52800000,686.50000000,1.417
1749265047,1.52900000,760.57000000,1.417
1749265047,1.53000000,2672.88000000,1.417
1749265359,1.41200000,2772.54000000,1.412
1749265359,1.41300000,31401.35000000,1.412
1749265359,1.41400000,27468.93000000,1.412
1749265359,1.41500000,17233.53000000,1.412
1749265359,1.41600000,4180.21000000,1.412
1749265359,1.41700000,4255.82000000,1.412
1749265359,1.41800000,6511.95000000,1.412
1749265359,1.41900000,10175.09000000,1.412
1749265359,1.42000000,3194.69000000,1.412
1749265359,1.42100000,1604.61000000,1.412
1749265359,1.42200000,6647.42000000,1.412
1749265359,1.42300000,1369.94000000,1.412
1749265359,1.42400000,2399.07000000,1.412
1749265359,1.42500000,6956.54000000,1.412
1749265359,1.42600000,12438.82000000,1.412
1749265359,1.42700000,1012.70000000,1.412
1749265359,1.42800000,1581.37000000,1.412
1749265359,1.42900000,2755.60000000,1.412
1749265359,1.43000000,4022.67000000,1.412
1749265359,1.43100000,964.78000000,1.412
1749265359,1.43200000,16.14000000,1.412
1749265359,1.43300000,1809.33000000,1.412
1749265359,1.43400000,1501.76000000,1.412
1749265359,1.43500000,651.15000000,1.412
1749265359,1.43600000,16.33000000,1.412
1749265359,1.43700000,625.64000000,1.412
1749265359,1.43800000,13518.47000000,1.412
1749265359,1.43900000,1460.43000000,1.412
1749265359,1.44000000,6826.77000000,1.412
1749265359,1.44100000,223.10000000,1.412
1749265359,1.44200000,7.13000000,1.412
1749265359,1.44300000,7.31000000,1.412
1749265359,1.44400000,11.21000000,1.412
1749265359,1.44500000,128.68000000,1.412
1749265359,1.44600000,41.87000000,1.412
1749265359,1.44700000,1416.24000000,1.412
1749265359,1.44800000,23.73000000,1.412
1749265359,1.44900000,89.88000000,1.412
1749265359,1.45000000,10310.15000000,1.412
1749265359,1.45100000,189.37000000,1.412
1749265359,1.45200000,11.07000000,1.412
1749265359,1.45300000,1791.62000000,1.412
1749265359,1.45400000,519.73000000,1.412
1749265359,1.45500000,2501.02000000,1.412
1749265359,1.45600000,60.53000000,1.412
1749265359,1.45700000,170.92000000,1.412
1749265359,1.45800000,7.24000000,1.412
1749265359,1.45900000,7.23000000,1.412
1749265359,1.46000000,535.85000000,1.412
1749265359,1.46100000,7.22000000,1.412
1749265359,1.46200000,48.34000000,1.412
1749265359,1.46300000,187.74000000,1.412
1749265359,1.46400000,19.38000000,1.412
1749265359,1.46500000,119.69000000,1.412
1749265359,1.46600000,979.71000000,1.412
1749265359,1.46700000,7.19000000,1.412
1749265359,1.46800000,122.23000000,1.412
1749265359,1.46900000,787.94000000,1.412
1749265359,1.47000000,118.15000000,1.412
1749265359,1.47100000,7.17000000,1.412
1749265359,1.47200000,13.14000000,1.412
1749265359,1.47300000,20.92000000,1.412
1749265359,1.47400000,2466.13000000,1.412
1749265359,1.47500000,113.54000000,1.412
1749265359,1.47600000,189.99000000,1.412
1749265359,1.47700000,659.25000000,1.412
1749265359,1.47800000,828.22000000,1.412
1749265359,1.47900000,7.13000000,1.412
1749265359,1.48000000,981.95000000,1.412
1749265359,1.48100000,13.94000000,1.412
1749265359,1.48200000,52.79000000,1.412
1749265359,1.48300000,177.74000000,1.412
1749265359,1.48400000,16.05000000,1.412
1749265359,1.48500000,5317.90000000,1.412
1749265359,1.48600000,513.92000000,1.412
1749265359,1.48700000,7.09000000,1.412
1749265359,1.48900000,1180.65000000,1.412
1749265359,1.49000000,498.16000000,1.412
1749265359,1.49100000,12.49000000,1.412
1749265359,1.49400000,35.88000000,1.412
1749265359,1.49600000,18.99000000,1.412
1749265359,1.49800000,130.55000000,1.412
1749265359,1.49900000,1334.22000000,1.412
1749265359,1.50000000,2563.18000000,1.412
1749265359,1.50100000,13.79000000,1.412
1749265359,1.50400000,482.98000000,1.412
1749265359,1.50700000,6.82000000,1.412
1749265359,1.50800000,220.97000000,1.412
1749265359,1.50900000,13169.11000000,1.412
1749265359,1.51000000,1581.15000000,1.412
1749265359,1.51100000,519.31000000,1.412
1749265359,1.51200000,6.82000000,1.412
1749265359,1.51300000,100.03000000,1.412
1749265359,1.51500000,3033.76000000,1.412
1749265359,1.51700000,94.17000000,1.412
1749265359,1.51900000,3282.54000000,1.412
1749265359,1.52000000,189.95000000,1.412
1749265359,1.52200000,161.73000000,1.412
1749265359,1.52500000,89.69000000,1.412
1749265359,1.52700000,6.82000000,1.412
1749265660,1.42300000,4252.75000000,1.422
1749265660,1.42400000,28407.08000000,1.422
1749265660,1.42500000,25766.79000000,1.422
1749265660,1.42600000,21228.34000000,1.422
1749265660,1.42700000,5702.85000000,1.422
1749265660,1.42800000,2175.59000000,1.422
1749265660,1.42900000,13597.00000000,1.422
1749265660,1.43000000,4189.65000000,1.422
1749265660,1.43100000,2068.72000000,1.422
1749265660,1.43200000,5643.71000000,1.422
1749265660,1.43300000,1255.37000000,1.422
1749265660,1.43400000,1307.43000000,1.422
1749265660,1.43500000,2053.28000000,1.422
1749265660,1.43600000,4129.45000000,1.422
1749265660,1.43700000,1059.96000000,1.422
1749265660,1.43800000,3385.44000000,1.422
1749265660,1.43900000,8093.65000000,1.422
1749265660,1.44000000,7421.54000000,1.422
1749265660,1.44100000,606.38000000,1.422
1749265660,1.44200000,3114.35000000,1.422
1749265660,1.44300000,577.76000000,1.422
1749265660,1.44400000,11.21000000,1.422
1749265660,1.44500000,128.68000000,1.422
1749265660,1.44600000,607.04000000,1.422
1749265660,1.44700000,16.24000000,1.422
1749265660,1.44800000,94.03000000,1.422
1749265660,1.44900000,10400.58000000,1.422
1749265660,1.45000000,10310.15000000,1.422
1749265660,1.45100000,13.33000000,1.422
1749265660,1.45200000,286.38000000,1.422
1749265660,1.45300000,7.27000000,1.422
1749265660,1.45400000,107.29000000,1.422
1749265660,1.45500000,1514.08000000,1.422
1749265660,1.45600000,236.57000000,1.422
1749265660,1.45700000,170.92000000,1.422
1749265660,1.45800000,710.59000000,1.422
1749265660,1.45900000,7.23000000,1.422
1749265660,1.46000000,408.46000000,1.422
1749265660,1.46100000,1088.22000000,1.422
1749265660,1.46200000,48.34000000,1.422
1749265660,1.46300000,2430.12000000,1.422
1749265660,1.46400000,19.38000000,1.422
1749265660,1.46500000,119.69000000,1.422
1749265660,1.46600000,257.75000000,1.422
1749265660,1.46700000,596.68000000,1.422
1749265660,1.46800000,253.42000000,1.422
1749265660,1.46900000,787.94000000,1.422
1749265660,1.47000000,118.15000000,1.422
1749265660,1.47100000,729.13000000,1.422
1749265660,1.47200000,13.14000000,1.422
1749265660,1.47300000,20.92000000,1.422
1749265660,1.47400000,2466.13000000,1.422
1749265660,1.47500000,113.54000000,1.422
1749265660,1.47600000,13.97000000,1.422
1749265660,1.47700000,659.25000000,1.422
1749265660,1.47800000,7.14000000,1.422
1749265660,1.47900000,7.13000000,1.422
1749265660,1.48000000,981.95000000,1.422
1749265660,1.48100000,189.96000000,1.422
1749265660,1.48200000,52.79000000,1.422
1749265660,1.48300000,177.74000000,1.422
1749265660,1.48400000,16.05000000,1.422
1749265660,1.48500000,5317.90000000,1.422
1749265660,1.48600000,1335.00000000,1.422
1749265660,1.48700000,7.09000000,1.422
1749265660,1.48800000,7.09000000,1.422
1749265660,1.48900000,1183.96000000,1.422
1749265660,1.49000000,505.24000000,1.422
1749265660,1.49100000,19.56000000,1.422
1749265660,1.49200000,7.07000000,1.422
1749265660,1.49300000,7.06000000,1.422
1749265660,1.49400000,42.94000000,1.422
1749265660,1.49500000,7.05000000,1.422
1749265660,1.49600000,26.04000000,1.422
1749265660,1.49700000,7.04000000,1.422
1749265660,1.49800000,137.59000000,1.422
1749265660,1.49900000,1334.22000000,1.422
1749265660,1.50000000,2563.18000000,1.422
1749265660,1.50100000,13.79000000,1.422
1749265660,1.50400000,482.98000000,1.422
1749265660,1.50700000,6.82000000,1.422
1749265660,1.50800000,220.97000000,1.422
1749265660,1.50900000,13169.11000000,1.422
1749265660,1.51000000,1581.15000000,1.422
1749265660,1.51100000,519.31000000,1.422
1749265660,1.51200000,6.82000000,1.422
1749265660,1.51300000,100.03000000,1.422
1749265660,1.51500000,3033.76000000,1.422
1749265660,1.51700000,94.17000000,1.422
1749265660,1.51900000,3282.54000000,1.422
1749265660,1.52000000,189.95000000,1.422
1749265660,1.52200000,161.73000000,1.422
1749265660,1.52500000,89.69000000,1.422
1749265660,1.52700000,6.82000000,1.422
1749265660,1.52800000,686.50000000,1.422
1749265660,1.52900000,760.57000000,1.422
1749265660,1.53000000,2672.88000000,1.422
1749265660,1.53100000,3.46000000,1.422
1749265660,1.53200000,6.82000000,1.422
1749265660,1.53300000,200.97000000,1.422
1749265962,1.43400000,4467.82000000,1.433
1749265962,1.43500000,6905.59000000,1.433
1749265962,1.43600000,23626.68000000,1.433
1749265962,1.43700000,10523.01000000,1.433
1749265962,1.43800000,5440.10000000,1.433
1749265962,1.43900000,6318.21000000,1.433
1749265962,1.44000000,13061.90000000,1.433
1749265962,1.44100000,5703.01000000,1.433
1749265962,1.44200000,2273.73000000,1.433
1749265962,1.44300000,1533.66000000,1.433
1749265962,1.44400000,7457.18000000,1.433
1749265962,1.44500000,1539.32000000,1.433
1749265962,1.44600000,1453.34000000,1.433
1749265962,1.44700000,4828.48000000,1.433
1749265962,1.44800000,658.59000000,1.433
1749265962,1.44900000,1391.54000000,1.433
1749265962,1.45000000,12191.82000000,1.433
1749265962,1.45100000,7495.20000000,1.433
1749265962,1.45200000,581.48000000,1.433
1749265962,1.45300000,1260.55000000,1.433
1749265962,1.45400000,461.32000000,1.433
1749265962,1.45500000,679.25000000,1.433
1749265962,1.45600000,409.32000000,1.433
1749265962,1.45700000,170.92000000,1.433
1749265962,1.45800000,572.41000000,1.433
1749265962,1.45900000,351.20000000,1.433
1749265962,1.46000000,10837.66000000,1.433
1749265962,1.46100000,7.22000000,1.433
1749265962,1.46200000,48.34000000,1.433
1749265962,1.46300000,7.21000000,1.433
1749265962,1.46400000,199.22000000,1.433
1749265962,1.46500000,119.69000000,1.433
1749265962,1.46600000,961.10000000,1.433
1749265962,1.46700000,7.19000000,1.433
1749265962,1.46800000,1212.48000000,1.433
1749265962,1.46900000,787.94000000,1.433
1749265962,1.47000000,118.15000000,1.433
1749265962,1.47100000,1407.17000000,1.433
1749265962,1.47200000,2395.90000000,1.433
1749265962,1.47300000,428.16000000,1.433
1749265962,1.47400000,2466.13000000,1.433
1749265962,1.47500000,294.07000000,1.433
1749265962,1.47600000,13.97000000,1.433
1749265962,1.47700000,659.25000000,1.433
1749265962,1.47800000,7.14000000,1.433
1749265962,1.47900000,729.09000000,1.433
1749265962,1.48000000,981.95000000,1.433
1749265962,1.48100000,13.94000000,1.433
1749265962,1.48200000,52.79000000,1.433
1749265962,1.48300000,177.74000000,1.433
1749265962,1.48400000,147.24000000,1.433
1749265962,1.48500000,5062.28000000,1.433
1749265962,1.48600000,513.92000000,1.433
1749265962,1.48700000,7.09000000,1.433
1749265962,1.48800000,7.09000000,1.433
1749265962,1.48900000,854.69000000,1.433
1749265962,1.49000000,1195.13000000,1.433
1749265962,1.49100000,19.56000000,1.433
1749265962,1.49200000,7.07000000,1.433
1749265962,1.49300000,7.06000000,1.433
1749265962,1.49400000,174.13000000,1.433
1749265962,1.49500000,7.05000000,1.433
1749265962,1.49600000,32.72000000,1.433
1749265962,1.49700000,7.04000000,1.433
1749265962,1.49800000,137.59000000,1.433
1749265962,1.49900000,1341.25000000,1.433
1749265962,1.50000000,2570.21000000,1.433
1749265962,1.50100000,20.81000000,1.433
1749265962,1.50200000,7.02000000,1.433
1749265962,1.50300000,7.01000000,1.433
1749265962,1.50400000,489.99000000,1.433
1749265962,1.50500000,7.00000000,1.433
1749265962,1.50600000,7.00000000,1.433
1749265962,1.50700000,13.82000000,1.433
1749265962,1.50800000,227.96000000,1.433
1749265962,1.50900000,13176.10000000,1.433
1749265962,1.51000000,1581.15000000,1.433
1749265962,1.51100000,519.31000000,1.433
1749265962,1.51200000,6.82000000,1.433
1749265962,1.51300000,100.03000000,1.433
1749265962,1.51500000,3033.76000000,1.433
1749265962,1.51700000,94.17000000,1.433
1749265962,1.51900000,3282.54000000,1.433
1749265962,1.52000000,189.95000000,1.433
1749265962,1.52200000,161.73000000,1.433
1749265962,1.52500000,89.69000000,1.433
1749265962,1.52700000,6.82000000,1.433
1749265962,1.52800000,686.50000000,1.433
1749265962,1.52900000,760.57000000,1.433
1749265962,1.53000000,2672.88000000,1.433
1749265962,1.53100000,3.46000000,1.433
1749265962,1.53200000,6.82000000,1.433
1749265962,1.53300000,200.97000000,1.433
1749265962,1.53400000,5.67000000,1.433
1749265962,1.53500000,64.68000000,1.433
1749265962,1.53600000,5.72000000,1.433
1749265962,1.53700000,19.18000000,1.433
1749265962,1.53800000,6.82000000,1.433
1749265962,1.54200000,39.49000000,1.433
1749265962,1.54300000,15.56000000,1.433
1749266268,1.42800000,1643.80000000,1.428
1749266268,1.42900000,9172.34000000,1.428
1749266268,1.43000000,16853.74000000,1.428
1749266268,1.43100000,27049.28000000,1.428
1749266268,1.43200000,13836.08000000,1.428
1749266268,1.43300000,4244.76000000,1.428
1749266268,1.43400000,5132.63000000,1.428
1749266268,1.43500000,10060.94000000,1.428
1749266268,1.43600000,5800.41000000,1.428
1749266268,1.43700000,2192.72000000,1.428
1749266268,1.43800000,4255.77000000,1.428
1749266268,1.43900000,3160.25000000,1.428
1749266268,1.44000000,7122.91000000,1.428
1749266268,1.44100000,5509.73000000,1.428
1749266268,1.44200000,2269.83000000,1.428
1749266268,1.44300000,1359.27000000,1.428
1749266268,1.44400000,6551.82000000,1.428
1749266268,1.44500000,1731.72000000,1.428
1749266268,1.44600000,8191.32000000,1.428
1749266268,1.44700000,1631.05000000,1.428
1749266268,1.44800000,594.16000000,1.428
1749266268,1.44900000,448.37000000,1.428
1749266268,1.45000000,10879.39000000,1.428
1749266268,1.45100000,936.98000000,1.428
1749266268,1.45200000,16.31000000,1.428
1749266268,1.45300000,60.55000000,1.428
1749266268,1.45400000,11543.22000000,1.428
1749266268,1.45500000,119.31000000,1.428
1749266268,1.45600000,479.33000000,1.428
1749266268,1.45700000,736.09000000,1.428
1749266268,1.45800000,7.24000000,1.428
1749266268,1.45900000,281.38000000,1.428
1749266268,1.46000000,408.46000000,1.428
1749266268,1.46100000,7.22000000,1.428
1749266268,1.46200000,48.34000000,1.428
1749266268,1.46300000,183.25000000,1.428
1749266268,1.46400000,1423.18000000,1.428
1749266268,1.46500000,823.04000000,1.428
1749266268,1.46600000,257.75000000,1.428
1749266268,1.46700000,7.19000000,1.428
1749266268,1.46800000,1212.48000000,1.428
1749266268,1.46900000,787.94000000,1.428
1749266268,1.47000000,118.15000000,1.428
1749266268,1.47100000,7.17000000,1.428
1749266268,1.47200000,2395.90000000,1.428
1749266268,1.47300000,428.16000000,1.428
1749266268,1.47400000,2466.13000000,1.428
1749266268,1.47500000,294.07000000,1.428
1749266268,1.47600000,13.97000000,1.428
1749266268,1.47700000,659.25000000,1.428
1749266268,1.47800000,729.10000000,1.428
1749266268,1.47900000,7.13000000,1.428
1749266268,1.48000000,981.95000000,1.428
1749266268,1.48100000,13.94000000,1.428
1749266268,1.48200000,52.79000000,1.428
1749266268,1.48300000,177.74000000,1.428
1749266268,1.48400000,147.24000000,1.428
1749266268,1.48500000,5062.28000000,1.428
1749266268,1.48600000,513.92000000,1.428
1749266268,1.48700000,7.09000000,1.428
1749266268,1.48800000,7.09000000,1.428
1749266268,1.48900000,854.69000000,1.428
1749266268,1.49000000,1505.24000000,1.428
1749266268,1.49100000,709.45000000,1.428
1749266268,1.49200000,7.07000000,1.428
1749266268,1.49300000,7.06000000,1.428
1749266268,1.49400000,174.13000000,1.428
1749266268,1.49500000,259.85000000,1.428
1749266268,1.49600000,32.72000000,1.428
1749266268,1.49700000,7.04000000,1.428
1749266268,1.49800000,137.59000000,1.428
1749266268,1.49900000,1844.72000000,1.428
1749266268,1.50000000,2570.21000000,1.428
1749266268,1.50100000,20.81000000,1.428
1749266268,1.50200000,7.02000000,1.428
1749266268,1.50300000,7.01000000,1.428
1749266268,1.50400000,482.98000000,1.428
1749266268,1.50700000,6.82000000,1.428
1749266268,1.50800000,220.97000000,1.428
1749266268,1.50900000,13169.11000000,1.428
1749266268,1.51000000,1581.15000000,1.428
1749266268,1.51100000,519.31000000,1.428
1749266268,1.51200000,6.82000000,1.428
1749266268,1.51300000,100.03000000,1.428
1749266268,1.51500000,3033.76000000,1.428
1749266268,1.51700000,94.17000000,1.428
1749266268,1.51900000,3282.54000000,1.428
1749266268,1.52000000,189.95000000,1.428
1749266268,1.52200000,161.73000000,1.428
1749266268,1.52500000,89.69000000,1.428
1749266268,1.52700000,6.82000000,1.428
1749266268,1.52800000,686.50000000,1.428
1749266268,1.52900000,760.57000000,1.428
1749266268,1.53000000,2672.88000000,1.428
1749266268,1.53100000,3.46000000,1.428
1749266268,1.53200000,6.82000000,1.428
1749266268,1.53300000,200.97000000,1.428
1749266268,1.53400000,5.67000000,1.428
1749266268,1.53500000,64.68000000,1.428
1749266268,1.53600000,5.72000000,1.428
1749266570,1.41800000,2596.33000000,1.418
1749266570,1.41900000,13950.78000000,1.418
1749266570,1.42000000,27876.70000000,1.418
1749266570,1.42100000,25099.87000000,1.418
1749266570,1.42200000,5018.78000000,1.418
1749266570,1.42300000,9901.47000000,1.418
1749266570,1.42400000,9487.43000000,1.418
1749266570,1.42500000,2741.67000000,1.418
1749266570,1.42600000,1073.86000000,1.418
1749266570,1.42700000,1580.07000000,1.418
1749266570,1.42800000,1014.69000000,1.418
1749266570,1.42900000,1844.07000000,1.418
1749266570,1.43000000,1652.16000000,1.418
1749266570,1.43100000,12561.23000000,1.418
1749266570,1.43200000,1013.91000000,1.418
1749266570,1.43300000,6353.41000000,1.418
1749266570,1.43400000,2084.49000000,1.418
1749266570,1.43500000,1034.32000000,1.418
1749266570,1.43600000,2512.73000000,1.418
1749266570,1.43700000,743.66000000,1.418
1749266570,1.43800000,3935.37000000,1.418
1749266570,1.43900000,1842.60000000,1.418
1749266570,1.44000000,6856.37000000,1.418
1749266570,1.44100000,396.50000000,1.418
1749266570,1.44200000,955.58000000,1.418
1749266570,1.44300000,7594.55000000,1.418
1749266570,1.44400000,4767.19000000,1.418
1749266570,1.44500000,410.62000000,1.418
1749266570,1.44600000,47.14000000,1.418
1749266570,1.44700000,21.50000000,1.418
1749266570,1.44800000,28.99000000,1.418
1749266570,1.44900000,95.14000000,1.418
1749266570,1.45000000,10329.46000000,1.418
1749266570,1.45100000,18.58000000,1.418
1749266570,1.45200000,16.31000000,1.418
1749266570,1.45300000,60.55000000,1.418
1749266570,1.45400000,461.32000000,1.418
1749266570,1.45500000,2699.78000000,1.418
1749266570,1.45600000,1460.53000000,1.418
1749266570,1.45700000,1955.27000000,1.418
1749266570,1.45800000,7.24000000,1.418
1749266570,1.45900000,418.21000000,1.418
1749266570,1.46000000,408.46000000,1.418
1749266570,1.46100000,7.22000000,1.418
1749266570,1.46200000,48.34000000,1.418
1749266570,1.46300000,7.21000000,1.418
1749266570,1.46400000,19.38000000,1.418
1749266570,1.46500000,119.69000000,1.418
1749266570,1.46600000,257.75000000,1.418
1749266570,1.46700000,187.72000000,1.418
1749266570,1.46800000,258.87000000,1.418
1749266570,1.46900000,787.94000000,1.418
1749266570,1.47000000,840.11000000,1.418
1749266570,1.47100000,7.17000000,1.418
1749266570,1.47200000,13.14000000,1.418
1749266570,1.47300000,20.92000000,1.418
1749266570,1.47400000,2466.13000000,1.418
1749266570,1.47500000,113.54000000,1.418
1749266570,1.47600000,13.97000000,1.418
1749266570,1.47700000,659.25000000,1.418
1749266570,1.47800000,7.14000000,1.418
1749266570,1.47900000,7.13000000,1.418
1749266570,1.48000000,981.95000000,1.418
1749266570,1.48100000,189.96000000,1.418
1749266570,1.48200000,52.79000000,1.418
1749266570,1.48300000,867.63000000,1.418
1749266570,1.48400000,16.05000000,1.418
1749266570,1.48500000,5062.28000000,1.418
1749266570,1.48600000,645.11000000,1.418
1749266570,1.48700000,7.09000000,1.418
1749266570,1.48800000,7.09000000,1.418
1749266570,1.48900000,678.67000000,1.418
1749266570,1.49000000,1505.24000000,1.418
1749266570,1.49100000,271.56000000,1.418
1749266570,1.49200000,7.07000000,1.418
1749266570,1.49300000,7.06000000,1.418
1749266570,1.49400000,35.88000000,1.418
1749266570,1.49500000,252.80000000,1.418
1749266570,1.49600000,25.67000000,1.418
1749266570,1.49800000,130.55000000,1.418
1749266570,1.49900000,1583.28000000,1.418
1749266570,1.50000000,2563.18000000,1.418
1749266570,1.50100000,13.79000000,1.418
1749266570,1.50400000,482.98000000,1.418
1749266570,1.50700000,6.82000000,1.418
1749266570,1.50800000,220.97000000,1.418
1749266570,1.50900000,13169.11000000,1.418
1749266570,1.51000000,1581.15000000,1.418
1749266570,1.51100000,519.31000000,1.418
1749266570,1.51200000,6.82000000,1.418
1749266570,1.51300000,100.03000000,1.418
1749266570,1.51500000,3033.76000000,1.418
1749266570,1.51700000,94.17000000,1.418
1749266570,1.51900000,3282.54000000,1.418
1749266570,1.52000000,189.95000000,1.418
1749266570,1.52200000,161.73000000,1.418
1749266570,1.52500000,89.69000000,1.418
1749266570,1.52700000,6.82000000,1.418
1749266570,1.52800000,686.50000000,1.418
1749266570,1.52900000,760.57000000,1.418
1749266871,1.42200000,2994.43000000,1.421
1749266871,1.42300000,20087.76000000,1.421
1749266871,1.42400000,29645.59000000,1.421
1749266871,1.42500000,20261.16000000,1.421
1749266871,1.42600000,4556.89000000,1.421
1749266871,1.42700000,8681.40000000,1.421
1749266871,1.42800000,4298.21000000,1.421
1749266871,1.42900000,6039.37000000,1.421
1749266871,1.43000000,1079.07000000,1.421
1749266871,1.43100000,1371.26000000,1.421
1749266871,1.43200000,1579.08000000,1.421
1749266871,1.43300000,6431.83000000,1.421
1749266871,1.43400000,1716.00000000,1.421
1749266871,1.43500000,5352.57000000,1.421
1749266871,1.43600000,1454.42000000,1.421
1749266871,1.43700000,8266.34000000,1.421
1749266871,1.43800000,5633.35000000,1.421
1749266871,1.43900000,1629.17000000,1.421
1749266871,1.44000000,6856.37000000,1.421
1749266871,1.44100000,2161.67000000,1.421
1749266871,1.44200000,587.11000000,1.421
1749266871,1.44300000,390.59000000,1.421
1749266871,1.44400000,1171.85000000,1.421
1749266871,1.44500000,511.95000000,1.421
1749266871,1.44600000,47.14000000,1.421
1749266871,1.44700000,7312.33000000,1.421
1749266871,1.44800000,3930.66000000,1.421
1749266871,1.44900000,95.14000000,1.421
1749266871,1.45000000,10329.46000000,1.421
1749266871,1.45100000,294.08000000,1.421
1749266871,1.45200000,16.31000000,1.421
1749266871,1.45300000,60.55000000,1.421
1749266871,1.45400000,112.53000000,1.421
1749266871,1.45500000,119.31000000,1.421
1749266871,1.45600000,1460.53000000,1.421
1749266871,1.45700000,1251.92000000,1.421
1749266871,1.45800000,7.24000000,1.421
1749266871,1.45900000,183.27000000,1.421
1749266871,1.46000000,408.46000000,1.421
1749266871,1.46100000,710.57000000,1.421
1749266871,1.46200000,48.34000000,1.421
1749266871,1.46300000,2445.25000000,1.421
1749266871,1.46400000,23.18000000,1.421
1749266871,1.46500000,119.69000000,1.421
1749266871,1.46600000,667.00000000,1.421
1749266871,1.46700000,7.19000000,1.421
1749266871,1.46800000,127.68000000,1.421
1749266871,1.46900000,787.94000000,1.421
1749266871,1.47000000,118.15000000,1.421
1749266871,1.47100000,187.70000000,1.421
1749266871,1.47200000,13.14000000,1.421
1749266871,1.47300000,20.92000000,1.421
1749266871,1.47400000,3188.09000000,1.421
1749266871,1.47500000,244.73000000,1.421
1749266871,1.47600000,13.97000000,1.421
1749266871,1.47700000,659.25000000,1.421
1749266871,1.47800000,7.14000000,1.421
1749266871,1.47900000,7.13000000,1.421
1749266871,1.48000000,981.95000000,1.421
1749266871,1.48100000,13.94000000,1.421
1749266871,1.48200000,52.79000000,1.421
1749266871,1.48300000,177.74000000,1.421
1749266871,1.48400000,16.05000000,1.421
1749266871,1.48500000,5238.30000000,1.421
1749266871,1.48600000,513.92000000,1.421
1749266871,1.48700000,696.98000000,1.421
1749266871,1.48800000,7.09000000,1.421
1749266871,1.48900000,678.67000000,1.421
1749266871,1.49000000,1636.43000000,1.421
1749266871,1.49100000,19.56000000,1.421
1749266871,1.49200000,7.07000000,1.421
1749266871,1.49300000,7.06000000,1.421
1749266871,1.49400000,42.94000000,1.421
1749266871,1.49500000,258.44000000,1.421
1749266871,1.49600000,32.72000000,1.421
1749266871,1.49700000,7.04000000,1.421
1749266871,1.49800000,130.55000000,1.421
1749266871,1.49900000,1837.96000000,1.421
1749266871,1.50000000,2563.18000000,1.421
1749266871,1.50100000,13.79000000,1.421
1749266871,1.50400000,482.98000000,1.421
1749266871,1.50700000,6.82000000,1.421
1749266871,1.50800000,220.97000000,1.421
1749266871,1.50900000,13169.11000000,1.421
1749266871,1.51000000,1581.15000000,1.421
1749266871,1.51100000,519.31000000,1.421
1749266871,1.51200000,6.82000000,1.421
1749266871,1.51300000,100.03000000,1.421
1749266871,1.51500000,3033.76000000,1.421
1749266871,1.51700000,94.17000000,1.421
1749266871,1.51900000,3282.54000000,1.421
1749266871,1.52000000,189.95000000,1.421
1749266871,1.52200000,161.73000000,1.421
1749266871,1.52500000,89.69000000,1.421
1749266871,1.52700000,6.82000000,1.421
1749266871,1.52800000,686.50000000,1.421
1749266871,1.52900000,760.57000000,1.421
1749266871,1.53000000,2672.88000000,1.421
1749266871,1.53100000,3.46000000,1.421
1749266871,1.53200000,6.82000000,1.421
1749267173,1.41700000,458.27000000,1.416
1749267173,1.41800000,12111.26000000,1.416
1749267173,1.41900000,24557.46000000,1.416
1749267173,1.42000000,30605.13000000,1.416
1749267173,1.42100000,20894.00000000,1.416
1749267173,1.42200000,3034.90000000,1.416
1749267173,1.42300000,8549.73000000,1.416
1749267173,1.42400000,7908.35000000,1.416
1749267173,1.42500000,5364.10000000,1.416
1749267173,1.42600000,1621.24000000,1.416
1749267173,1.42700000,1576.17000000,1.416
1749267173,1.42800000,1150.10000000,1.416
1749267173,1.42900000,1810.11000000,1.416
1749267173,1.43000000,5078.50000000,1.416
1749267173,1.43100000,1621.06000000,1.416
1749267173,1.43200000,7616.00000000,1.416
1749267173,1.43300000,6926.70000000,1.416
1749267173,1.43400000,2090.50000000,1.416
1749267173,1.43500000,4685.08000000,1.416
1749267173,1.43600000,2569.05000000,1.416
1749267173,1.43700000,743.66000000,1.416
1749267173,1.43800000,3935.37000000,1.416
1749267173,1.43900000,1842.60000000,1.416
1749267173,1.44000000,6856.37000000,1.416
1749267173,1.44100000,961.67000000,1.416
1749267173,1.44200000,7567.68000000,1.416
1749267173,1.44300000,3548.84000000,1.416
1749267173,1.44400000,228.68000000,1.416
1749267173,1.44500000,410.62000000,1.416
1749267173,1.44600000,47.14000000,1.416
1749267173,1.44700000,21.50000000,1.416
1749267173,1.44800000,28.99000000,1.416
1749267173,1.44900000,95.14000000,1.416
1749267173,1.45000000,12135.37000000,1.416
1749267173,1.45100000,18.58000000,1.416
1749267173,1.45200000,16.31000000,1.416
1749267173,1.45300000,60.55000000,1.416
1749267173,1.45400000,112.53000000,1.416
1749267173,1.45500000,2707.30000000,1.416
1749267173,1.45600000,1460.53000000,1.416
1749267173,1.45700000,874.27000000,1.416
1749267173,1.45800000,7.24000000,1.416
1749267173,1.45900000,1499.21000000,1.416
1749267173,1.46000000,408.46000000,1.416
1749267173,1.46100000,7.22000000,1.416
1749267173,1.46200000,48.34000000,1.416
1749267173,1.46300000,7.21000000,1.416
1749267173,1.46400000,19.38000000,1.416
1749267173,1.46500000,119.69000000,1.416
1749267173,1.46600000,257.75000000,1.416
1749267173,1.46700000,318.91000000,1.416
1749267173,1.46800000,127.68000000,1.416
1749267173,1.46900000,787.94000000,1.416
1749267173,1.47000000,840.11000000,1.416
1749267173,1.47100000,7.17000000,1.416
1749267173,1.47200000,13.14000000,1.416
1749267173,1.47300000,20.92000000,1.416
1749267173,1.47400000,2466.13000000,1.416
1749267173,1.47500000,113.54000000,1.416
1749267173,1.47600000,13.97000000,1.416
1749267173,1.47700000,659.25000000,1.416
1749267173,1.47800000,7.14000000,1.416
1749267173,1.47900000,7.13000000,1.416
1749267173,1.48000000,981.95000000,1.416
1749267173,1.48100000,189.96000000,1.416
1749267173,1.48200000,183.98000000,1.416
1749267173,1.48300000,867.63000000,1.416
1749267173,1.48400000,16.05000000,1.416
1749267173,1.48500000,5062.28000000,1.416
1749267173,1.48600000,513.92000000,1.416
1749267173,1.48700000,7.09000000,1.416
1749267173,1.48800000,7.09000000,1.416
1749267173,1.48900000,678.67000000,1.416
1749267173,1.49000000,1505.24000000,1.416
1749267173,1.49100000,272.47000000,1.416
1749267173,1.49200000,7.07000000,1.416
1749267173,1.49400000,35.88000000,1.416
1749267173,1.49500000,251.39000000,1.416
1749267173,1.49600000,25.67000000,1.416
1749267173,1.49800000,130.55000000,1.416
1749267173,1.49900000,1583.28000000,1.416
1749267173,1.50000000,2563.18000000,1.416
1749267173,1.50100000,13.79000000,1.416
1749267173,1.50400000,482.98000000,1.416
1749267173,1.50700000,6.82000000,1.416
1749267173,1.50800000,220.97000000,1.416
1749267173,1.50900000,13169.11000000,1.416
1749267173,1.51000000,1581.15000000,1.416
1749267173,1.51100000,519.31000000,1.416
1749267173,1.51200000,6.82000000,1.416
1749267173,1.51300000,100.03000000,1.416
1749267173,1.51500000,3033.76000000,1.416
1749267173,1.51700000,94.17000000,1.416
1749267173,1.51900000,3282.54000000,1.416
1749267173,1.52000000,189.95000000,1.416
1749267173,1.52200000,161.73000000,1.416
1749267173,1.52500000,89.69000000,1.416
1749267173,1.52700000,6.82000000,1.416
1749267173,1.52800000,686.50000000,1.416
1749267173,1.52900000,760.57000000,1.416
1749267474,1.41900000,3862.02000000,1.418
1749267474,1.42000000,18905.55000000,1.418
1749267474,1.42100000,40977.15000000,1.418
1749267474,1.42200000,21271.39000000,1.418
1749267474,1.42300000,7385.64000000,1.418
1749267474,1.42400000,4236.85000000,1.418
1749267474,1.42500000,5899.38000000,1.418
1749267474,1.42600000,5942.05000000,1.418
1749267474,1.42700000,4551.56000000,1.418
1749267474,1.42800000,4928.37000000,1.418
1749267474,1.42900000,1021.32000000,1.418
1749267474,1.43000000,1724.91000000,1.418
1749267474,1.43100000,2648.29000000,1.418
1749267474,1.43200000,11107.11000000,1.418
1749267474,1.43300000,6431.93000000,1.418
1749267474,1.43400000,1586.15000000,1.418
1749267474,1.43500000,4685.08000000,1.418
1749267474,1.43600000,803.88000000,1.418
1749267474,1.43700000,1308.83000000,1.418
1749267474,1.43800000,5059.89000000,1.418
1749267474,1.43900000,1842.60000000,1.418
1749267474,1.44000000,37358.03000000,1.418
1749267474,1.44100000,18.50000000,1.418
1749267474,1.44200000,774.28000000,1.418
1749267474,1.44300000,12.59000000,1.418
1749267474,1.44400000,228.68000000,1.418
1749267474,1.44500000,3871.26000000,1.418
1749267474,1.44600000,7135.98000000,1.418
1749267474,1.44700000,21.50000000,1.418
1749267474,1.44800000,28.99000000,1.418
1749267474,1.44900000,95.14000000,1.418
1749267474,1.45000000,41815.04000000,1.418
1749267474,1.45100000,18.58000000,1.418
1749267474,1.45200000,16.31000000,1.418
1749267474,1.45300000,60.55000000,1.418
1749267474,1.45400000,1512.53000000,1.418
1749267474,1.45500000,2707.30000000,1.418
1749267474,1.45600000,60.53000000,1.418
1749267474,1.45700000,874.27000000,1.418
1749267474,1.45800000,7.24000000,1.418
1749267474,1.45900000,1499.21000000,1.418
1749267474,1.46000000,408.46000000,1.418
1749267474,1.46100000,7.22000000,1.418
1749267474,1.46200000,48.34000000,1.418
1749267474,1.46300000,7.21000000,1.418
1749267474,1.46400000,19.38000000,1.418
1749267474,1.46500000,119.69000000,1.418
1749267474,1.46600000,257.75000000,1.418
1749267474,1.46700000,318.91000000,1.418
1749267474,1.46800000,127.68000000,1.418
1749267474,1.46900000,787.94000000,1.418
1749267474,1.47000000,840.11000000,1.418
1749267474,1.47100000,7.17000000,1.418
1749267474,1.47200000,13.14000000,1.418
1749267474,1.47300000,20.92000000,1.418
1749267474,1.47400000,2466.13000000,1.418
1749267474,1.47500000,113.54000000,1.418
1749267474,1.47600000,13.97000000,1.418
1749267474,1.47700000,659.25000000,1.418
1749267474,1.47800000,7.14000000,1.418
1749267474,1.47900000,7.13000000,1.418
1749267474,1.48000000,981.95000000,1.418
1749267474,1.48100000,189.96000000,1.418
1749267474,1.48200000,183.98000000,1.418
1749267474,1.48300000,867.63000000,1.418
1749267474,1.48400000,16.05000000,1.418
1749267474,1.48500000,5062.28000000,1.418
1749267474,1.48600000,513.92000000,1.418
1749267474,1.48700000,7.09000000,1.418
1749267474,1.48800000,7.09000000,1.418
1749267474,1.48900000,678.67000000,1.418
1749267474,1.49000000,1505.24000000,1.418
1749267474,1.49100000,19.56000000,1.418
1749267474,1.49200000,7.07000000,1.418
1749267474,1.49300000,7.06000000,1.418
1749267474,1.49400000,42.94000000,1.418
1749267474,1.49500000,251.39000000,1.418
1749267474,1.49600000,25.67000000,1.418
1749267474,1.49800000,130.55000000,1.418
1749267474,1.49900000,1836.52000000,1.418
1749267474,1.50000000,2563.18000000,1.418
1749267474,1.50100000,13.79000000,1.418
1749267474,1.50400000,482.98000000,1.418
1749267474,1.50700000,6.82000000,1.418
1749267474,1.50800000,220.97000000,1.418
1749267474,1.50900000,13169.11000000,1.418
1749267474,1.51000000,1581.15000000,1.418
1749267474,1.51100000,519.31000000,1.418
1749267474,1.51200000,6.82000000,1.418
1749267474,1.51300000,100.03000000,1.418
1749267474,1.51500000,3033.76000000,1.418
1749267474,1.51700000,94.17000000,1.418
1749267474,1.51900000,3282.54000000,1.418
1749267474,1.52000000,189.95000000,1.418
1749267474,1.52200000,161.73000000,1.418
1749267474,1.52500000,89.69000000,1.418
1749267474,1.52700000,6.82000000,1.418
1749267474,1.52800000,686.50000000,1.418
1749267474,1.52900000,760.57000000,1.418
1749267474,1.53000000,2672.88000000,1.418
1749267776,1.42100000,5175.59000000,1.42
1749267776,1.42200000,32591.17000000,1.42
1749267776,1.42300000,35323.38000000,1.42
1749267776,1.42400000,15117.62000000,1.42
1749267776,1.42500000,7211.47000000,1.42
1749267776,1.42600000,6003.20000000,1.42
1749267776,1.42700000,10849.69000000,1.42
1749267776,1.42800000,2029.69000000,1.42
1749267776,1.42900000,1342.22000000,1.42
1749267776,1.43000000,1020.45000000,1.42
1749267776,1.43100000,1581.04000000,1.42
1749267776,1.43200000,8383.64000000,1.42
1749267776,1.43300000,6322.02000000,1.42
1749267776,1.43400000,4818.82000000,1.42
1749267776,1.43500000,1041.08000000,1.42
1749267776,1.43600000,747.56000000,1.42
1749267776,1.43700000,1308.83000000,1.42
1749267776,1.43800000,5040.26000000,1.42
1749267776,1.43900000,1842.60000000,1.42
1749267776,1.44000000,37736.03000000,1.42
1749267776,1.44100000,18.50000000,1.42
1749267776,1.44200000,774.28000000,1.42
1749267776,1.44300000,12.59000000,1.42
1749267776,1.44400000,228.68000000,1.42
1749267776,1.44500000,975.79000000,1.42
1749267776,1.44600000,7020.39000000,1.42
1749267776,1.44700000,3476.85000000,1.42
1749267776,1.44800000,28.99000000,1.42
1749267776,1.44900000,95.14000000,1.42
1749267776,1.45000000,41815.04000000,1.42
1749267776,1.45100000,18.58000000,1.42
1749267776,1.45200000,16.31000000,1.42
1749267776,1.45300000,60.55000000,1.42
1749267776,1.45400000,112.53000000,1.42
1749267776,1.45500000,3788.30000000,1.42
1749267776,1.45600000,1460.53000000,1.42
1749267776,1.45700000,874.27000000,1.42
1749267776,1.45800000,7.24000000,1.42
1749267776,1.45900000,418.21000000,1.42
1749267776,1.46000000,408.46000000,1.42
1749267776,1.46100000,7.22000000,1.42
1749267776,1.46200000,48.34000000,1.42
1749267776,1.46300000,7.21000000,1.42
1749267776,1.46400000,19.38000000,1.42
1749267776,1.46500000,119.69000000,1.42
1749267776,1.46600000,257.75000000,1.42
1749267776,1.46700000,318.91000000,1.42
1749267776,1.46800000,127.68000000,1.42
1749267776,1.46900000,787.94000000,1.42
1749267776,1.47000000,840.11000000,1.42
1749267776,1.47100000,7.17000000,1.42
1749267776,1.47200000,13.14000000,1.42
1749267776,1.47300000,20.92000000,1.42
1749267776,1.47400000,2466.13000000,1.42
1749267776,1.47500000,113.54000000,1.42
1749267776,1.47600000,13.97000000,1.42
1749267776,1.47700000,659.25000000,1.42
1749267776,1.47800000,7.14000000,1.42
1749267776,1.47900000,7.13000000,1.42
1749267776,1.48000000,981.95000000,1.42
1749267776,1.48100000,189.96000000,1.42
1749267776,1.48200000,183.98000000,1.42
1749267776,1.48300000,867.63000000,1.42
1749267776,1.48400000,16.05000000,1.42
1749267776,1.48500000,5062.28000000,1.42
1749267776,1.48600000,513.92000000,1.42
1749267776,1.48700000,7.09000000,1.42
1749267776,1.48800000,7.09000000,1.42
1749267776,1.48900000,678.67000000,1.42
1749267776,1.49000000,1505.24000000,1.42
1749267776,1.49100000,19.56000000,1.42
1749267776,1.49200000,7.07000000,1.42
1749267776,1.49300000,1106.06000000,1.42
1749267776,1.49400000,42.93000000,1.42
1749267776,1.49500000,258.44000000,1.42
1749267776,1.49600000,32.71000000,1.42
1749267776,1.49800000,130.55000000,1.42
1749267776,1.49900000,1836.64000000,1.42
1749267776,1.50000000,2563.18000000,1.42
1749267776,1.50100000,13.79000000,1.42
1749267776,1.50400000,482.98000000,1.42
1749267776,1.50700000,6.82000000,1.42
1749267776,1.50800000,220.97000000,1.42
1749267776,1.50900000,13169.11000000,1.42
1749267776,1.51000000,1581.15000000,1.42
1749267776,1.51100000,519.31000000,1.42
1749267776,1.51200000,6.82000000,1.42
