timestamp,price,volume,current_price
1749258387,1.42700000,459.25000000,1.427
1749258387,1.42800000,8900.32000000,1.427
1749258387,1.42900000,21050.58000000,1.427
1749258387,1.43000000,31759.52000000,1.427
1749258387,1.43100000,15587.67000000,1.427
1749258387,1.43200000,12418.34000000,1.427
1749258387,1.43300000,4419.35000000,1.427
1749258387,1.43400000,2752.85000000,1.427
1749258387,1.43500000,1643.53000000,1.427
1749258387,1.43600000,5171.47000000,1.427
1749258387,1.43700000,1262.18000000,1.427
1749258387,1.43800000,5904.78000000,1.427
1749258387,1.43900000,9940.46000000,1.427
1749258387,1.44000000,11711.05000000,1.427
1749258387,1.44100000,1955.80000000,1.427
1749258387,1.44200000,1505.51000000,1.427
1749258387,1.44300000,743.82000000,1.427
1749258387,1.44400000,2047.53000000,1.427
1749258387,1.44500000,1091.21000000,1.427
1749258387,1.44600000,2328.75000000,1.427
1749258387,1.44700000,403.65000000,1.427
1749258387,1.44800000,972.16000000,1.427
1749258387,1.44900000,473.14000000,1.427
1749258387,1.45000000,10300.46000000,1.427
1749258387,1.45100000,1237.25000000,1.427
1749258387,1.45200000,394.31000000,1.427
1749258387,1.45300000,3950.20000000,1.427
1749258387,1.45400000,672.46000000,1.427
1749258387,1.45500000,114.08000000,1.427
1749258387,1.45600000,60.53000000,1.427
1749258387,1.45700000,736.09000000,1.427
1749258387,1.45800000,7.24000000,1.427
1749258387,1.45900000,7.23000000,1.427
1749258387,1.46000000,401.42000000,1.427
1749258387,1.46100000,183.26000000,1.427
1749258387,1.46200000,53.81000000,1.427
1749258387,1.46300000,2110.56000000,1.427
1749258387,1.46400000,23.18000000,1.427
1749258387,1.46500000,1200.69000000,1.427
1749258387,1.46600000,3116.64000000,1.427
1749258387,1.46700000,7.19000000,1.427
1749258387,1.46800000,122.23000000,1.427
1749258387,1.46900000,787.94000000,1.427
1749258387,1.47000000,304.12000000,1.427
1749258387,1.47100000,7.17000000,1.427
1749258387,1.47200000,13.14000000,1.427
1749258387,1.47300000,880.86000000,1.427
1749258387,1.47400000,2466.13000000,1.427
1749258387,1.47500000,113.54000000,1.427
1749258387,1.47600000,20.75000000,1.427
1749258387,1.47700000,659.25000000,1.427
1749258387,1.47800000,7.13000000,1.427
1749258387,1.47900000,183.15000000,1.427
1749258387,1.48000000,981.95000000,1.427
1749258387,1.48100000,13.94000000,1.427
1749258387,1.48200000,52.79000000,1.427
1749258387,1.48300000,177.74000000,1.427
1749258387,1.48400000,705.94000000,1.427
1749258387,1.48500000,5062.28000000,1.427
1749258387,1.48600000,513.92000000,1.427
1749258387,1.48700000,262.62000000,1.427
1749258387,1.48800000,7.09000000,1.427
1749258387,1.48900000,678.67000000,1.427
1749258387,1.49000000,505.24000000,1.427
1749258387,1.49100000,400.83000000,1.427
1749258387,1.49200000,7.07000000,1.427
1749258387,1.49300000,7.06000000,1.427
1749258387,1.49400000,124.44000000,1.427
1749258387,1.49500000,257.32000000,1.427
1749258387,1.49600000,26.04000000,1.427
1749258387,1.49700000,7.04000000,1.427
1749258387,1.49800000,137.59000000,1.427
1749258387,1.49900000,1372.99000000,1.427
1749258387,1.50000000,2239.74000000,1.427
1749258387,1.50100000,20.81000000,1.427
1749258387,1.50200000,7.02000000,1.427
1749258387,1.50400000,482.98000000,1.427
1749258387,1.50700000,6.82000000,1.427
1749258387,1.50800000,5.67000000,1.427
1749258387,1.51000000,1581.15000000,1.427
1749258387,1.51100000,519.31000000,1.427
1749258387,1.51200000,6.82000000,1.427
1749258387,1.51300000,100.03000000,1.427
1749258387,1.51500000,3033.76000000,1.427
1749258387,1.51700000,94.17000000,1.427
1749258387,1.51900000,3282.54000000,1.427
1749258387,1.52000000,189.95000000,1.427
1749258387,1.52200000,161.73000000,1.427
1749258387,1.52500000,89.69000000,1.427
1749258387,1.52700000,6.82000000,1.427
1749258387,1.52800000,686.50000000,1.427
1749258387,1.52900000,760.57000000,1.427
1749258387,1.53000000,2672.88000000,1.427
1749258387,1.53100000,3.46000000,1.427
1749258387,1.53200000,6.82000000,1.427
1749258387,1.53300000,200.97000000,1.427
1749258387,1.53400000,5.67000000,1.427
1749258387,1.53500000,64.68000000,1.427
1749258387,1.53600000,5.72000000,1.427
1749258387,1.53700000,19.18000000,1.427
1749258703,1.42400000,3308.05000000,1.423
1749258703,1.42500000,34143.62000000,1.423
1749258703,1.42600000,27468.55000000,1.423
1749258703,1.42700000,22596.20000000,1.423
1749258703,1.42800000,6792.12000000,1.423
1749258703,1.42900000,3022.83000000,1.423
1749258703,1.43000000,11568.94000000,1.423
1749258703,1.43100000,5538.82000000,1.423
1749258703,1.43200000,4158.03000000,1.423
1749258703,1.43300000,1589.07000000,1.423
1749258703,1.43400000,1615.68000000,1.423
1749258703,1.43500000,2006.51000000,1.423
1749258703,1.43600000,1657.31000000,1.423
1749258703,1.43700000,6043.12000000,1.423
1749258703,1.43800000,5422.40000000,1.423
1749258703,1.43900000,2523.37000000,1.423
1749258703,1.44000000,14784.47000000,1.423
1749258703,1.44100000,2125.22000000,1.423
1749258703,1.44200000,1308.81000000,1.423
1749258703,1.44300000,2017.71000000,1.423
1749258703,1.44400000,747.71000000,1.423
1749258703,1.44500000,1091.21000000,1.423
1749258703,1.44600000,1146.32000000,1.423
1749258703,1.44700000,403.65000000,1.423
1749258703,1.44800000,972.16000000,1.423
1749258703,1.44900000,7527.17000000,1.423
1749258703,1.45000000,13748.67000000,1.423
1749258703,1.45100000,929.36000000,1.423
1749258703,1.45200000,33.87000000,1.423
1749258703,1.45300000,60.38000000,1.423
1749258703,1.45400000,672.46000000,1.423
1749258703,1.45500000,131.65000000,1.423
1749258703,1.45600000,60.53000000,1.423
1749258703,1.45700000,912.13000000,1.423
1749258703,1.45800000,7.24000000,1.423
1749258703,1.45900000,1791.58000000,1.423
1749258703,1.46000000,401.42000000,1.423
1749258703,1.46100000,7.22000000,1.423
1749258703,1.46200000,53.81000000,1.423
1749258703,1.46300000,3818.41000000,1.423
1749258703,1.46400000,23.18000000,1.423
1749258703,1.46500000,119.69000000,1.423
1749258703,1.46600000,847.53000000,1.423
1749258703,1.46700000,7.19000000,1.423
1749258703,1.46800000,126.03000000,1.423
1749258703,1.46900000,787.94000000,1.423
1749258703,1.47000000,123.59000000,1.423
1749258703,1.47100000,7.17000000,1.423
1749258703,1.47200000,735.10000000,1.423
1749258703,1.47300000,158.90000000,1.423
1749258703,1.47400000,2466.13000000,1.423
1749258703,1.47500000,113.54000000,1.423
1749258703,1.47600000,20.75000000,1.423
1749258703,1.47700000,659.25000000,1.423
1749258703,1.47800000,7.13000000,1.423
1749258703,1.47900000,183.15000000,1.423
1749258703,1.48000000,981.95000000,1.423
1749258703,1.48100000,13.94000000,1.423
1749258703,1.48200000,52.79000000,1.423
1749258703,1.48300000,177.74000000,1.423
1749258703,1.48400000,705.94000000,1.423
1749258703,1.48500000,5062.28000000,1.423
1749258703,1.48600000,513.92000000,1.423
1749258703,1.48700000,7.09000000,1.423
1749258703,1.48800000,7.09000000,1.423
1749258703,1.48900000,678.67000000,1.423
1749258703,1.49000000,505.24000000,1.423
1749258703,1.49100000,656.66000000,1.423
1749258703,1.49200000,7.07000000,1.423
1749258703,1.49300000,7.06000000,1.423
1749258703,1.49400000,42.94000000,1.423
1749258703,1.49500000,256.06000000,1.423
1749258703,1.49600000,4107.43000000,1.423
1749258703,1.49700000,7.04000000,1.423
1749258703,1.49800000,137.58000000,1.423
1749258703,1.49900000,1372.99000000,1.423
1749258703,1.50000000,2232.72000000,1.423
1749258703,1.50100000,13.79000000,1.423
1749258703,1.50400000,482.98000000,1.423
1749258703,1.50700000,6.82000000,1.423
1749258703,1.50800000,5.67000000,1.423
1749258703,1.51000000,1581.15000000,1.423
1749258703,1.51100000,519.31000000,1.423
1749258703,1.51200000,6.82000000,1.423
1749258703,1.51300000,100.03000000,1.423
1749258703,1.51500000,3033.76000000,1.423
1749258703,1.51700000,94.17000000,1.423
1749258703,1.51900000,3282.54000000,1.423
1749258703,1.52000000,189.95000000,1.423
1749258703,1.52200000,161.73000000,1.423
1749258703,1.52500000,89.69000000,1.423
1749258703,1.52700000,6.82000000,1.423
1749258703,1.52800000,686.50000000,1.423
1749258703,1.52900000,760.57000000,1.423
1749258703,1.53000000,2672.88000000,1.423
1749258703,1.53100000,3.46000000,1.423
1749258703,1.53200000,6.82000000,1.423
1749258703,1.53300000,200.97000000,1.423
1749258703,1.53400000,5.67000000,1.423
1749258703,1.53500000,64.68000000,1.423
1749259005,1.41800000,2312.13000000,1.418
1749259005,1.41900000,10540.98000000,1.418
1749259005,1.42000000,29664.86000000,1.418
1749259005,1.42100000,24121.56000000,1.418
1749259005,1.42200000,8784.67000000,1.418
1749259005,1.42300000,4950.54000000,1.418
1749259005,1.42400000,12102.49000000,1.418
1749259005,1.42500000,6217.48000000,1.418
1749259005,1.42600000,5629.10000000,1.418
1749259005,1.42700000,9242.91000000,1.418
1749259005,1.42800000,9127.68000000,1.418
1749259005,1.42900000,1500.39000000,1.418
1749259005,1.43000000,4109.44000000,1.418
1749259005,1.43100000,5489.48000000,1.418
1749259005,1.43200000,6126.81000000,1.418
1749259005,1.43300000,1507.34000000,1.418
1749259005,1.43400000,2734.56000000,1.418
1749259005,1.43500000,8471.66000000,1.418
1749259005,1.43600000,1587.10000000,1.418
1749259005,1.43700000,2526.95000000,1.418
1749259005,1.43800000,1948.92000000,1.418
1749259005,1.43900000,2191.66000000,1.418
1749259005,1.44000000,8051.68000000,1.418
1749259005,1.44100000,810.02000000,1.418
1749259005,1.44200000,1308.81000000,1.418
1749259005,1.44300000,761.39000000,1.418
1749259005,1.44400000,11388.20000000,1.418
1749259005,1.44500000,1091.21000000,1.418
1749259005,1.44600000,1216.72000000,1.418
1749259005,1.44700000,403.65000000,1.418
1749259005,1.44800000,972.16000000,1.418
1749259005,1.44900000,490.71000000,1.418
1749259005,1.45000000,10300.46000000,1.418
1749259005,1.45100000,859.25000000,1.418
1749259005,1.45200000,16.31000000,1.418
1749259005,1.45300000,60.38000000,1.418
1749259005,1.45400000,672.46000000,1.418
1749259005,1.45500000,114.08000000,1.418
1749259005,1.45600000,60.53000000,1.418
1749259005,1.45700000,912.13000000,1.418
1749259005,1.45800000,7.24000000,1.418
1749259005,1.45900000,3191.58000000,1.418
1749259005,1.46000000,401.42000000,1.418
1749259005,1.46100000,7.22000000,1.418
1749259005,1.46200000,53.81000000,1.418
1749259005,1.46300000,2418.41000000,1.418
1749259005,1.46400000,23.18000000,1.418
1749259005,1.46500000,119.69000000,1.418
1749259005,1.46600000,847.53000000,1.418
1749259005,1.46700000,7.19000000,1.418
1749259005,1.46800000,122.23000000,1.418
1749259005,1.46900000,787.94000000,1.418
1749259005,1.47000000,123.59000000,1.418
1749259005,1.47100000,7.17000000,1.418
1749259005,1.47200000,735.10000000,1.418
1749259005,1.47300000,158.90000000,1.418
1749259005,1.47400000,2466.13000000,1.418
1749259005,1.47500000,113.54000000,1.418
1749259005,1.47600000,20.75000000,1.418
1749259005,1.47700000,659.25000000,1.418
1749259005,1.47800000,7.13000000,1.418
1749259005,1.47900000,183.15000000,1.418
1749259005,1.48000000,981.95000000,1.418
1749259005,1.48100000,13.94000000,1.418
1749259005,1.48200000,52.79000000,1.418
1749259005,1.48300000,177.74000000,1.418
1749259005,1.48400000,837.13000000,1.418
1749259005,1.48500000,5062.28000000,1.418
1749259005,1.48600000,513.92000000,1.418
1749259005,1.48700000,257.14000000,1.418
1749259005,1.48800000,7.09000000,1.418
1749259005,1.48900000,678.67000000,1.418
1749259005,1.49000000,505.24000000,1.418
1749259005,1.49100000,525.47000000,1.418
1749259005,1.49200000,7.07000000,1.418
1749259005,1.49300000,7.06000000,1.418
1749259005,1.49400000,35.88000000,1.418
1749259005,1.49600000,18.99000000,1.418
1749259005,1.49800000,130.55000000,1.418
1749259005,1.49900000,1365.96000000,1.418
1749259005,1.50000000,2232.72000000,1.418
1749259005,1.50100000,4094.91000000,1.418
1749259005,1.50400000,482.98000000,1.418
1749259005,1.50700000,6.82000000,1.418
1749259005,1.50800000,5.67000000,1.418
1749259005,1.51000000,1581.15000000,1.418
1749259005,1.51100000,519.31000000,1.418
1749259005,1.51200000,6.82000000,1.418
1749259005,1.51300000,100.03000000,1.418
1749259005,1.51500000,3033.76000000,1.418
1749259005,1.51700000,94.17000000,1.418
1749259005,1.51900000,3282.54000000,1.418
1749259005,1.52000000,189.95000000,1.418
1749259005,1.52200000,161.73000000,1.418
1749259005,1.52500000,89.69000000,1.418
1749259005,1.52700000,6.82000000,1.418
1749259005,1.52800000,686.50000000,1.418
1749259005,1.52900000,760.57000000,1.418
1749259005,1.53000000,2672.88000000,1.418
1749259005,1.53100000,3.46000000,1.418
