timestamp,price,volume,current_price
1749260736,0.30140000,34551.56000000,0.3013
1749260736,0.30150000,187612.42000000,0.3013
1749260736,0.30160000,34759.76000000,0.3013
1749260736,0.30170000,37079.28000000,0.3013
1749260736,0.30180000,45620.89000000,0.3013
1749260736,0.30190000,139619.79000000,0.3013
1749260736,0.30200000,189975.31000000,0.3013
1749260736,0.30210000,111060.40000000,0.3013
1749260736,0.30220000,29318.90000000,0.3013
1749260736,0.30230000,121902.56000000,0.3013
1749260736,0.30240000,22088.52000000,0.3013
1749260736,0.30250000,30110.19000000,0.3013
1749260736,0.30260000,52105.47000000,0.3013
1749260736,0.30270000,48243.24000000,0.3013
1749260736,0.30280000,150260.40000000,0.3013
1749260736,0.30290000,20274.45000000,0.3013
1749260736,0.30300000,40264.73000000,0.3013
1749260736,0.30310000,20434.65000000,0.3013
1749260736,0.30320000,55588.67000000,0.3013
1749260736,0.30330000,17538.88000000,0.3013
1749260736,0.30340000,17641.22000000,0.3013
1749260736,0.30350000,10448.75000000,0.3013
1749260736,0.30360000,38527.66000000,0.3013
1749260736,0.30370000,17801.92000000,0.3013
1749260736,0.30380000,180129.75000000,0.3013
1749260736,0.30390000,187924.83000000,0.3013
1749260736,0.30400000,15789.38000000,0.3013
1749260736,0.30410000,7123.62000000,0.3013
1749260736,0.30420000,10293.25000000,0.3013
1749260736,0.30430000,7878.86000000,0.3013
1749260736,0.30440000,15761.73000000,0.3013
1749260736,0.30450000,26705.33000000,0.3013
1749260736,0.30460000,27635.05000000,0.3013
1749260736,0.30470000,15354.42000000,0.3013
1749260736,0.30480000,9082.44000000,0.3013
1749260736,0.30490000,10419.35000000,0.3013
1749260736,0.30500000,37297.53000000,0.3013
1749260736,0.30510000,2686.75000000,0.3013
1749260736,0.30520000,6783.38000000,0.3013
1749260736,0.30530000,10967.73000000,0.3013
1749260736,0.30540000,36478.38000000,0.3013
1749260736,0.30550000,47390.57000000,0.3013
1749260736,0.30560000,20523.21000000,0.3013
1749260736,0.30570000,96.66000000,0.3013
1749260736,0.30580000,32.69000000,0.3013
1749260736,0.30590000,2085.69000000,0.3013
1749260736,0.30600000,317.84000000,0.3013
1749260736,0.30610000,614.46000000,0.3013
1749260736,0.30620000,11940.32000000,0.3013
1749260736,0.30630000,136.13000000,0.3013
1749260736,0.30640000,2101.25000000,0.3013
1749260736,0.30650000,189.04000000,0.3013
1749260736,0.30660000,10104.63000000,0.3013
1749260736,0.30670000,2085.15000000,0.3013
1749260736,0.30680000,1243.80000000,0.3013
1749260736,0.30690000,370.82000000,0.3013
1749260736,0.30700000,3369.05000000,0.3013
1749260736,0.30710000,175.78000000,0.3013
1749260736,0.30720000,1933.44000000,0.3013
1749260736,0.30730000,2078.37000000,0.3013
1749260736,0.30740000,47331.45000000,0.3013
1749260736,0.30750000,326.58000000,0.3013
1749260736,0.30760000,18601.15000000,0.3013
1749260736,0.30770000,133.92000000,0.3013
1749260736,0.30780000,528.35000000,0.3013
1749260736,0.30790000,3687.91000000,0.3013
1749260736,0.30800000,14133.59000000,0.3013
1749260736,0.30810000,59.76000000,0.3013
1749260736,0.30820000,78.67000000,0.3013
1749260736,0.30830000,1872.86000000,0.3013
1749260736,0.30840000,4385.41000000,0.3013
1749260736,0.30850000,1156.77000000,0.3013
1749260736,0.30860000,33.21000000,0.3013
1749260736,0.30870000,453.43000000,0.3013
1749260736,0.30880000,441.62000000,0.3013
1749260736,0.30890000,197.16000000,0.3013
1749260736,0.30900000,1110.15000000,0.3013
1749260736,0.30910000,138.69000000,0.3013
1749260736,0.30920000,188.00000000,0.3013
1749260736,0.30930000,29760.82000000,0.3013
1749260736,0.30940000,70.64000000,0.3013
1749260736,0.30950000,2017.47000000,0.3013
1749260736,0.30960000,404.35000000,0.3013
1749260736,0.30970000,36.99000000,0.3013
1749260736,0.30980000,11472.72000000,0.3013
1749260736,0.30990000,5007.62000000,0.3013
1749260736,0.31000000,152845.45000000,0.3013
1749260736,0.31010000,7624.07000000,0.3013
1749260736,0.31020000,1365.12000000,0.3013
1749260736,0.31030000,91.42000000,0.3013
1749260736,0.31040000,163.79000000,0.3013
1749260736,0.31050000,465.25000000,0.3013
1749260736,0.31060000,20633.33000000,0.3013
1749260736,0.31070000,142.26000000,0.3013
1749260736,0.31080000,1263.67000000,0.3013
1749260736,0.31090000,6748.61000000,0.3013
1749260736,0.31100000,85.24000000,0.3013
1749260736,0.31110000,97.27000000,0.3013
1749260736,0.31120000,61.27000000,0.3013
1749260736,0.31130000,37.64000000,0.3013
1749261056,0.30090000,26956.47000000,0.3009
1749261056,0.30100000,50813.03000000,0.3009
1749261056,0.30110000,60330.61000000,0.3009
1749261056,0.30120000,93651.39000000,0.3009
1749261056,0.30130000,50857.52000000,0.3009
1749261056,0.30140000,62727.18000000,0.3009
1749261056,0.30150000,64792.73000000,0.3009
1749261056,0.30160000,55572.44000000,0.3009
1749261056,0.30170000,40508.05000000,0.3009
1749261056,0.30180000,34507.25000000,0.3009
1749261056,0.30190000,102747.32000000,0.3009
1749261056,0.30200000,61825.64000000,0.3009
1749261056,0.30210000,55662.85000000,0.3009
1749261056,0.30220000,31995.15000000,0.3009
1749261056,0.30230000,98690.87000000,0.3009
1749261056,0.30240000,52671.68000000,0.3009
1749261056,0.30250000,182906.10000000,0.3009
1749261056,0.30260000,16585.65000000,0.3009
1749261056,0.30270000,32388.52000000,0.3009
1749261056,0.30280000,28375.21000000,0.3009
1749261056,0.30290000,18380.82000000,0.3009
1749261056,0.30300000,148368.09000000,0.3009
1749261056,0.30310000,26386.05000000,0.3009
1749261056,0.30320000,60841.04000000,0.3009
1749261056,0.30330000,10455.43000000,0.3009
1749261056,0.30340000,194850.80000000,0.3009
1749261056,0.30350000,13501.28000000,0.3009
1749261056,0.30360000,13428.35000000,0.3009
1749261056,0.30370000,188890.93000000,0.3009
1749261056,0.30380000,12652.70000000,0.3009
1749261056,0.30390000,26646.29000000,0.3009
1749261056,0.30400000,15789.38000000,0.3009
1749261056,0.30410000,7123.62000000,0.3009
1749261056,0.30420000,13599.58000000,0.3009
1749261056,0.30430000,33151.46000000,0.3009
1749261056,0.30440000,15761.73000000,0.3009
1749261056,0.30450000,9942.58000000,0.3009
1749261056,0.30460000,27635.05000000,0.3009
1749261056,0.30470000,16889.77000000,0.3009
1749261056,0.30480000,6975.59000000,0.3009
1749261056,0.30490000,11616.48000000,0.3009
1749261056,0.30500000,32999.08000000,0.3009
1749261056,0.30510000,2893.62000000,0.3009
1749261056,0.30520000,6432.78000000,0.3009
1749261056,0.30530000,6672.13000000,0.3009
1749261056,0.30540000,32016.53000000,0.3009
1749261056,0.30550000,47390.57000000,0.3009
1749261056,0.30560000,20523.21000000,0.3009
1749261056,0.30570000,509.53000000,0.3009
1749261056,0.30580000,32.69000000,0.3009
1749261056,0.30590000,2085.69000000,0.3009
1749261056,0.30600000,317.84000000,0.3009
1749261056,0.30610000,782.14000000,0.3009
1749261056,0.30620000,2017.28000000,0.3009
1749261056,0.30630000,136.13000000,0.3009
1749261056,0.30640000,2101.25000000,0.3009
1749261056,0.30650000,10189.04000000,0.3009
1749261056,0.30660000,104.63000000,0.3009
1749261056,0.30670000,2085.15000000,0.3009
1749261056,0.30680000,1243.80000000,0.3009
1749261056,0.30690000,370.82000000,0.3009
1749261056,0.30700000,3369.05000000,0.3009
1749261056,0.30710000,175.78000000,0.3009
1749261056,0.30720000,10792.63000000,0.3009
1749261056,0.30730000,2078.37000000,0.3009
1749261056,0.30740000,147.45000000,0.3009
1749261056,0.30750000,48326.08000000,0.3009
1749261056,0.30760000,18601.15000000,0.3009
1749261056,0.30770000,133.92000000,0.3009
1749261056,0.30780000,528.35000000,0.3009
1749261056,0.30790000,2354.11000000,0.3009
1749261056,0.30800000,313.28000000,0.3009
1749261056,0.30810000,59.76000000,0.3009
1749261056,0.30820000,78.67000000,0.3009
1749261056,0.30830000,251.14000000,0.3009
1749261056,0.30840000,4385.41000000,0.3009
1749261056,0.30850000,1123.54000000,0.3009
1749261056,0.30870000,420.23000000,0.3009
1749261056,0.30880000,1742.23000000,0.3009
1749261056,0.30890000,163.98000000,0.3009
1749261056,0.30900000,1110.15000000,0.3009
1749261056,0.30910000,1781.06000000,0.3009
1749261056,0.30920000,188.00000000,0.3009
1749261056,0.30930000,28118.45000000,0.3009
1749261056,0.30940000,70.64000000,0.3009
1749261056,0.30950000,2017.47000000,0.3009
1749261056,0.30960000,2019.09000000,0.3009
1749261056,0.30970000,36.99000000,0.3009
1749261056,0.30980000,11472.72000000,0.3009
1749261056,0.30990000,1866.82000000,0.3009
1749261056,0.31000000,155986.25000000,0.3009
1749261056,0.31010000,7624.07000000,0.3009
1749261056,0.31020000,605.62000000,0.3009
1749261056,0.31030000,91.42000000,0.3009
1749261056,0.31040000,923.29000000,0.3009
1749261056,0.31050000,465.25000000,0.3009
1749261056,0.31060000,20633.33000000,0.3009
1749261056,0.31070000,142.26000000,0.3009
1749261056,0.31080000,1263.67000000,0.3009
1749261056,0.31090000,6748.61000000,0.3009
1749261361,0.30080000,3090.32000000,0.3008
1749261361,0.30090000,43703.96000000,0.3008
1749261361,0.30100000,63257.30000000,0.3008
1749261361,0.30110000,77509.41000000,0.3008
1749261361,0.30120000,66460.70000000,0.3008
1749261361,0.30130000,38427.36000000,0.3008
1749261361,0.30140000,73755.15000000,0.3008
1749261361,0.30150000,62138.64000000,0.3008
1749261361,0.30160000,104158.57000000,0.3008
1749261361,0.30170000,198348.13000000,0.3008
1749261361,0.30180000,44665.10000000,0.3008
1749261361,0.30190000,26978.59000000,0.3008
1749261361,0.30200000,42414.97000000,0.3008
1749261361,0.30210000,43967.00000000,0.3008
1749261361,0.30220000,40819.63000000,0.3008
1749261361,0.30230000,41879.17000000,0.3008
1749261361,0.30240000,142013.34000000,0.3008
1749261361,0.30250000,136065.21000000,0.3008
1749261361,0.30260000,15345.84000000,0.3008
1749261361,0.30270000,18320.07000000,0.3008
1749261361,0.30280000,20855.98000000,0.3008
1749261361,0.30290000,12998.45000000,0.3008
1749261361,0.30300000,13538.55000000,0.3008
1749261361,0.30310000,20434.65000000,0.3008
1749261361,0.30320000,178478.79000000,0.3008
1749261361,0.30330000,231411.63000000,0.3008
1749261361,0.30340000,20979.22000000,0.3008
1749261361,0.30350000,13501.28000000,0.3008
1749261361,0.30360000,10112.16000000,0.3008
1749261361,0.30370000,14495.59000000,0.3008
1749261361,0.30380000,9128.28000000,0.3008
1749261361,0.30390000,10132.01000000,0.3008
1749261361,0.30400000,63826.59000000,0.3008
1749261361,0.30410000,7123.62000000,0.3008
1749261361,0.30420000,10323.82000000,0.3008
1749261361,0.30430000,7464.55000000,0.3008
1749261361,0.30440000,15761.73000000,0.3008
1749261361,0.30450000,7504.18000000,0.3008
1749261361,0.30460000,27633.61000000,0.3008
1749261361,0.30470000,14143.34000000,0.3008
1749261361,0.30480000,6336.01000000,0.3008
1749261361,0.30490000,4575.88000000,0.3008
1749261361,0.30500000,30254.08000000,0.3008
1749261361,0.30510000,148.62000000,0.3008
1749261361,0.30520000,2637.36000000,0.3008
1749261361,0.30530000,6672.13000000,0.3008
1749261361,0.30540000,32016.53000000,0.3008
1749261361,0.30550000,56.57000000,0.3008
1749261361,0.30560000,20523.21000000,0.3008
1749261361,0.30570000,96.66000000,0.3008
1749261361,0.30580000,32.69000000,0.3008
1749261361,0.30590000,12085.69000000,0.3008
1749261361,0.30600000,48486.21000000,0.3008
1749261361,0.30610000,614.46000000,0.3008
1749261361,0.30620000,10814.17000000,0.3008
1749261361,0.30630000,136.13000000,0.3008
1749261361,0.30640000,2101.25000000,0.3008
1749261361,0.30650000,189.04000000,0.3008
1749261361,0.30660000,104.63000000,0.3008
1749261361,0.30670000,2085.15000000,0.3008
1749261361,0.30680000,1243.80000000,0.3008
1749261361,0.30690000,370.82000000,0.3008
1749261361,0.30700000,3369.05000000,0.3008
1749261361,0.30710000,2480.04000000,0.3008
1749261361,0.30720000,1933.44000000,0.3008
1749261361,0.30730000,94.57000000,0.3008
1749261361,0.30740000,147.45000000,0.3008
1749261361,0.30750000,326.58000000,0.3008
1749261361,0.30760000,18601.15000000,0.3008
1749261361,0.30770000,133.93000000,0.3008
1749261361,0.30780000,528.35000000,0.3008
1749261361,0.30790000,49.85000000,0.3008
1749261361,0.30800000,1647.09000000,0.3008
1749261361,0.30810000,1682.56000000,0.3008
1749261361,0.30820000,78.67000000,0.3008
1749261361,0.30830000,251.14000000,0.3008
1749261361,0.30840000,4352.17000000,0.3008
1749261361,0.30850000,1123.54000000,0.3008
1749261361,0.30870000,420.23000000,0.3008
1749261361,0.30880000,408.43000000,0.3008
1749261361,0.30890000,163.98000000,0.3008
1749261361,0.30900000,1110.15000000,0.3008
1749261361,0.30910000,1781.06000000,0.3008
1749261361,0.30920000,188.00000000,0.3008
1749261361,0.30930000,28118.45000000,0.3008
1749261361,0.30940000,70.64000000,0.3008
1749261361,0.30950000,2017.47000000,0.3008
1749261361,0.30960000,404.35000000,0.3008
1749261361,0.30970000,36.99000000,0.3008
1749261361,0.30980000,11472.72000000,0.3008
1749261361,0.30990000,2286.58000000,0.3008
1749261361,0.31000000,155986.25000000,0.3008
1749261361,0.31010000,7624.07000000,0.3008
1749261361,0.31020000,605.62000000,0.3008
1749261361,0.31030000,91.42000000,0.3008
1749261361,0.31040000,923.29000000,0.3008
1749261361,0.31050000,465.25000000,0.3008
1749261361,0.31060000,20633.33000000,0.3008
1749261361,0.31070000,142.26000000,0.3008
1749261361,0.31080000,1263.67000000,0.3008
1749261662,0.30110000,4990.29000000,0.301
1749261662,0.30120000,37454.10000000,0.301
1749261662,0.30130000,47682.28000000,0.301
1749261662,0.30140000,66055.00000000,0.301
1749261662,0.30150000,81192.95000000,0.301
1749261662,0.30160000,79022.77000000,0.301
1749261662,0.30170000,48390.02000000,0.301
1749261662,0.30180000,63846.29000000,0.301
1749261662,0.30190000,114279.98000000,0.301
1749261662,0.30200000,102631.54000000,0.301
1749261662,0.30210000,134711.11000000,0.301
1749261662,0.30220000,23579.45000000,0.301
1749261662,0.30230000,74774.15000000,0.301
1749261662,0.30240000,148988.93000000,0.301
1749261662,0.30250000,76959.27000000,0.301
1749261662,0.30260000,22326.07000000,0.301
1749261662,0.30270000,47687.18000000,0.301
1749261662,0.30280000,16002.90000000,0.301
1749261662,0.30290000,23202.88000000,0.301
1749261662,0.30300000,13576.55000000,0.301
1749261662,0.30310000,20434.65000000,0.301
1749261662,0.30320000,62266.73000000,0.301
1749261662,0.30330000,36116.07000000,0.301
1749261662,0.30340000,17663.03000000,0.301
1749261662,0.30350000,14272.25000000,0.301
1749261662,0.30360000,181257.52000000,0.301
1749261662,0.30370000,17811.78000000,0.301
1749261662,0.30380000,183742.30000000,0.301
1749261662,0.30390000,10132.01000000,0.301
1749261662,0.30400000,63826.59000000,0.301
1749261662,0.30410000,7123.62000000,0.301
1749261662,0.30420000,31027.25000000,0.301
1749261662,0.30430000,7464.55000000,0.301
1749261662,0.30440000,15761.73000000,0.301
1749261662,0.30450000,7504.18000000,0.301
1749261662,0.30460000,27633.61000000,0.301
1749261662,0.30470000,16888.34000000,0.301
1749261662,0.30480000,9081.01000000,0.301
1749261662,0.30490000,11622.19000000,0.301
1749261662,0.30500000,37315.77000000,0.301
1749261662,0.30510000,4447.07000000,0.301
1749261662,0.30520000,2655.46000000,0.301
1749261662,0.30530000,6672.13000000,0.301
1749261662,0.30540000,32016.53000000,0.301
1749261662,0.30550000,56.57000000,0.301
1749261662,0.30560000,20523.21000000,0.301
1749261662,0.30570000,96.66000000,0.301
1749261662,0.30580000,32.69000000,0.301
1749261662,0.30590000,2085.69000000,0.301
1749261662,0.30600000,48486.21000000,0.301
1749261662,0.30610000,614.46000000,0.301
1749261662,0.30620000,10814.17000000,0.301
1749261662,0.30630000,10136.13000000,0.301
1749261662,0.30640000,2101.25000000,0.301
1749261662,0.30650000,189.04000000,0.301
1749261662,0.30660000,104.63000000,0.301
1749261662,0.30670000,2085.15000000,0.301
1749261662,0.30680000,1263.35000000,0.301
1749261662,0.30690000,370.82000000,0.301
1749261662,0.30700000,3369.05000000,0.301
1749261662,0.30710000,175.78000000,0.301
1749261662,0.30720000,1933.44000000,0.301
1749261662,0.30730000,94.57000000,0.301
1749261662,0.30740000,147.45000000,0.301
1749261662,0.30750000,326.58000000,0.301
1749261662,0.30760000,18601.15000000,0.301
1749261662,0.30770000,133.93000000,0.301
1749261662,0.30780000,528.35000000,0.301
1749261662,0.30790000,2354.11000000,0.301
1749261662,0.30800000,1647.09000000,0.301
1749261662,0.30810000,1682.56000000,0.301
1749261662,0.30820000,78.67000000,0.301
1749261662,0.30830000,251.14000000,0.301
1749261662,0.30840000,4385.41000000,0.301
1749261662,0.30850000,1156.77000000,0.301
1749261662,0.30860000,33.21000000,0.301
1749261662,0.30870000,420.23000000,0.301
1749261662,0.30880000,408.43000000,0.301
1749261662,0.30890000,163.98000000,0.301
1749261662,0.30900000,1110.15000000,0.301
1749261662,0.30910000,1781.06000000,0.301
1749261662,0.30920000,188.00000000,0.301
1749261662,0.30930000,28118.45000000,0.301
1749261662,0.30940000,70.64000000,0.301
1749261662,0.30950000,2017.47000000,0.301
1749261662,0.30960000,404.35000000,0.301
1749261662,0.30970000,36.99000000,0.301
1749261662,0.30980000,11472.72000000,0.301
1749261662,0.30990000,2286.58000000,0.301
1749261662,0.31000000,155986.25000000,0.301
1749261662,0.31010000,7624.07000000,0.301
1749261662,0.31020000,605.62000000,0.301
1749261662,0.31030000,91.42000000,0.301
1749261662,0.31040000,923.29000000,0.301
1749261662,0.31050000,465.25000000,0.301
1749261662,0.31060000,20633.33000000,0.301
1749261662,0.31070000,142.26000000,0.301
1749261662,0.31080000,1263.67000000,0.301
1749261662,0.31090000,6748.61000000,0.301
1749261662,0.31100000,108.98000000,0.301
1749261974,0.30020000,16197.50000000,0.3001
1749261974,0.30030000,59305.17000000,0.3001
1749261974,0.30040000,52809.42000000,0.3001
1749261974,0.30050000,103449.77000000,0.3001
1749261974,0.30060000,78619.20000000,0.3001
1749261974,0.30070000,59934.11000000,0.3001
1749261974,0.30080000,102543.27000000,0.3001
1749261974,0.30090000,103819.20000000,0.3001
1749261974,0.30100000,169206.27000000,0.3001
1749261974,0.30110000,38131.11000000,0.3001
1749261974,0.30120000,23047.52000000,0.3001
1749261974,0.30130000,27651.18000000,0.3001
1749261974,0.30140000,102735.18000000,0.3001
1749261974,0.30150000,35617.77000000,0.3001
1749261974,0.30160000,52566.56000000,0.3001
1749261974,0.30170000,195618.91000000,0.3001
1749261974,0.30180000,181276.92000000,0.3001
1749261974,0.30190000,32750.22000000,0.3001
1749261974,0.30200000,32074.49000000,0.3001
1749261974,0.30210000,27477.48000000,0.3001
1749261974,0.30220000,16578.95000000,0.3001
1749261974,0.30230000,21594.50000000,0.3001
1749261974,0.30240000,13104.24000000,0.3001
1749261974,0.30250000,72968.40000000,0.3001
1749261974,0.30260000,16098.61000000,0.3001
1749261974,0.30270000,15421.20000000,0.3001
1749261974,0.30280000,186012.26000000,0.3001
1749261974,0.30290000,16325.68000000,0.3001
1749261974,0.30300000,13558.35000000,0.3001
1749261974,0.30310000,191862.33000000,0.3001
1749261974,0.30320000,14501.73000000,0.3001
1749261974,0.30330000,39647.66000000,0.3001
1749261974,0.30340000,17663.03000000,0.3001
1749261974,0.30350000,28113.82000000,0.3001
1749261974,0.30360000,10112.16000000,0.3001
1749261974,0.30370000,14495.59000000,0.3001
1749261974,0.30380000,9128.28000000,0.3001
1749261974,0.30390000,10132.01000000,0.3001
1749261974,0.30400000,16279.59000000,0.3001
1749261974,0.30410000,7155.69000000,0.3001
1749261974,0.30420000,10323.82000000,0.3001
1749261974,0.30430000,3156.08000000,0.3001
1749261974,0.30440000,11453.26000000,0.3001
1749261974,0.30450000,47961.14000000,0.3001
1749261974,0.30460000,20584.44000000,0.3001
1749261974,0.30470000,8240.60000000,0.3001
1749261974,0.30480000,2016.60000000,0.3001
1749261974,0.30490000,3375.90000000,0.3001
1749261974,0.30500000,11847.65000000,0.3001
1749261974,0.30510000,148.62000000,0.3001
1749261974,0.30520000,2637.36000000,0.3001
1749261974,0.30530000,6672.13000000,0.3001
1749261974,0.30540000,32016.53000000,0.3001
1749261974,0.30550000,56.57000000,0.3001
1749261974,0.30560000,20523.21000000,0.3001
1749261974,0.30570000,10096.66000000,0.3001
1749261974,0.30580000,238.25000000,0.3001
1749261974,0.30590000,2085.69000000,0.3001
1749261974,0.30600000,48848.69000000,0.3001
1749261974,0.30610000,614.46000000,0.3001
1749261974,0.30620000,10814.17000000,0.3001
1749261974,0.30630000,136.13000000,0.3001
1749261974,0.30640000,2101.25000000,0.3001
1749261974,0.30650000,189.04000000,0.3001
1749261974,0.30660000,104.63000000,0.3001
1749261974,0.30670000,2085.15000000,0.3001
1749261974,0.30680000,1263.35000000,0.3001
1749261974,0.30690000,370.82000000,0.3001
1749261974,0.30700000,5673.31000000,0.3001
1749261974,0.30710000,175.78000000,0.3001
1749261974,0.30720000,1933.44000000,0.3001
1749261974,0.30730000,94.57000000,0.3001
1749261974,0.30740000,147.45000000,0.3001
1749261974,0.30750000,326.58000000,0.3001
1749261974,0.30760000,18601.13000000,0.3001
1749261974,0.30770000,133.94000000,0.3001
1749261974,0.30780000,495.05000000,0.3001
1749261974,0.30790000,16.56000000,0.3001
1749261974,0.30800000,1613.80000000,0.3001
1749261974,0.30810000,1649.29000000,0.3001
1749261974,0.30820000,45.41000000,0.3001
1749261974,0.30830000,217.89000000,0.3001
1749261974,0.30840000,4352.17000000,0.3001
1749261974,0.30850000,1123.54000000,0.3001
1749261974,0.30870000,420.23000000,0.3001
1749261974,0.30880000,408.43000000,0.3001
1749261974,0.30890000,163.98000000,0.3001
1749261974,0.30900000,1110.15000000,0.3001
1749261974,0.30910000,1781.06000000,0.3001
1749261974,0.30920000,188.00000000,0.3001
1749261974,0.30930000,28118.45000000,0.3001
1749261974,0.30940000,70.64000000,0.3001
1749261974,0.30950000,2017.47000000,0.3001
1749261974,0.30960000,404.35000000,0.3001
1749261974,0.30970000,36.99000000,0.3001
1749261974,0.30980000,11472.72000000,0.3001
1749261974,0.30990000,2441.04000000,0.3001
1749261974,0.31000000,155986.25000000,0.3001
1749261974,0.31010000,7624.07000000,0.3001
1749261974,0.31020000,605.62000000,0.3001
1749262275,0.30110000,3873.56000000,0.3011
1749262275,0.30120000,39666.38000000,0.3011
1749262275,0.30130000,32348.94000000,0.3011
1749262275,0.30140000,78128.24000000,0.3011
1749262275,0.30150000,195879.15000000,0.3011
1749262275,0.30160000,138521.97000000,0.3011
1749262275,0.30170000,92105.77000000,0.3011
1749262275,0.30180000,40318.91000000,0.3011
1749262275,0.30190000,50195.61000000,0.3011
1749262275,0.30200000,95599.68000000,0.3011
1749262275,0.30210000,211125.08000000,0.3011
1749262275,0.30220000,16603.86000000,0.3011
1749262275,0.30230000,165585.22000000,0.3011
1749262275,0.30240000,36051.82000000,0.3011
1749262275,0.30250000,91781.47000000,0.3011
1749262275,0.30260000,22624.69000000,0.3011
1749262275,0.30270000,15421.20000000,0.3011
1749262275,0.30280000,16888.06000000,0.3011
1749262275,0.30290000,12998.45000000,0.3011
1749262275,0.30300000,20880.69000000,0.3011
1749262275,0.30310000,20434.65000000,0.3011
1749262275,0.30320000,14501.73000000,0.3011
1749262275,0.30330000,36116.07000000,0.3011
1749262275,0.30340000,17663.03000000,0.3011
1749262275,0.30350000,10448.75000000,0.3011
1749262275,0.30360000,10112.16000000,0.3011
1749262275,0.30370000,360000.84000000,0.3011
1749262275,0.30380000,12662.54000000,0.3011
1749262275,0.30390000,27785.88000000,0.3011
1749262275,0.30400000,16279.59000000,0.3011
1749262275,0.30410000,7155.69000000,0.3011
1749262275,0.30420000,10326.70000000,0.3011
1749262275,0.30430000,7465.99000000,0.3011
1749262275,0.30440000,15761.73000000,0.3011
1749262275,0.30450000,55013.18000000,0.3011
1749262275,0.30460000,27635.05000000,0.3011
1749262275,0.30470000,15286.91000000,0.3011
1749262275,0.30480000,6336.01000000,0.3011
1749262275,0.30490000,6802.07000000,0.3011
1749262275,0.30500000,16146.10000000,0.3011
1749262275,0.30510000,4447.07000000,0.3011
1749262275,0.30520000,2637.36000000,0.3011
1749262275,0.30530000,6672.13000000,0.3011
1749262275,0.30540000,32016.53000000,0.3011
1749262275,0.30550000,56.57000000,0.3011
1749262275,0.30560000,20523.21000000,0.3011
1749262275,0.30570000,96.66000000,0.3011
1749262275,0.30580000,238.25000000,0.3011
1749262275,0.30590000,2085.69000000,0.3011
1749262275,0.30600000,48848.69000000,0.3011
1749262275,0.30610000,614.46000000,0.3011
1749262275,0.30620000,10814.17000000,0.3011
1749262275,0.30630000,136.13000000,0.3011
1749262275,0.30640000,2101.25000000,0.3011
1749262275,0.30650000,10189.04000000,0.3011
1749262275,0.30660000,104.63000000,0.3011
1749262275,0.30670000,2085.15000000,0.3011
1749262275,0.30680000,1263.35000000,0.3011
1749262275,0.30690000,370.82000000,0.3011
1749262275,0.30700000,3369.05000000,0.3011
1749262275,0.30710000,175.78000000,0.3011
1749262275,0.30720000,1933.44000000,0.3011
1749262275,0.30730000,94.57000000,0.3011
1749262275,0.30740000,147.45000000,0.3011
1749262275,0.30750000,326.58000000,0.3011
1749262275,0.30760000,18601.13000000,0.3011
1749262275,0.30770000,133.94000000,0.3011
1749262275,0.30780000,2832.61000000,0.3011
1749262275,0.30790000,49.85000000,0.3011
1749262275,0.30800000,1647.07000000,0.3011
1749262275,0.30810000,1682.56000000,0.3011
1749262275,0.30820000,78.67000000,0.3011
1749262275,0.30830000,251.13000000,0.3011
1749262275,0.30840000,4385.41000000,0.3011
1749262275,0.30850000,1156.75000000,0.3011
1749262275,0.30860000,33.21000000,0.3011
1749262275,0.30870000,420.23000000,0.3011
1749262275,0.30880000,408.43000000,0.3011
1749262275,0.30890000,163.98000000,0.3011
1749262275,0.30900000,1110.15000000,0.3011
1749262275,0.30910000,1781.06000000,0.3011
1749262275,0.30920000,188.00000000,0.3011
1749262275,0.30930000,28118.45000000,0.3011
1749262275,0.30940000,70.64000000,0.3011
1749262275,0.30950000,2017.47000000,0.3011
1749262275,0.30960000,404.35000000,0.3011
1749262275,0.30970000,36.99000000,0.3011
1749262275,0.30980000,11472.72000000,0.3011
1749262275,0.30990000,2441.04000000,0.3011
1749262275,0.31000000,155563.36000000,0.3011
1749262275,0.31010000,7624.07000000,0.3011
1749262275,0.31020000,605.62000000,0.3011
1749262275,0.31030000,91.42000000,0.3011
1749262275,0.31040000,923.29000000,0.3011
1749262275,0.31050000,465.25000000,0.3011
1749262275,0.31060000,20633.33000000,0.3011
1749262275,0.31070000,142.26000000,0.3011
1749262275,0.31080000,1263.67000000,0.3011
1749262275,0.31090000,6748.61000000,0.3011
1749262275,0.31100000,108.98000000,0.3011
1749262577,0.30240000,25432.12000000,0.3024
1749262577,0.30250000,38779.54000000,0.3024
1749262577,0.30260000,74219.45000000,0.3024
1749262577,0.30270000,67900.57000000,0.3024
1749262577,0.30280000,90453.79000000,0.3024
1749262577,0.30290000,92803.60000000,0.3024
1749262577,0.30300000,113530.84000000,0.3024
1749262577,0.30310000,161767.76000000,0.3024
1749262577,0.30320000,111610.62000000,0.3024
1749262577,0.30330000,133519.38000000,0.3024
1749262577,0.30340000,33183.03000000,0.3024
1749262577,0.30350000,20456.08000000,0.3024
1749262577,0.30360000,28518.72000000,0.3024
1749262577,0.30370000,44857.59000000,0.3024
1749262577,0.30380000,192560.25000000,0.3024
1749262577,0.30390000,39506.29000000,0.3024
1749262577,0.30400000,42153.37000000,0.3024
1749262577,0.30410000,36147.50000000,0.3024
1749262577,0.30420000,16890.06000000,0.3024
1749262577,0.30430000,7490.81000000,0.3024
1749262577,0.30440000,24026.27000000,0.3024
1749262577,0.30450000,7504.18000000,0.3024
1749262577,0.30460000,29235.04000000,0.3024
1749262577,0.30470000,18593.24000000,0.3024
1749262577,0.30480000,183076.67000000,0.3024
1749262577,0.30490000,185515.77000000,0.3024
1749262577,0.30500000,28881.10000000,0.3024
1749262577,0.30510000,7992.07000000,0.3024
1749262577,0.30520000,26311.98000000,0.3024
1749262577,0.30530000,14124.17000000,0.3024
1749262577,0.30540000,39055.70000000,0.3024
1749262577,0.30550000,7092.89000000,0.3024
1749262577,0.30560000,27577.53000000,0.3024
1749262577,0.30570000,7131.56000000,0.3024
1749262577,0.30580000,7271.73000000,0.3024
1749262577,0.30590000,9116.33000000,0.3024
1749262577,0.30600000,52170.54000000,0.3024
1749262577,0.30610000,4898.68000000,0.3024
1749262577,0.30620000,6301.50000000,0.3024
1749262577,0.30630000,4417.51000000,0.3024
1749262577,0.30640000,3157.08000000,0.3024
1749262577,0.30650000,189.04000000,0.3024
1749262577,0.30660000,104.63000000,0.3024
1749262577,0.30670000,2085.15000000,0.3024
1749262577,0.30680000,1431.03000000,0.3024
1749262577,0.30690000,370.82000000,0.3024
1749262577,0.30700000,3369.05000000,0.3024
1749262577,0.30710000,175.78000000,0.3024
1749262577,0.30720000,10864.30000000,0.3024
1749262577,0.30730000,1070.71000000,0.3024
1749262577,0.30740000,147.45000000,0.3024
1749262577,0.30750000,326.58000000,0.3024
1749262577,0.30760000,18601.13000000,0.3024
1749262577,0.30770000,10133.94000000,0.3024
1749262577,0.30780000,528.35000000,0.3024
1749262577,0.30790000,49.85000000,0.3024
1749262577,0.30800000,47393.27000000,0.3024
1749262577,0.30810000,59.76000000,0.3024
1749262577,0.30820000,78.67000000,0.3024
1749262577,0.30830000,251.13000000,0.3024
1749262577,0.30840000,4385.41000000,0.3024
1749262577,0.30850000,1156.75000000,0.3024
1749262577,0.30860000,2337.47000000,0.3024
1749262577,0.30870000,453.42000000,0.3024
1749262577,0.30880000,441.62000000,0.3024
1749262577,0.30890000,1530.96000000,0.3024
1749262577,0.30900000,1143.32000000,0.3024
1749262577,0.30910000,171.85000000,0.3024
1749262577,0.30920000,221.15000000,0.3024
1749262577,0.30930000,28151.59000000,0.3024
1749262577,0.30940000,1719.58000000,0.3024
1749262577,0.30950000,2050.59000000,0.3024
1749262577,0.30960000,437.45000000,0.3024
1749262577,0.30970000,70.09000000,0.3024
1749262577,0.30980000,11505.80000000,0.3024
1749262577,0.30990000,4116.49000000,0.3024
1749262577,0.31000000,152422.56000000,0.3024
1749262577,0.31010000,7624.07000000,0.3024
1749262577,0.31020000,605.62000000,0.3024
1749262577,0.31030000,91.42000000,0.3024
1749262577,0.31040000,163.79000000,0.3024
1749262577,0.31050000,465.25000000,0.3024
1749262577,0.31060000,20633.33000000,0.3024
1749262577,0.31070000,142.26000000,0.3024
1749262577,0.31080000,4404.47000000,0.3024
1749262577,0.31090000,6748.61000000,0.3024
1749262577,0.31100000,108.98000000,0.3024
1749262577,0.31110000,97.27000000,0.3024
1749262577,0.31120000,820.77000000,0.3024
1749262577,0.31130000,37.64000000,0.3024
1749262577,0.31140000,893.91000000,0.3024
1749262577,0.31150000,16671.47000000,0.3024
1749262577,0.31160000,109.07000000,0.3024
1749262577,0.31170000,255.37000000,0.3024
1749262577,0.31180000,18.84000000,0.3024
1749262577,0.31190000,2721.27000000,0.3024
1749262577,0.31200000,154778.47000000,0.3024
1749262577,0.31210000,185.41000000,0.3024
1749262577,0.31220000,148.05000000,0.3024
1749262577,0.31230000,17215.22000000,0.3024
1749262882,0.30090000,29870.55000000,0.3009
1749262882,0.30100000,57228.38000000,0.3009
1749262882,0.30110000,60704.64000000,0.3009
1749262882,0.30120000,58150.77000000,0.3009
1749262882,0.30130000,111330.16000000,0.3009
1749262882,0.30140000,48185.16000000,0.3009
1749262882,0.30150000,83855.44000000,0.3009
1749262882,0.30160000,117682.13000000,0.3009
1749262882,0.30170000,49745.56000000,0.3009
1749262882,0.30180000,122073.30000000,0.3009
1749262882,0.30190000,52253.59000000,0.3009
1749262882,0.30200000,123197.20000000,0.3009
1749262882,0.30210000,68017.95000000,0.3009
1749262882,0.30220000,31591.14000000,0.3009
1749262882,0.30230000,71598.07000000,0.3009
1749262882,0.30240000,25383.45000000,0.3009
1749262882,0.30250000,107331.09000000,0.3009
1749262882,0.30260000,27261.23000000,0.3009
1749262882,0.30270000,28835.65000000,0.3009
1749262882,0.30280000,142306.21000000,0.3009
1749262882,0.30290000,20008.62000000,0.3009
1749262882,0.30300000,24461.35000000,0.3009
1749262882,0.30310000,202827.93000000,0.3009
1749262882,0.30320000,21782.48000000,0.3009
1749262882,0.30330000,10455.43000000,0.3009
1749262882,0.30340000,23234.43000000,0.3009
1749262882,0.30350000,184703.03000000,0.3009
1749262882,0.30360000,18357.24000000,0.3009
1749262882,0.30370000,20446.99000000,0.3009
1749262882,0.30380000,183662.24000000,0.3009
1749262882,0.30390000,26293.48000000,0.3009
1749262882,0.30400000,41220.69000000,0.3009
1749262882,0.30410000,10486.86000000,0.3009
1749262882,0.30420000,10920.56000000,0.3009
1749262882,0.30430000,7490.81000000,0.3009
1749262882,0.30440000,19092.87000000,0.3009
1749262882,0.30450000,7504.18000000,0.3009
1749262882,0.30460000,29235.04000000,0.3009
1749262882,0.30470000,18593.24000000,0.3009
1749262882,0.30480000,9081.01000000,0.3009
1749262882,0.30490000,11772.89000000,0.3009
1749262882,0.30500000,24582.65000000,0.3009
1749262882,0.30510000,3693.62000000,0.3009
1749262882,0.30520000,5232.78000000,0.3009
1749262882,0.30530000,9830.00000000,0.3009
1749262882,0.30540000,32016.53000000,0.3009
1749262882,0.30550000,56.57000000,0.3009
1749262882,0.30560000,20541.21000000,0.3009
1749262882,0.30570000,96.66000000,0.3009
1749262882,0.30580000,238.25000000,0.3009
1749262882,0.30590000,2253.37000000,0.3009
1749262882,0.30600000,47868.32000000,0.3009
1749262882,0.30610000,614.46000000,0.3009
1749262882,0.30620000,12017.28000000,0.3009
1749262882,0.30630000,136.13000000,0.3009
1749262882,0.30640000,2101.25000000,0.3009
1749262882,0.30650000,189.04000000,0.3009
1749262882,0.30660000,104.63000000,0.3009
1749262882,0.30670000,2085.15000000,0.3009
1749262882,0.30680000,1263.35000000,0.3009
1749262882,0.30690000,370.82000000,0.3009
1749262882,0.30700000,3369.05000000,0.3009
1749262882,0.30710000,175.78000000,0.3009
1749262882,0.30720000,27127.30000000,0.3009
1749262882,0.30730000,1070.71000000,0.3009
1749262882,0.30740000,147.45000000,0.3009
1749262882,0.30750000,47027.58000000,0.3009
1749262882,0.30760000,18601.13000000,0.3009
1749262882,0.30770000,133.94000000,0.3009
1749262882,0.30780000,2832.61000000,0.3009
1749262882,0.30790000,49.85000000,0.3009
1749262882,0.30800000,313.27000000,0.3009
1749262882,0.30810000,59.76000000,0.3009
1749262882,0.30820000,78.67000000,0.3009
1749262882,0.30830000,251.13000000,0.3009
1749262882,0.30840000,4385.41000000,0.3009
1749262882,0.30850000,1123.54000000,0.3009
1749262882,0.30870000,420.23000000,0.3009
1749262882,0.30880000,408.43000000,0.3009
1749262882,0.30890000,1497.78000000,0.3009
1749262882,0.30900000,1110.15000000,0.3009
1749262882,0.30910000,138.69000000,0.3009
1749262882,0.30920000,188.00000000,0.3009
1749262882,0.30930000,28118.45000000,0.3009
1749262882,0.30940000,1686.45000000,0.3009
1749262882,0.30950000,2017.47000000,0.3009
1749262882,0.30960000,404.35000000,0.3009
1749262882,0.30970000,36.99000000,0.3009
1749262882,0.30980000,11472.72000000,0.3009
1749262882,0.30990000,4083.41000000,0.3009
1749262882,0.31000000,152422.56000000,0.3009
1749262882,0.31010000,7624.07000000,0.3009
1749262882,0.31020000,605.62000000,0.3009
1749262882,0.31030000,91.42000000,0.3009
1749262882,0.31040000,163.79000000,0.3009
1749262882,0.31050000,465.25000000,0.3009
1749262882,0.31060000,20633.33000000,0.3009
1749262882,0.31070000,142.26000000,0.3009
1749262882,0.31080000,4404.47000000,0.3009
1749262882,0.31090000,6748.61000000,0.3009
1749263184,0.30180000,30169.32000000,0.3018
1749263184,0.30190000,66331.19000000,0.3018
1749263184,0.30200000,60204.72000000,0.3018
1749263184,0.30210000,105532.00000000,0.3018
1749263184,0.30220000,93219.45000000,0.3018
1749263184,0.30230000,76368.09000000,0.3018
1749263184,0.30240000,124017.41000000,0.3018
1749263184,0.30250000,60083.38000000,0.3018
1749263184,0.30260000,37986.60000000,0.3018
1749263184,0.30270000,100745.14000000,0.3018
1749263184,0.30280000,127023.44000000,0.3018
1749263184,0.30290000,25374.07000000,0.3018
1749263184,0.30300000,31886.45000000,0.3018
1749263184,0.30310000,66266.27000000,0.3018
1749263184,0.30320000,150425.12000000,0.3018
1749263184,0.30330000,38962.77000000,0.3018
1749263184,0.30340000,35140.83000000,0.3018
1749263184,0.30350000,19452.68000000,0.3018
1749263184,0.30360000,146284.53000000,0.3018
1749263184,0.30370000,20446.99000000,0.3018
1749263184,0.30380000,63649.98000000,0.3018
1749263184,0.30390000,13438.34000000,0.3018
1749263184,0.30400000,41220.69000000,0.3018
1749263184,0.30410000,11257.83000000,0.3018
1749263184,0.30420000,10920.56000000,0.3018
1749263184,0.30430000,181561.97000000,0.3018
1749263184,0.30440000,19092.87000000,0.3018
1749263184,0.30450000,7504.18000000,0.3018
1749263184,0.30460000,199818.53000000,0.3018
1749263184,0.30470000,18593.24000000,0.3018
1749263184,0.30480000,12592.41000000,0.3018
1749263184,0.30490000,11772.89000000,0.3018
1749263184,0.30500000,47480.15000000,0.3018
1749263184,0.30510000,7992.07000000,0.3018
1749263184,0.30520000,9529.80000000,0.3018
1749263184,0.30530000,13714.15000000,0.3018
1749263184,0.30540000,39055.70000000,0.3018
1749263184,0.30550000,7094.32000000,0.3018
1749263184,0.30560000,27577.53000000,0.3018
1749263184,0.30570000,7131.56000000,0.3018
1749263184,0.30580000,4526.73000000,0.3018
1749263184,0.30590000,2085.69000000,0.3018
1749263184,0.30600000,47886.32000000,0.3018
1749263184,0.30610000,614.46000000,0.3018
1749263184,0.30620000,2017.28000000,0.3018
1749263184,0.30630000,136.13000000,0.3018
1749263184,0.30640000,2101.25000000,0.3018
1749263184,0.30650000,189.04000000,0.3018
1749263184,0.30660000,104.63000000,0.3018
1749263184,0.30670000,2252.83000000,0.3018
1749263184,0.30680000,1263.35000000,0.3018
1749263184,0.30690000,370.82000000,0.3018
1749263184,0.30700000,3781.92000000,0.3018
1749263184,0.30710000,175.78000000,0.3018
1749263184,0.30720000,27127.30000000,0.3018
1749263184,0.30730000,1070.71000000,0.3018
1749263184,0.30740000,10147.45000000,0.3018
1749263184,0.30750000,47027.58000000,0.3018
1749263184,0.30760000,18601.13000000,0.3018
1749263184,0.30770000,133.94000000,0.3018
1749263184,0.30780000,528.35000000,0.3018
1749263184,0.30790000,49.85000000,0.3018
1749263184,0.30800000,313.27000000,0.3018
1749263184,0.30810000,59.76000000,0.3018
1749263184,0.30820000,78.67000000,0.3018
1749263184,0.30830000,251.13000000,0.3018
1749263184,0.30840000,4385.41000000,0.3018
1749263184,0.30850000,1156.77000000,0.3018
1749263184,0.30860000,2337.47000000,0.3018
1749263184,0.30870000,453.43000000,0.3018
1749263184,0.30880000,441.63000000,0.3018
1749263184,0.30890000,1530.96000000,0.3018
1749263184,0.30900000,1143.32000000,0.3018
1749263184,0.30910000,171.85000000,0.3018
1749263184,0.30920000,221.15000000,0.3018
1749263184,0.30930000,28151.59000000,0.3018
1749263184,0.30940000,1686.45000000,0.3018
1749263184,0.30950000,2017.47000000,0.3018
1749263184,0.30960000,404.35000000,0.3018
1749263184,0.30970000,36.99000000,0.3018
1749263184,0.30980000,6622.63000000,0.3018
1749263184,0.30990000,8933.50000000,0.3018
1749263184,0.31000000,152422.56000000,0.3018
1749263184,0.31010000,7624.07000000,0.3018
1749263184,0.31020000,605.62000000,0.3018
1749263184,0.31030000,91.42000000,0.3018
1749263184,0.31040000,163.79000000,0.3018
1749263184,0.31050000,465.25000000,0.3018
1749263184,0.31060000,20633.33000000,0.3018
1749263184,0.31070000,142.26000000,0.3018
1749263184,0.31080000,4404.47000000,0.3018
1749263184,0.31090000,6748.61000000,0.3018
1749263184,0.31100000,108.98000000,0.3018
1749263184,0.31110000,97.27000000,0.3018
1749263184,0.31120000,820.77000000,0.3018
1749263184,0.31130000,37.64000000,0.3018
1749263184,0.31140000,893.91000000,0.3018
1749263184,0.31150000,16671.47000000,0.3018
1749263184,0.31160000,109.07000000,0.3018
1749263184,0.31170000,255.37000000,0.3018
1749263490,0.30120000,39738.98000000,0.3011
1749263490,0.30130000,51999.95000000,0.3011
1749263490,0.30140000,65141.37000000,0.3011
1749263490,0.30150000,91942.28000000,0.3011
1749263490,0.30160000,86818.87000000,0.3011
1749263490,0.30170000,129034.75000000,0.3011
1749263490,0.30180000,133635.39000000,0.3011
1749263490,0.30190000,86388.52000000,0.3011
1749263490,0.30200000,54319.52000000,0.3011
1749263490,0.30210000,32171.71000000,0.3011
1749263490,0.30220000,112183.63000000,0.3011
1749263490,0.30230000,48843.63000000,0.3011
1749263490,0.30240000,25244.47000000,0.3011
1749263490,0.30250000,68782.22000000,0.3011
1749263490,0.30260000,52837.23000000,0.3011
1749263490,0.30270000,50326.69000000,0.3011
1749263490,0.30280000,107775.68000000,0.3011
1749263490,0.30290000,24706.39000000,0.3011
1749263490,0.30300000,130236.79000000,0.3011
1749263490,0.30310000,75185.54000000,0.3011
1749263490,0.30320000,21224.10000000,0.3011
1749263490,0.30330000,23448.05000000,0.3011
1749263490,0.30340000,23252.63000000,0.3011
1749263490,0.30350000,148236.56000000,0.3011
1749263490,0.30360000,15037.74000000,0.3011
1749263490,0.30370000,194855.50000000,0.3011
1749263490,0.30380000,56980.28000000,0.3011
1749263490,0.30390000,184414.75000000,0.3011
1749263490,0.30400000,15866.72000000,0.3011
1749263490,0.30410000,10486.86000000,0.3011
1749263490,0.30420000,10920.56000000,0.3011
1749263490,0.30430000,11050.74000000,0.3011
1749263490,0.30440000,19092.87000000,0.3011
1749263490,0.30450000,25273.97000000,0.3011
1749263490,0.30460000,29235.04000000,0.3011
1749263490,0.30470000,18593.24000000,0.3011
1749263490,0.30480000,34434.98000000,0.3011
1749263490,0.30490000,11772.89000000,0.3011
1749263490,0.30500000,28882.53000000,0.3011
1749263490,0.30510000,7992.07000000,0.3011
1749263490,0.30520000,9529.80000000,0.3011
1749263490,0.30530000,9830.00000000,0.3011
1749263490,0.30540000,34761.53000000,0.3011
1749263490,0.30550000,56.57000000,0.3011
1749263490,0.30560000,2169.71000000,0.3011
1749263490,0.30570000,96.66000000,0.3011
1749263490,0.30580000,238.25000000,0.3011
1749263490,0.30590000,2253.37000000,0.3011
1749263490,0.30600000,47868.32000000,0.3011
1749263490,0.30610000,614.46000000,0.3011
1749263490,0.30620000,2017.28000000,0.3011
1749263490,0.30630000,136.13000000,0.3011
1749263490,0.30640000,2101.25000000,0.3011
1749263490,0.30650000,189.04000000,0.3011
1749263490,0.30660000,104.63000000,0.3011
1749263490,0.30670000,12085.15000000,0.3011
1749263490,0.30680000,1263.35000000,0.3011
1749263490,0.30690000,370.82000000,0.3011
1749263490,0.30700000,3369.05000000,0.3011
1749263490,0.30710000,175.78000000,0.3011
1749263490,0.30720000,27127.30000000,0.3011
1749263490,0.30730000,1070.71000000,0.3011
1749263490,0.30740000,18518.95000000,0.3011
1749263490,0.30750000,326.58000000,0.3011
1749263490,0.30760000,18601.13000000,0.3011
1749263490,0.30770000,133.94000000,0.3011
1749263490,0.30780000,528.35000000,0.3011
1749263490,0.30790000,49.85000000,0.3011
1749263490,0.30800000,313.27000000,0.3011
1749263490,0.30810000,59.76000000,0.3011
1749263490,0.30820000,78.67000000,0.3011
1749263490,0.30830000,251.13000000,0.3011
1749263490,0.30840000,4385.41000000,0.3011
1749263490,0.30850000,1156.77000000,0.3011
1749263490,0.30860000,2337.47000000,0.3011
1749263490,0.30870000,453.43000000,0.3011
1749263490,0.30880000,408.43000000,0.3011
1749263490,0.30890000,1497.78000000,0.3011
1749263490,0.30900000,1110.15000000,0.3011
1749263490,0.30910000,138.69000000,0.3011
1749263490,0.30920000,188.00000000,0.3011
1749263490,0.30930000,28118.45000000,0.3011
1749263490,0.30940000,1686.45000000,0.3011
1749263490,0.30950000,2017.47000000,0.3011
1749263490,0.30960000,404.35000000,0.3011
1749263490,0.30970000,36.99000000,0.3011
1749263490,0.30980000,6622.63000000,0.3011
1749263490,0.30990000,8933.50000000,0.3011
1749263490,0.31000000,144026.77000000,0.3011
1749263490,0.31010000,7624.07000000,0.3011
1749263490,0.31020000,605.62000000,0.3011
1749263490,0.31030000,91.42000000,0.3011
1749263490,0.31040000,163.79000000,0.3011
1749263490,0.31050000,465.25000000,0.3011
1749263490,0.31060000,20633.33000000,0.3011
1749263490,0.31070000,142.26000000,0.3011
1749263490,0.31080000,4404.47000000,0.3011
1749263490,0.31090000,6748.61000000,0.3011
1749263490,0.31100000,108.98000000,0.3011
1749263490,0.31110000,97.27000000,0.3011
1749263797,0.30160000,43932.23000000,0.3015
1749263797,0.30170000,64027.07000000,0.3015
1749263797,0.30180000,53130.97000000,0.3015
1749263797,0.30190000,92362.56000000,0.3015
1749263797,0.30200000,131653.96000000,0.3015
1749263797,0.30210000,154851.95000000,0.3015
1749263797,0.30220000,52355.52000000,0.3015
1749263797,0.30230000,27849.25000000,0.3015
1749263797,0.30240000,60536.06000000,0.3015
1749263797,0.30250000,192715.21000000,0.3015
1749263797,0.30260000,139976.64000000,0.3015
1749263797,0.30270000,40908.28000000,0.3015
1749263797,0.30280000,79241.08000000,0.3015
1749263797,0.30290000,159978.56000000,0.3015
1749263797,0.30300000,32738.26000000,0.3015
1749263797,0.30310000,74303.89000000,0.3015
1749263797,0.30320000,45512.15000000,0.3015
1749263797,0.30330000,31318.09000000,0.3015
1749263797,0.30340000,31108.71000000,0.3015
1749263797,0.30350000,19452.68000000,0.3015
1749263797,0.30360000,15037.74000000,0.3015
1749263797,0.30370000,20446.99000000,0.3015
1749263797,0.30380000,34482.25000000,0.3015
1749263797,0.30390000,13438.34000000,0.3015
1749263797,0.30400000,15866.72000000,0.3015
1749263797,0.30410000,10486.86000000,0.3015
1749263797,0.30420000,355854.54000000,0.3015
1749263797,0.30430000,11050.74000000,0.3015
1749263797,0.30440000,19092.87000000,0.3015
1749263797,0.30450000,20362.90000000,0.3015
1749263797,0.30460000,29235.04000000,0.3015
1749263797,0.30470000,18593.24000000,0.3015
1749263797,0.30480000,9081.01000000,0.3015
1749263797,0.30490000,11772.89000000,0.3015
1749263797,0.30500000,28882.53000000,0.3015
1749263797,0.30510000,7992.07000000,0.3015
1749263797,0.30520000,9529.80000000,0.3015
1749263797,0.30530000,14125.60000000,0.3015
1749263797,0.30540000,39055.70000000,0.3015
1749263797,0.30550000,7094.32000000,0.3015
1749263797,0.30560000,9206.03000000,0.3015
1749263797,0.30570000,4386.56000000,0.3015
1749263797,0.30580000,238.25000000,0.3015
1749263797,0.30590000,2253.37000000,0.3015
1749263797,0.30600000,47868.32000000,0.3015
1749263797,0.30610000,614.46000000,0.3015
1749263797,0.30620000,2017.28000000,0.3015
1749263797,0.30630000,136.13000000,0.3015
1749263797,0.30640000,2101.25000000,0.3015
1749263797,0.30650000,189.04000000,0.3015
1749263797,0.30660000,104.63000000,0.3015
1749263797,0.30670000,12085.15000000,0.3015
1749263797,0.30680000,89.95000000,0.3015
1749263797,0.30690000,370.82000000,0.3015
1749263797,0.30700000,3369.05000000,0.3015
1749263797,0.30710000,175.78000000,0.3015
1749263797,0.30720000,27127.30000000,0.3015
1749263797,0.30730000,48292.71000000,0.3015
1749263797,0.30740000,18518.95000000,0.3015
1749263797,0.30750000,326.58000000,0.3015
1749263797,0.30760000,18601.13000000,0.3015
1749263797,0.30770000,133.94000000,0.3015
1749263797,0.30780000,528.35000000,0.3015
1749263797,0.30790000,49.85000000,0.3015
1749263797,0.30800000,313.27000000,0.3015
1749263797,0.30810000,59.76000000,0.3015
1749263797,0.30820000,52.71000000,0.3015
1749263797,0.30830000,251.13000000,0.3015
1749263797,0.30840000,4385.41000000,0.3015
1749263797,0.30850000,2324.63000000,0.3015
1749263797,0.30860000,2337.47000000,0.3015
1749263797,0.30870000,453.43000000,0.3015
1749263797,0.30880000,441.62000000,0.3015
1749263797,0.30890000,1530.96000000,0.3015
1749263797,0.30900000,1143.31000000,0.3015
1749263797,0.30910000,145.97000000,0.3015
1749263797,0.30920000,188.00000000,0.3015
1749263797,0.30930000,28118.45000000,0.3015
1749263797,0.30940000,1686.45000000,0.3015
1749263797,0.30950000,2017.47000000,0.3015
1749263797,0.30960000,404.35000000,0.3015
1749263797,0.30970000,36.99000000,0.3015
1749263797,0.30980000,6622.63000000,0.3015
1749263797,0.30990000,8933.50000000,0.3015
1749263797,0.31000000,144026.77000000,0.3015
1749263797,0.31010000,7624.07000000,0.3015
1749263797,0.31020000,605.62000000,0.3015
1749263797,0.31030000,91.42000000,0.3015
1749263797,0.31040000,163.79000000,0.3015
1749263797,0.31050000,465.25000000,0.3015
1749263797,0.31060000,20633.33000000,0.3015
1749263797,0.31070000,142.26000000,0.3015
1749263797,0.31080000,4404.47000000,0.3015
1749263797,0.31090000,6722.88000000,0.3015
1749263797,0.31100000,108.98000000,0.3015
1749263797,0.31110000,97.27000000,0.3015
1749263797,0.31120000,820.77000000,0.3015
1749263797,0.31130000,37.64000000,0.3015
1749263797,0.31140000,893.91000000,0.3015
1749263797,0.31150000,16671.47000000,0.3015
1749264099,0.30170000,15161.55000000,0.3017
1749264099,0.30180000,44160.80000000,0.3017
1749264099,0.30190000,33624.46000000,0.3017
1749264099,0.30200000,56069.00000000,0.3017
1749264099,0.30210000,89109.64000000,0.3017
1749264099,0.30220000,78291.26000000,0.3017
1749264099,0.30230000,53382.32000000,0.3017
1749264099,0.30240000,126429.03000000,0.3017
1749264099,0.30250000,112815.57000000,0.3017
1749264099,0.30260000,27512.78000000,0.3017
1749264099,0.30270000,29103.26000000,0.3017
1749264099,0.30280000,50909.60000000,0.3017
1749264099,0.30290000,24203.01000000,0.3017
1749264099,0.30300000,135238.06000000,0.3017
1749264099,0.30310000,86212.03000000,0.3017
1749264099,0.30320000,32442.07000000,0.3017
1749264099,0.30330000,41176.39000000,0.3017
1749264099,0.30340000,152036.51000000,0.3017
1749264099,0.30350000,29152.06000000,0.3017
1749264099,0.30360000,16625.91000000,0.3017
1749264099,0.30370000,25380.39000000,0.3017
1749264099,0.30380000,9128.28000000,0.3017
1749264099,0.30390000,13438.34000000,0.3017
1749264099,0.30400000,15866.72000000,0.3017
1749264099,0.30410000,182121.79000000,0.3017
1749264099,0.30420000,185046.75000000,0.3017
1749264099,0.30430000,31444.48000000,0.3017
1749264099,0.30440000,19092.87000000,0.3017
1749264099,0.30450000,7528.99000000,0.3017
1749264099,0.30460000,54589.01000000,0.3017
1749264099,0.30470000,17057.89000000,0.3017
1749264099,0.30480000,9081.01000000,0.3017
1749264099,0.30490000,11772.89000000,0.3017
1749264099,0.30500000,18892.53000000,0.3017
1749264099,0.30510000,7992.07000000,0.3017
1749264099,0.30520000,9529.80000000,0.3017
1749264099,0.30530000,13712.73000000,0.3017
1749264099,0.30540000,39470.00000000,0.3017
1749264099,0.30550000,7094.32000000,0.3017
1749264099,0.30560000,24832.53000000,0.3017
1749264099,0.30570000,5923.33000000,0.3017
1749264099,0.30580000,238.25000000,0.3017
1749264099,0.30590000,2253.37000000,0.3017
1749264099,0.30600000,47868.32000000,0.3017
1749264099,0.30610000,614.46000000,0.3017
1749264099,0.30620000,2017.28000000,0.3017
1749264099,0.30630000,136.13000000,0.3017
1749264099,0.30640000,2101.25000000,0.3017
1749264099,0.30650000,189.04000000,0.3017
1749264099,0.30660000,104.63000000,0.3017
1749264099,0.30670000,2085.15000000,0.3017
1749264099,0.30680000,89.95000000,0.3017
1749264099,0.30690000,370.82000000,0.3017
1749264099,0.30700000,13369.05000000,0.3017
1749264099,0.30710000,175.78000000,0.3017
1749264099,0.30720000,27127.30000000,0.3017
1749264099,0.30730000,49936.71000000,0.3017
1749264099,0.30740000,147.45000000,0.3017
1749264099,0.30750000,326.58000000,0.3017
1749264099,0.30760000,18601.13000000,0.3017
1749264099,0.30770000,133.94000000,0.3017
1749264099,0.30780000,528.35000000,0.3017
1749264099,0.30790000,49.85000000,0.3017
1749264099,0.30800000,313.27000000,0.3017
1749264099,0.30810000,59.76000000,0.3017
1749264099,0.30820000,52.71000000,0.3017
1749264099,0.30830000,251.13000000,0.3017
1749264099,0.30840000,4385.41000000,0.3017
1749264099,0.30850000,2324.63000000,0.3017
1749264099,0.30860000,2337.47000000,0.3017
1749264099,0.30870000,453.43000000,0.3017
1749264099,0.30880000,441.62000000,0.3017
1749264099,0.30890000,1530.97000000,0.3017
1749264099,0.30900000,1143.32000000,0.3017
1749264099,0.30910000,145.97000000,0.3017
1749264099,0.30920000,221.16000000,0.3017
1749264099,0.30930000,28118.45000000,0.3017
1749264099,0.30940000,1686.45000000,0.3017
1749264099,0.30950000,2017.47000000,0.3017
1749264099,0.30960000,404.35000000,0.3017
1749264099,0.30970000,36.99000000,0.3017
1749264099,0.30980000,6622.63000000,0.3017
1749264099,0.30990000,8724.39000000,0.3017
1749264099,0.31000000,144026.77000000,0.3017
1749264099,0.31010000,7624.07000000,0.3017
1749264099,0.31020000,605.62000000,0.3017
1749264099,0.31030000,91.42000000,0.3017
1749264099,0.31040000,163.79000000,0.3017
1749264099,0.31050000,465.25000000,0.3017
1749264099,0.31060000,20633.33000000,0.3017
1749264099,0.31070000,142.26000000,0.3017
1749264099,0.31080000,4404.47000000,0.3017
1749264099,0.31090000,6722.88000000,0.3017
1749264099,0.31100000,108.98000000,0.3017
1749264099,0.31110000,97.27000000,0.3017
1749264099,0.31120000,820.77000000,0.3017
1749264099,0.31130000,37.64000000,0.3017
1749264099,0.31140000,893.91000000,0.3017
1749264099,0.31150000,16671.47000000,0.3017
1749264099,0.31160000,109.07000000,0.3017
1749264405,0.30140000,22355.43000000,0.3014
1749264405,0.30150000,56002.42000000,0.3014
1749264405,0.30160000,56553.54000000,0.3014
1749264405,0.30170000,113017.00000000,0.3014
1749264405,0.30180000,98924.24000000,0.3014
1749264405,0.30190000,50442.03000000,0.3014
1749264405,0.30200000,38135.54000000,0.3014
1749264405,0.30210000,46387.51000000,0.3014
1749264405,0.30220000,50233.11000000,0.3014
1749264405,0.30230000,25365.76000000,0.3014
1749264405,0.30240000,25266.23000000,0.3014
1749264405,0.30250000,116874.46000000,0.3014
1749264405,0.30260000,212758.73000000,0.3014
1749264405,0.30270000,45689.49000000,0.3014
1749264405,0.30280000,184404.09000000,0.3014
1749264405,0.30290000,32764.46000000,0.3014
1749264405,0.30300000,44185.22000000,0.3014
1749264405,0.30310000,82934.08000000,0.3014
1749264405,0.30320000,33359.38000000,0.3014
1749264405,0.30330000,17287.05000000,0.3014
1749264405,0.30340000,32081.97000000,0.3014
1749264405,0.30350000,19452.68000000,0.3014
1749264405,0.30360000,9086.34000000,0.3014
1749264405,0.30370000,14495.59000000,0.3014
1749264405,0.30380000,9128.28000000,0.3014
1749264405,0.30390000,13438.34000000,0.3014
1749264405,0.30400000,190105.29000000,0.3014
1749264405,0.30410000,11257.83000000,0.3014
1749264405,0.30420000,202230.44000000,0.3014
1749264405,0.30430000,10972.35000000,0.3014
1749264405,0.30440000,19092.87000000,0.3014
1749264405,0.30450000,7528.99000000,0.3014
1749264405,0.30460000,54589.01000000,0.3014
1749264405,0.30470000,17057.89000000,0.3014
1749264405,0.30480000,9081.01000000,0.3014
1749264405,0.30490000,11772.89000000,0.3014
1749264405,0.30500000,18892.53000000,0.3014
1749264405,0.30510000,7993.50000000,0.3014
1749264405,0.30520000,9529.80000000,0.3014
1749264405,0.30530000,13712.73000000,0.3014
1749264405,0.30540000,36723.57000000,0.3014
1749264405,0.30550000,56.57000000,0.3014
1749264405,0.30560000,20541.21000000,0.3014
1749264405,0.30570000,1632.01000000,0.3014
1749264405,0.30580000,238.25000000,0.3014
1749264405,0.30590000,2253.37000000,0.3014
1749264405,0.30600000,51139.56000000,0.3014
1749264405,0.30610000,614.46000000,0.3014
1749264405,0.30620000,2017.28000000,0.3014
1749264405,0.30630000,136.13000000,0.3014
1749264405,0.30640000,2101.25000000,0.3014
1749264405,0.30650000,189.04000000,0.3014
1749264405,0.30660000,104.63000000,0.3014
1749264405,0.30670000,2085.15000000,0.3014
1749264405,0.30680000,89.95000000,0.3014
1749264405,0.30690000,10370.82000000,0.3014
1749264405,0.30700000,3369.05000000,0.3014
1749264405,0.30710000,175.78000000,0.3014
1749264405,0.30720000,76105.30000000,0.3014
1749264405,0.30730000,1070.71000000,0.3014
1749264405,0.30740000,147.45000000,0.3014
1749264405,0.30750000,326.58000000,0.3014
1749264405,0.30760000,18601.13000000,0.3014
1749264405,0.30770000,133.94000000,0.3014
1749264405,0.30780000,2832.61000000,0.3014
1749264405,0.30790000,49.85000000,0.3014
1749264405,0.30800000,313.27000000,0.3014
1749264405,0.30810000,59.76000000,0.3014
1749264405,0.30820000,52.71000000,0.3014
1749264405,0.30830000,251.13000000,0.3014
1749264405,0.30840000,4385.41000000,0.3014
1749264405,0.30850000,2324.63000000,0.3014
1749264405,0.30860000,33.23000000,0.3014
1749264405,0.30870000,453.43000000,0.3014
1749264405,0.30880000,441.62000000,0.3014
1749264405,0.30890000,1530.96000000,0.3014
1749264405,0.30900000,1110.15000000,0.3014
1749264405,0.30910000,112.81000000,0.3014
1749264405,0.30920000,188.00000000,0.3014
1749264405,0.30930000,28118.45000000,0.3014
1749264405,0.30940000,1686.45000000,0.3014
1749264405,0.30950000,2017.47000000,0.3014
1749264405,0.30960000,404.35000000,0.3014
1749264405,0.30970000,36.99000000,0.3014
1749264405,0.30980000,6622.63000000,0.3014
1749264405,0.30990000,8724.39000000,0.3014
1749264405,0.31000000,144026.77000000,0.3014
1749264405,0.31010000,7624.07000000,0.3014
1749264405,0.31020000,605.62000000,0.3014
1749264405,0.31030000,91.42000000,0.3014
1749264405,0.31040000,163.79000000,0.3014
1749264405,0.31050000,465.25000000,0.3014
1749264405,0.31060000,20633.33000000,0.3014
1749264405,0.31070000,142.26000000,0.3014
1749264405,0.31080000,4404.47000000,0.3014
1749264405,0.31090000,6722.88000000,0.3014
1749264405,0.31100000,108.98000000,0.3014
1749264405,0.31110000,97.27000000,0.3014
1749264405,0.31120000,820.77000000,0.3014
1749264405,0.31130000,37.64000000,0.3014
1749264707,0.30150000,2464.48000000,0.3015
1749264707,0.30160000,47917.66000000,0.3015
1749264707,0.30170000,55809.25000000,0.3015
1749264707,0.30180000,71246.22000000,0.3015
1749264707,0.30190000,118692.61000000,0.3015
1749264707,0.30200000,117126.36000000,0.3015
1749264707,0.30210000,152640.68000000,0.3015
1749264707,0.30220000,110876.76000000,0.3015
1749264707,0.30230000,21797.94000000,0.3015
1749264707,0.30240000,104499.31000000,0.3015
1749264707,0.30250000,41931.52000000,0.3015
1749264707,0.30260000,131534.45000000,0.3015
1749264707,0.30270000,46968.96000000,0.3015
1749264707,0.30280000,176685.80000000,0.3015
1749264707,0.30290000,20552.22000000,0.3015
1749264707,0.30300000,24794.68000000,0.3015
1749264707,0.30310000,26386.05000000,0.3015
1749264707,0.30320000,29304.55000000,0.3015
1749264707,0.30330000,26901.79000000,0.3015
1749264707,0.30340000,23252.63000000,0.3015
1749264707,0.30350000,19452.68000000,0.3015
1749264707,0.30360000,34440.31000000,0.3015
1749264707,0.30370000,14495.59000000,0.3015
1749264707,0.30380000,58626.28000000,0.3015
1749264707,0.30390000,13438.34000000,0.3015
1749264707,0.30400000,186786.89000000,0.3015
1749264707,0.30410000,14572.93000000,0.3015
1749264707,0.30420000,181728.35000000,0.3015
1749264707,0.30430000,10972.35000000,0.3015
1749264707,0.30440000,19092.87000000,0.3015
1749264707,0.30450000,7528.99000000,0.3015
1749264707,0.30460000,48267.68000000,0.3015
1749264707,0.30470000,17057.89000000,0.3015
1749264707,0.30480000,9081.01000000,0.3015
1749264707,0.30490000,11772.89000000,0.3015
1749264707,0.30500000,18892.53000000,0.3015
1749264707,0.30510000,7993.50000000,0.3015
1749264707,0.30520000,9529.80000000,0.3015
1749264707,0.30530000,13712.73000000,0.3015
1749264707,0.30540000,37936.82000000,0.3015
1749264707,0.30550000,7092.90000000,0.3015
1749264707,0.30560000,23286.21000000,0.3015
1749264707,0.30570000,1632.01000000,0.3015
1749264707,0.30580000,238.25000000,0.3015
1749264707,0.30590000,2253.37000000,0.3015
1749264707,0.30600000,51139.56000000,0.3015
1749264707,0.30610000,614.46000000,0.3015
1749264707,0.30620000,2017.28000000,0.3015
1749264707,0.30630000,136.13000000,0.3015
1749264707,0.30640000,2101.25000000,0.3015
1749264707,0.30650000,189.04000000,0.3015
1749264707,0.30660000,104.63000000,0.3015
1749264707,0.30670000,2085.15000000,0.3015
1749264707,0.30680000,89.95000000,0.3015
1749264707,0.30690000,10370.82000000,0.3015
1749264707,0.30700000,3369.05000000,0.3015
1749264707,0.30710000,175.78000000,0.3015
1749264707,0.30720000,76105.30000000,0.3015
1749264707,0.30730000,1070.71000000,0.3015
1749264707,0.30740000,147.45000000,0.3015
1749264707,0.30750000,326.58000000,0.3015
1749264707,0.30760000,18601.13000000,0.3015
1749264707,0.30770000,133.94000000,0.3015
1749264707,0.30780000,16652.92000000,0.3015
1749264707,0.30790000,49.85000000,0.3015
1749264707,0.30800000,313.27000000,0.3015
1749264707,0.30810000,59.76000000,0.3015
1749264707,0.30820000,52.71000000,0.3015
1749264707,0.30830000,251.13000000,0.3015
1749264707,0.30840000,4385.41000000,0.3015
1749264707,0.30850000,2324.63000000,0.3015
1749264707,0.30860000,33.23000000,0.3015
1749264707,0.30870000,453.43000000,0.3015
1749264707,0.30880000,441.62000000,0.3015
1749264707,0.30890000,1530.96000000,0.3015
1749264707,0.30900000,1143.32000000,0.3015
1749264707,0.30910000,112.81000000,0.3015
1749264707,0.30920000,188.00000000,0.3015
1749264707,0.30930000,28118.45000000,0.3015
1749264707,0.30940000,1686.45000000,0.3015
1749264707,0.30950000,2017.47000000,0.3015
1749264707,0.30960000,404.35000000,0.3015
1749264707,0.30970000,36.99000000,0.3015
1749264707,0.30980000,6622.63000000,0.3015
1749264707,0.30990000,8724.39000000,0.3015
1749264707,0.31000000,144146.12000000,0.3015
1749264707,0.31010000,7624.07000000,0.3015
1749264707,0.31020000,605.62000000,0.3015
1749264707,0.31030000,91.42000000,0.3015
1749264707,0.31040000,163.79000000,0.3015
1749264707,0.31050000,465.25000000,0.3015
1749264707,0.31060000,20633.33000000,0.3015
1749264707,0.31070000,142.26000000,0.3015
1749264707,0.31080000,4404.47000000,0.3015
1749264707,0.31090000,6722.88000000,0.3015
1749264707,0.31100000,108.98000000,0.3015
1749264707,0.31110000,97.27000000,0.3015
1749264707,0.31120000,820.77000000,0.3015
1749264707,0.31130000,37.64000000,0.3015
1749264707,0.31140000,893.91000000,0.3015
1749265009,0.30270000,38962.55000000,0.3027
1749265009,0.30280000,41839.37000000,0.3027
1749265009,0.30290000,71877.70000000,0.3027
1749265009,0.30300000,84961.17000000,0.3027
1749265009,0.30310000,53131.42000000,0.3027
1749265009,0.30320000,54253.17000000,0.3027
1749265009,0.30330000,115826.67000000,0.3027
1749265009,0.30340000,137984.51000000,0.3027
1749265009,0.30350000,110539.72000000,0.3027
1749265009,0.30360000,35622.40000000,0.3027
1749265009,0.30370000,35071.72000000,0.3027
1749265009,0.30380000,143902.94000000,0.3027
1749265009,0.30390000,34113.42000000,0.3027
1749265009,0.30400000,28477.95000000,0.3027
1749265009,0.30410000,25381.56000000,0.3027
1749265009,0.30420000,41900.50000000,0.3027
1749265009,0.30430000,169326.94000000,0.3027
1749265009,0.30440000,32861.71000000,0.3027
1749265009,0.30450000,69085.20000000,0.3027
1749265009,0.30460000,30252.62000000,0.3027
1749265009,0.30470000,22016.08000000,0.3027
1749265009,0.30480000,10119.28000000,0.3027
1749265009,0.30490000,11368.63000000,0.3027
1749265009,0.30500000,22223.63000000,0.3027
1749265009,0.30510000,7193.50000000,0.3027
1749265009,0.30520000,378695.15000000,0.3027
1749265009,0.30530000,21594.53000000,0.3027
1749265009,0.30540000,37523.95000000,0.3027
1749265009,0.30550000,10968.26000000,0.3027
1749265009,0.30560000,27577.53000000,0.3027
1749265009,0.30570000,29132.54000000,0.3027
1749265009,0.30580000,8444.77000000,0.3027
1749265009,0.30590000,15730.41000000,0.3027
1749265009,0.30600000,58188.20000000,0.3027
1749265009,0.30610000,7643.68000000,0.3027
1749265009,0.30620000,9457.95000000,0.3027
1749265009,0.30630000,8362.53000000,0.3027
1749265009,0.30640000,7892.41000000,0.3027
1749265009,0.30650000,13825.25000000,0.3027
1749265009,0.30660000,4381.76000000,0.3027
1749265009,0.30670000,6359.46000000,0.3027
1749265009,0.30680000,1707.94000000,0.3027
1749265009,0.30690000,370.82000000,0.3027
1749265009,0.30700000,3369.05000000,0.3027
1749265009,0.30710000,175.78000000,0.3027
1749265009,0.30720000,67174.44000000,0.3027
1749265009,0.30730000,94.57000000,0.3027
1749265009,0.30740000,147.45000000,0.3027
1749265009,0.30750000,494.26000000,0.3027
1749265009,0.30760000,18601.13000000,0.3027
1749265009,0.30770000,133.94000000,0.3027
1749265009,0.30780000,17748.66000000,0.3027
1749265009,0.30790000,49.85000000,0.3027
1749265009,0.30800000,313.27000000,0.3027
1749265009,0.30810000,10059.76000000,0.3027
1749265009,0.30820000,8754.99000000,0.3027
1749265009,0.30830000,251.13000000,0.3027
1749265009,0.30840000,4385.41000000,0.3027
1749265009,0.30850000,2324.63000000,0.3027
1749265009,0.30860000,1005.18000000,0.3027
1749265009,0.30870000,453.43000000,0.3027
1749265009,0.30880000,441.62000000,0.3027
1749265009,0.30890000,197.16000000,0.3027
1749265009,0.30900000,1162.73000000,0.3027
1749265009,0.30910000,145.97000000,0.3027
1749265009,0.30920000,221.15000000,0.3027
1749265009,0.30930000,28151.59000000,0.3027
1749265009,0.30940000,103.77000000,0.3027
1749265009,0.30950000,4354.85000000,0.3027
1749265009,0.30960000,437.45000000,0.3027
1749265009,0.30970000,1403.88000000,0.3027
1749265009,0.30980000,6655.70000000,0.3027
1749265009,0.30990000,6540.87000000,0.3027
1749265009,0.31000000,144179.18000000,0.3027
1749265009,0.31010000,7657.12000000,0.3027
1749265009,0.31020000,638.66000000,0.3027
1749265009,0.31030000,91.42000000,0.3027
1749265009,0.31040000,163.79000000,0.3027
1749265009,0.31050000,465.25000000,0.3027
1749265009,0.31060000,20633.33000000,0.3027
1749265009,0.31070000,3393.50000000,0.3027
1749265009,0.31080000,1263.67000000,0.3027
1749265009,0.31090000,6722.88000000,0.3027
1749265009,0.31100000,108.98000000,0.3027
1749265009,0.31110000,97.27000000,0.3027
1749265009,0.31120000,61.27000000,0.3027
1749265009,0.31130000,37.64000000,0.3027
1749265009,0.31140000,893.91000000,0.3027
1749265009,0.31150000,16671.47000000,0.3027
1749265009,0.31160000,3249.87000000,0.3027
1749265009,0.31170000,255.37000000,0.3027
1749265009,0.31180000,18.84000000,0.3027
1749265009,0.31190000,3504.60000000,0.3027
1749265009,0.31200000,155537.97000000,0.3027
1749265009,0.31210000,153.37000000,0.3027
1749265009,0.31220000,116.02000000,0.3027
1749265009,0.31230000,17215.22000000,0.3027
1749265009,0.31240000,66.64000000,0.3027
1749265009,0.31250000,232.19000000,0.3027
1749265009,0.31260000,82.85000000,0.3027
1749265310,0.30150000,2454.33000000,0.3015
1749265310,0.30160000,36478.50000000,0.3015
1749265310,0.30170000,35910.02000000,0.3015
1749265310,0.30180000,55788.25000000,0.3015
1749265310,0.30190000,79240.84000000,0.3015
1749265310,0.30200000,39165.61000000,0.3015
1749265310,0.30210000,54439.46000000,0.3015
1749265310,0.30220000,50511.69000000,0.3015
1749265310,0.30230000,57741.89000000,0.3015
1749265310,0.30240000,32006.01000000,0.3015
1749265310,0.30250000,35321.06000000,0.3015
1749265310,0.30260000,107882.18000000,0.3015
1749265310,0.30270000,17243.72000000,0.3015
1749265310,0.30280000,46233.72000000,0.3015
1749265310,0.30290000,49209.10000000,0.3015
1749265310,0.30300000,21570.00000000,0.3015
1749265310,0.30310000,108856.89000000,0.3015
1749265310,0.30320000,20001.07000000,0.3015
1749265310,0.30330000,122793.20000000,0.3015
1749265310,0.30340000,49459.43000000,0.3015
1749265310,0.30350000,29262.68000000,0.3015
1749265310,0.30360000,79294.22000000,0.3015
1749265310,0.30370000,148410.80000000,0.3015
1749265310,0.30380000,10734.65000000,0.3015
1749265310,0.30390000,18209.80000000,0.3015
1749265310,0.30400000,186786.89000000,0.3015
1749265310,0.30410000,192617.31000000,0.3015
1749265310,0.30420000,15102.93000000,0.3015
1749265310,0.30430000,20793.65000000,0.3015
1749265310,0.30440000,19092.87000000,0.3015
1749265310,0.30450000,56655.99000000,0.3015
1749265310,0.30460000,28646.35000000,0.3015
1749265310,0.30470000,36736.85000000,0.3015
1749265310,0.30480000,10119.28000000,0.3015
1749265310,0.30490000,10597.66000000,0.3015
1749265310,0.30500000,22223.63000000,0.3015
1749265310,0.30510000,7193.50000000,0.3015
1749265310,0.30520000,34883.77000000,0.3015
1749265310,0.30530000,18032.56000000,0.3015
1749265310,0.30540000,37523.95000000,0.3015
1749265310,0.30550000,10603.92000000,0.3015
1749265310,0.30560000,4914.71000000,0.3015
1749265310,0.30570000,4377.01000000,0.3015
1749265310,0.30580000,4156.29000000,0.3015
1749265310,0.30590000,11443.35000000,0.3015
1749265310,0.30600000,53902.56000000,0.3015
1749265310,0.30610000,3359.46000000,0.3015
1749265310,0.30620000,2430.15000000,0.3015
1749265310,0.30630000,136.13000000,0.3015
1749265310,0.30640000,2101.25000000,0.3015
1749265310,0.30650000,6801.70000000,0.3015
1749265310,0.30660000,104.63000000,0.3015
1749265310,0.30670000,2252.83000000,0.3015
1749265310,0.30680000,89.95000000,0.3015
1749265310,0.30690000,370.82000000,0.3015
1749265310,0.30700000,3369.05000000,0.3015
1749265310,0.30710000,10175.78000000,0.3015
1749265310,0.30720000,27952.32000000,0.3015
1749265310,0.30730000,94.57000000,0.3015
1749265310,0.30740000,147.45000000,0.3015
1749265310,0.30750000,326.58000000,0.3015
1749265310,0.30760000,18601.13000000,0.3015
1749265310,0.30770000,133.94000000,0.3015
1749265310,0.30780000,17748.66000000,0.3015
1749265310,0.30790000,49.85000000,0.3015
1749265310,0.30800000,313.27000000,0.3015
1749265310,0.30810000,59.76000000,0.3015
1749265310,0.30820000,52.71000000,0.3015
1749265310,0.30830000,251.13000000,0.3015
1749265310,0.30840000,4385.41000000,0.3015
1749265310,0.30850000,2324.63000000,0.3015
1749265310,0.30860000,33.23000000,0.3015
1749265310,0.30870000,2757.69000000,0.3015
1749265310,0.30880000,441.62000000,0.3015
1749265310,0.30890000,197.16000000,0.3015
1749265310,0.30900000,1162.73000000,0.3015
1749265310,0.30910000,112.81000000,0.3015
1749265310,0.30920000,188.00000000,0.3015
1749265310,0.30930000,29734.79000000,0.3015
1749265310,0.30940000,70.64000000,0.3015
1749265310,0.30950000,2017.47000000,0.3015
1749265310,0.30960000,404.35000000,0.3015
1749265310,0.30970000,1370.79000000,0.3015
1749265310,0.30980000,6622.63000000,0.3015
1749265310,0.30990000,6507.80000000,0.3015
1749265310,0.31000000,144146.12000000,0.3015
1749265310,0.31010000,7624.07000000,0.3015
1749265310,0.31020000,605.62000000,0.3015
1749265310,0.31030000,91.42000000,0.3015
1749265310,0.31040000,163.79000000,0.3015
1749265310,0.31050000,465.25000000,0.3015
1749265310,0.31060000,20633.33000000,0.3015
1749265310,0.31070000,1784.63000000,0.3015
1749265310,0.31080000,1263.67000000,0.3015
1749265310,0.31090000,6722.88000000,0.3015
1749265310,0.31100000,108.98000000,0.3015
1749265310,0.31110000,97.27000000,0.3015
1749265310,0.31120000,61.27000000,0.3015
1749265310,0.31130000,37.64000000,0.3015
1749265310,0.31140000,893.91000000,0.3015
1749265612,0.30260000,36804.10000000,0.3026
1749265612,0.30270000,72988.08000000,0.3026
1749265612,0.30280000,57309.96000000,0.3026
1749265612,0.30290000,51579.16000000,0.3026
1749265612,0.30300000,56085.32000000,0.3026
1749265612,0.30310000,75972.82000000,0.3026
1749265612,0.30320000,51252.21000000,0.3026
1749265612,0.30330000,60740.74000000,0.3026
1749265612,0.30340000,51232.67000000,0.3026
1749265612,0.30350000,60183.66000000,0.3026
1749265612,0.30360000,117382.06000000,0.3026
1749265612,0.30370000,33623.49000000,0.3026
1749265612,0.30380000,29607.46000000,0.3026
1749265612,0.30390000,121740.41000000,0.3026
1749265612,0.30400000,156451.01000000,0.3026
1749265612,0.30410000,167083.04000000,0.3026
1749265612,0.30420000,22089.09000000,0.3026
1749265612,0.30430000,22303.77000000,0.3026
1749265612,0.30440000,41160.06000000,0.3026
1749265612,0.30450000,14093.89000000,0.3026
1749265612,0.30460000,49845.75000000,0.3026
1749265612,0.30470000,24681.66000000,0.3026
1749265612,0.30480000,58782.28000000,0.3026
1749265612,0.30490000,16549.06000000,0.3026
1749265612,0.30500000,27728.18000000,0.3026
1749265612,0.30510000,10270.78000000,0.3026
1749265612,0.30520000,208460.80000000,0.3026
1749265612,0.30530000,18057.30000000,0.3026
1749265612,0.30540000,37548.68000000,0.3026
1749265612,0.30550000,10603.92000000,0.3026
1749265612,0.30560000,15815.85000000,0.3026
1749265612,0.30570000,9677.51000000,0.3026
1749265612,0.30580000,11927.92000000,0.3026
1749265612,0.30590000,32753.81000000,0.3026
1749265612,0.30600000,58183.94000000,0.3026
1749265612,0.30610000,7642.26000000,0.3026
1749265612,0.30620000,9031.59000000,0.3026
1749265612,0.30630000,7159.68000000,0.3026
1749265612,0.30640000,9141.38000000,0.3026
1749265612,0.30650000,13823.83000000,0.3026
1749265612,0.30660000,2849.63000000,0.3026
1749265612,0.30670000,4830.15000000,0.3026
1749265612,0.30680000,520.82000000,0.3026
1749265612,0.30690000,370.82000000,0.3026
1749265612,0.30700000,3369.05000000,0.3026
1749265612,0.30710000,6788.44000000,0.3026
1749265612,0.30720000,18196.44000000,0.3026
1749265612,0.30730000,94.57000000,0.3026
1749265612,0.30740000,147.45000000,0.3026
1749265612,0.30750000,326.58000000,0.3026
1749265612,0.30760000,18768.81000000,0.3026
1749265612,0.30770000,133.94000000,0.3026
1749265612,0.30780000,17748.66000000,0.3026
1749265612,0.30790000,49.85000000,0.3026
1749265612,0.30800000,313.27000000,0.3026
1749265612,0.30810000,49037.97000000,0.3026
1749265612,0.30820000,8804.10000000,0.3026
1749265612,0.30830000,10251.13000000,0.3026
1749265612,0.30840000,4385.41000000,0.3026
1749265612,0.30850000,3296.90000000,0.3026
1749265612,0.30860000,33.23000000,0.3026
1749265612,0.30870000,453.43000000,0.3026
1749265612,0.30880000,441.62000000,0.3026
1749265612,0.30890000,197.16000000,0.3026
1749265612,0.30900000,1162.73000000,0.3026
1749265612,0.30910000,145.97000000,0.3026
1749265612,0.30920000,221.15000000,0.3026
1749265612,0.30930000,28151.59000000,0.3026
1749265612,0.30940000,103.77000000,0.3026
1749265612,0.30950000,4354.85000000,0.3026
1749265612,0.30960000,437.45000000,0.3026
1749265612,0.30970000,70.08000000,0.3026
1749265612,0.30980000,6655.71000000,0.3026
1749265612,0.30990000,6540.87000000,0.3026
1749265612,0.31000000,144179.18000000,0.3026
1749265612,0.31010000,7657.12000000,0.3026
1749265612,0.31020000,605.62000000,0.3026
1749265612,0.31030000,91.42000000,0.3026
1749265612,0.31040000,163.79000000,0.3026
1749265612,0.31050000,465.25000000,0.3026
1749265612,0.31060000,23576.54000000,0.3026
1749265612,0.31070000,1784.63000000,0.3026
1749265612,0.31080000,1263.67000000,0.3026
1749265612,0.31090000,6722.88000000,0.3026
1749265612,0.31100000,108.98000000,0.3026
1749265612,0.31110000,97.27000000,0.3026
1749265612,0.31120000,61.27000000,0.3026
1749265612,0.31130000,37.64000000,0.3026
1749265612,0.31140000,893.91000000,0.3026
1749265612,0.31150000,16671.47000000,0.3026
1749265612,0.31160000,3249.87000000,0.3026
1749265612,0.31170000,255.37000000,0.3026
1749265612,0.31180000,18.84000000,0.3026
1749265612,0.31190000,3504.60000000,0.3026
1749265612,0.31200000,155537.97000000,0.3026
1749265612,0.31210000,153.37000000,0.3026
1749265612,0.31220000,116.02000000,0.3026
1749265612,0.31230000,17215.22000000,0.3026
1749265612,0.31240000,66.64000000,0.3026
1749265612,0.31250000,232.19000000,0.3026
1749265913,0.30360000,6708.53000000,0.3035
1749265913,0.30370000,21990.32000000,0.3035
1749265913,0.30380000,73973.74000000,0.3035
1749265913,0.30390000,108363.01000000,0.3035
1749265913,0.30400000,126798.75000000,0.3035
1749265913,0.30410000,85285.22000000,0.3035
1749265913,0.30420000,141016.34000000,0.3035
1749265913,0.30430000,125549.14000000,0.3035
1749265913,0.30440000,134871.53000000,0.3035
1749265913,0.30450000,14136.71000000,0.3035
1749265913,0.30460000,177388.90000000,0.3035
1749265913,0.30470000,23034.08000000,0.3035
1749265913,0.30480000,10952.46000000,0.3035
1749265913,0.30490000,50206.31000000,0.3035
1749265913,0.30500000,52532.56000000,0.3035
1749265913,0.30510000,16222.18000000,0.3035
1749265913,0.30520000,58175.04000000,0.3035
1749265913,0.30530000,24008.70000000,0.3035
1749265913,0.30540000,38447.87000000,0.3035
1749265913,0.30550000,65151.04000000,0.3035
1749265913,0.30560000,15840.56000000,0.3035
1749265913,0.30570000,8142.16000000,0.3035
1749265913,0.30580000,8440.51000000,0.3035
1749265913,0.30590000,22270.25000000,0.3035
1749265913,0.30600000,10936.94000000,0.3035
1749265913,0.30610000,180715.76000000,0.3035
1749265913,0.30620000,180520.51000000,0.3035
1749265913,0.30630000,10718.32000000,0.3035
1749265913,0.30640000,33251.27000000,0.3035
1749265913,0.30650000,13823.83000000,0.3035
1749265913,0.30660000,7122.53000000,0.3035
1749265913,0.30670000,9101.63000000,0.3035
1749265913,0.30680000,7535.89000000,0.3035
1749265913,0.30690000,7385.89000000,0.3035
1749265913,0.30700000,10397.92000000,0.3035
1749265913,0.30710000,13799.29000000,0.3035
1749265913,0.30720000,22478.88000000,0.3035
1749265913,0.30730000,1782.87000000,0.3035
1749265913,0.30740000,2122.60000000,0.3035
1749265913,0.30750000,326.58000000,0.3035
1749265913,0.30760000,18768.81000000,0.3035
1749265913,0.30770000,133.94000000,0.3035
1749265913,0.30780000,17748.66000000,0.3035
1749265913,0.30790000,49.85000000,0.3035
1749265913,0.30800000,313.27000000,0.3035
1749265913,0.30810000,49037.97000000,0.3035
1749265913,0.30820000,52.71000000,0.3035
1749265913,0.30830000,251.13000000,0.3035
1749265913,0.30840000,4385.41000000,0.3035
1749265913,0.30850000,3296.90000000,0.3035
1749265913,0.30860000,33.23000000,0.3035
1749265913,0.30870000,453.43000000,0.3035
1749265913,0.30880000,441.62000000,0.3035
1749265913,0.30890000,10197.16000000,0.3035
1749265913,0.30900000,1162.73000000,0.3035
1749265913,0.30910000,145.97000000,0.3035
1749265913,0.30920000,9022.57000000,0.3035
1749265913,0.30930000,28151.59000000,0.3035
1749265913,0.30940000,103.77000000,0.3035
1749265913,0.30950000,52286.85000000,0.3035
1749265913,0.30960000,437.45000000,0.3035
1749265913,0.30970000,70.08000000,0.3035
1749265913,0.30980000,6655.71000000,0.3035
1749265913,0.30990000,6540.87000000,0.3035
1749265913,0.31000000,144339.38000000,0.3035
1749265913,0.31010000,7657.12000000,0.3035
1749265913,0.31020000,638.66000000,0.3035
1749265913,0.31030000,124.45000000,0.3035
1749265913,0.31040000,196.81000000,0.3035
1749265913,0.31050000,498.26000000,0.3035
1749265913,0.31060000,23609.54000000,0.3035
1749265913,0.31070000,175.24000000,0.3035
1749265913,0.31080000,1296.64000000,0.3035
1749265913,0.31090000,6755.84000000,0.3035
1749265913,0.31100000,141.93000000,0.3035
1749265913,0.31110000,130.21000000,0.3035
1749265913,0.31120000,61.27000000,0.3035
1749265913,0.31130000,37.64000000,0.3035
1749265913,0.31140000,893.91000000,0.3035
1749265913,0.31150000,18313.84000000,0.3035
1749265913,0.31160000,109.07000000,0.3035
1749265913,0.31170000,255.37000000,0.3035
1749265913,0.31180000,18.84000000,0.3035
1749265913,0.31190000,3504.60000000,0.3035
1749265913,0.31200000,154778.47000000,0.3035
1749265913,0.31210000,153.37000000,0.3035
1749265913,0.31220000,141.64000000,0.3035
1749265913,0.31230000,781.12000000,0.3035
1749265913,0.31240000,3207.44000000,0.3035
1749265913,0.31250000,232.19000000,0.3035
1749265913,0.31260000,82.85000000,0.3035
1749265913,0.31280000,1080.87000000,0.3035
1749265913,0.31300000,581.73000000,0.3035
1749265913,0.31310000,46.85000000,0.3035
1749265913,0.31320000,557.07000000,0.3035
1749265913,0.31330000,90.46000000,0.3035
1749265913,0.31340000,149.78000000,0.3035
1749265913,0.31350000,19587.39000000,0.3035
1749265913,0.31360000,84.04000000,0.3035
1749265913,0.31370000,63885.18000000,0.3035
1749266215,0.30420000,34039.40000000,0.3041
1749266215,0.30430000,37165.90000000,0.3041
1749266215,0.30440000,60693.56000000,0.3041
1749266215,0.30450000,78045.62000000,0.3041
1749266215,0.30460000,116093.30000000,0.3041
1749266215,0.30470000,101151.61000000,0.3041
1749266215,0.30480000,201711.37000000,0.3041
1749266215,0.30490000,111933.98000000,0.3041
1749266215,0.30500000,58814.10000000,0.3041
1749266215,0.30510000,125331.28000000,0.3041
1749266215,0.30520000,110485.81000000,0.3041
1749266215,0.30530000,45838.34000000,0.3041
1749266215,0.30540000,55955.89000000,0.3041
1749266215,0.30550000,55051.01000000,0.3041
1749266215,0.30560000,128279.32000000,0.3041
1749266215,0.30570000,20027.13000000,0.3041
1749266215,0.30580000,40981.07000000,0.3041
1749266215,0.30590000,59203.29000000,0.3041
1749266215,0.30600000,33070.16000000,0.3041
1749266215,0.30610000,146901.18000000,0.3041
1749266215,0.30620000,22417.10000000,0.3041
1749266215,0.30630000,64828.03000000,0.3041
1749266215,0.30640000,14230.74000000,0.3041
1749266215,0.30650000,19799.87000000,0.3041
1749266215,0.30660000,19895.83000000,0.3041
1749266215,0.30670000,12430.39000000,0.3041
1749266215,0.30680000,378816.71000000,0.3041
1749266215,0.30690000,10692.22000000,0.3041
1749266215,0.30700000,12458.98000000,0.3041
1749266215,0.30710000,17105.62000000,0.3041
1749266215,0.30720000,25223.88000000,0.3041
1749266215,0.30730000,12667.12000000,0.3041
1749266215,0.30740000,11991.56000000,0.3041
1749266215,0.30750000,9326.21000000,0.3041
1749266215,0.30760000,27601.06000000,0.3041
1749266215,0.30770000,9916.57000000,0.3041
1749266215,0.30780000,39293.53000000,0.3041
1749266215,0.30790000,2960.80000000,0.3041
1749266215,0.30800000,3076.17000000,0.3041
1749266215,0.30810000,51782.97000000,0.3041
1749266215,0.30820000,52.71000000,0.3041
1749266215,0.30830000,251.13000000,0.3041
1749266215,0.30840000,7148.31000000,0.3041
1749266215,0.30850000,2324.63000000,0.3041
1749266215,0.30860000,33.23000000,0.3041
1749266215,0.30870000,453.43000000,0.3041
1749266215,0.30880000,441.62000000,0.3041
1749266215,0.30890000,197.16000000,0.3041
1749266215,0.30900000,1162.73000000,0.3041
1749266215,0.30910000,145.97000000,0.3041
1749266215,0.30920000,221.15000000,0.3041
1749266215,0.30930000,28319.27000000,0.3041
1749266215,0.30940000,103.77000000,0.3041
1749266215,0.30950000,49982.59000000,0.3041
1749266215,0.30960000,10437.45000000,0.3041
1749266215,0.30970000,70.08000000,0.3041
1749266215,0.30980000,7623.83000000,0.3041
1749266215,0.30990000,6540.87000000,0.3041
1749266215,0.31000000,144678.75000000,0.3041
1749266215,0.31010000,7657.12000000,0.3041
1749266215,0.31020000,638.66000000,0.3041
1749266215,0.31030000,8881.03000000,0.3041
1749266215,0.31040000,196.81000000,0.3041
1749266215,0.31050000,498.26000000,0.3041
1749266215,0.31060000,20666.33000000,0.3041
1749266215,0.31070000,175.24000000,0.3041
1749266215,0.31080000,1296.64000000,0.3041
1749266215,0.31090000,6755.84000000,0.3041
1749266215,0.31100000,141.93000000,0.3041
1749266215,0.31110000,130.21000000,0.3041
1749266215,0.31120000,2398.46000000,0.3041
1749266215,0.31130000,70.56000000,0.3041
1749266215,0.31140000,2260.62000000,0.3041
1749266215,0.31150000,16704.37000000,0.3041
1749266215,0.31160000,141.96000000,0.3041
1749266215,0.31170000,288.25000000,0.3041
1749266215,0.31180000,18.84000000,0.3041
1749266215,0.31190000,3504.60000000,0.3041
1749266215,0.31200000,156381.00000000,0.3041
1749266215,0.31210000,153.37000000,0.3041
1749266215,0.31220000,141.64000000,0.3041
1749266215,0.31230000,2423.49000000,0.3041
1749266215,0.31240000,66.64000000,0.3041
1749266215,0.31250000,232.19000000,0.3041
1749266215,0.31260000,82.85000000,0.3041
1749266215,0.31280000,321.37000000,0.3041
1749266215,0.31300000,581.73000000,0.3041
1749266215,0.31310000,46.85000000,0.3041
1749266215,0.31320000,3697.87000000,0.3041
1749266215,0.31330000,90.46000000,0.3041
1749266215,0.31340000,149.78000000,0.3041
1749266215,0.31350000,19587.39000000,0.3041
1749266215,0.31360000,843.54000000,0.3041
1749266215,0.31370000,63885.18000000,0.3041
1749266215,0.31380000,1131.60000000,0.3041
1749266215,0.31390000,224.01000000,0.3041
1749266215,0.31400000,3750.93000000,0.3041
1749266215,0.31410000,2545.34000000,0.3041
1749266215,0.31420000,87.38000000,0.3041
1749266215,0.31430000,5116.47000000,0.3041
1749266516,0.30310000,4897.38000000,0.3031
1749266516,0.30320000,46371.71000000,0.3031
1749266516,0.30330000,49403.19000000,0.3031
1749266516,0.30340000,79599.19000000,0.3031
1749266516,0.30350000,54426.99000000,0.3031
1749266516,0.30360000,47152.19000000,0.3031
1749266516,0.30370000,49145.36000000,0.3031
1749266516,0.30380000,50297.18000000,0.3031
1749266516,0.30390000,58892.97000000,0.3031
1749266516,0.30400000,89733.29000000,0.3031
1749266516,0.30410000,28045.86000000,0.3031
1749266516,0.30420000,101430.71000000,0.3031
1749266516,0.30430000,145976.07000000,0.3031
1749266516,0.30440000,23726.71000000,0.3031
1749266516,0.30450000,35861.08000000,0.3031
1749266516,0.30460000,15587.83000000,0.3031
1749266516,0.30470000,22000.28000000,0.3031
1749266516,0.30480000,32872.40000000,0.3031
1749266516,0.30490000,149104.23000000,0.3031
1749266516,0.30500000,43394.35000000,0.3031
1749266516,0.30510000,47970.11000000,0.3031
1749266516,0.30520000,15502.15000000,0.3031
1749266516,0.30530000,25479.07000000,0.3031
1749266516,0.30540000,88146.17000000,0.3031
1749266516,0.30550000,12628.25000000,0.3031
1749266516,0.30560000,19914.47000000,0.3031
1749266516,0.30570000,347092.78000000,0.3031
1749266516,0.30580000,36155.30000000,0.3031
1749266516,0.30590000,20217.77000000,0.3031
1749266516,0.30600000,10967.88000000,0.3031
1749266516,0.30610000,12157.41000000,0.3031
1749266516,0.30620000,34846.87000000,0.3031
1749266516,0.30630000,7211.39000000,0.3031
1749266516,0.30640000,13665.30000000,0.3031
1749266516,0.30650000,13840.01000000,0.3031
1749266516,0.30660000,3331.92000000,0.3031
1749266516,0.30670000,4830.15000000,0.3031
1749266516,0.30680000,9878.48000000,0.3031
1749266516,0.30690000,3115.82000000,0.3031
1749266516,0.30700000,9084.05000000,0.3031
1749266516,0.30710000,9533.44000000,0.3031
1749266516,0.30720000,20959.44000000,0.3031
1749266516,0.30730000,4823.37000000,0.3031
1749266516,0.30740000,4427.80000000,0.3031
1749266516,0.30750000,5071.58000000,0.3031
1749266516,0.30760000,23497.61000000,0.3031
1749266516,0.30770000,6780.76000000,0.3031
1749266516,0.30780000,17748.66000000,0.3031
1749266516,0.30790000,215.80000000,0.3031
1749266516,0.30800000,313.27000000,0.3031
1749266516,0.30810000,49037.97000000,0.3031
1749266516,0.30820000,52.71000000,0.3031
1749266516,0.30830000,9000.06000000,0.3031
1749266516,0.30840000,14385.41000000,0.3031
1749266516,0.30850000,3296.90000000,0.3031
1749266516,0.30860000,33.23000000,0.3031
1749266516,0.30870000,453.43000000,0.3031
1749266516,0.30880000,441.62000000,0.3031
1749266516,0.30890000,197.16000000,0.3031
1749266516,0.30900000,1179.23000000,0.3031
1749266516,0.30910000,49775.97000000,0.3031
1749266516,0.30920000,221.15000000,0.3031
1749266516,0.30930000,28151.59000000,0.3031
1749266516,0.30940000,103.77000000,0.3031
1749266516,0.30950000,2050.59000000,0.3031
1749266516,0.30960000,2741.71000000,0.3031
1749266516,0.30970000,70.08000000,0.3031
1749266516,0.30980000,6655.71000000,0.3031
1749266516,0.30990000,6540.87000000,0.3031
1749266516,0.31000000,144678.75000000,0.3031
1749266516,0.31010000,7657.12000000,0.3031
1749266516,0.31020000,638.66000000,0.3031
1749266516,0.31030000,124.45000000,0.3031
1749266516,0.31040000,196.82000000,0.3031
1749266516,0.31050000,498.26000000,0.3031
1749266516,0.31060000,23609.55000000,0.3031
1749266516,0.31070000,142.26000000,0.3031
1749266516,0.31080000,1263.67000000,0.3031
1749266516,0.31090000,6722.88000000,0.3031
1749266516,0.31100000,108.98000000,0.3031
1749266516,0.31110000,97.27000000,0.3031
1749266516,0.31120000,61.27000000,0.3031
1749266516,0.31130000,37.64000000,0.3031
1749266516,0.31140000,893.91000000,0.3031
1749266516,0.31150000,18313.84000000,0.3031
1749266516,0.31160000,109.07000000,0.3031
1749266516,0.31170000,255.37000000,0.3031
1749266516,0.31180000,18.84000000,0.3031
1749266516,0.31190000,3504.60000000,0.3031
1749266516,0.31200000,154762.13000000,0.3031
1749266516,0.31210000,153.37000000,0.3031
1749266516,0.31220000,141.64000000,0.3031
1749266516,0.31230000,781.12000000,0.3031
1749266516,0.31240000,3207.44000000,0.3031
1749266516,0.31250000,232.19000000,0.3031
1749266516,0.31260000,82.85000000,0.3031
1749266516,0.31280000,1080.87000000,0.3031
1749266516,0.31300000,581.73000000,0.3031
1749266516,0.31310000,46.85000000,0.3031
1749266516,0.31320000,557.07000000,0.3031
1749266818,0.30460000,29255.63000000,0.3046
1749266818,0.30470000,41007.41000000,0.3046
1749266818,0.30480000,41376.22000000,0.3046
1749266818,0.30490000,41386.01000000,0.3046
1749266818,0.30500000,70723.18000000,0.3046
1749266818,0.30510000,119046.90000000,0.3046
1749266818,0.30520000,51939.03000000,0.3046
1749266818,0.30530000,122826.09000000,0.3046
1749266818,0.30540000,115978.44000000,0.3046
1749266818,0.30550000,225768.00000000,0.3046
1749266818,0.30560000,40600.13000000,0.3046
1749266818,0.30570000,33766.88000000,0.3046
1749266818,0.30580000,169746.90000000,0.3046
1749266818,0.30590000,49376.58000000,0.3046
1749266818,0.30600000,47587.01000000,0.3046
1749266818,0.30610000,25011.04000000,0.3046
1749266818,0.30620000,71527.69000000,0.3046
1749266818,0.30630000,22538.31000000,0.3046
1749266818,0.30640000,20751.17000000,0.3046
1749266818,0.30650000,20360.44000000,0.3046
1749266818,0.30660000,33284.46000000,0.3046
1749266818,0.30670000,12428.37000000,0.3046
1749266818,0.30680000,13754.67000000,0.3046
1749266818,0.30690000,7403.47000000,0.3046
1749266818,0.30700000,19978.91000000,0.3046
1749266818,0.30710000,13793.67000000,0.3046
1749266818,0.30720000,197664.35000000,0.3046
1749266818,0.30730000,181743.09000000,0.3046
1749266818,0.30740000,13761.14000000,0.3046
1749266818,0.30750000,14005.11000000,0.3046
1749266818,0.30760000,40969.03000000,0.3046
1749266818,0.30770000,13776.19000000,0.3046
1749266818,0.30780000,24741.30000000,0.3046
1749266818,0.30790000,5365.74000000,0.3046
1749266818,0.30800000,3153.61000000,0.3046
1749266818,0.30810000,2833.97000000,0.3046
1749266818,0.30820000,2797.71000000,0.3046
1749266818,0.30830000,9608.79000000,0.3046
1749266818,0.30840000,4403.31000000,0.3046
1749266818,0.30850000,2324.63000000,0.3046
1749266818,0.30860000,33.23000000,0.3046
1749266818,0.30870000,50917.78000000,0.3046
1749266818,0.30880000,441.62000000,0.3046
1749266818,0.30890000,6809.82000000,0.3046
1749266818,0.30900000,1179.23000000,0.3046
1749266818,0.30910000,558.84000000,0.3046
1749266818,0.30920000,221.15000000,0.3046
1749266818,0.30930000,28319.27000000,0.3046
1749266818,0.30940000,103.77000000,0.3046
1749266818,0.30950000,2050.59000000,0.3046
1749266818,0.30960000,437.45000000,0.3046
1749266818,0.30970000,70.08000000,0.3046
1749266818,0.30980000,17623.83000000,0.3046
1749266818,0.30990000,19462.22000000,0.3046
1749266818,0.31000000,144678.75000000,0.3046
1749266818,0.31010000,7657.12000000,0.3046
1749266818,0.31020000,638.66000000,0.3046
1749266818,0.31030000,8843.66000000,0.3046
1749266818,0.31040000,196.82000000,0.3046
1749266818,0.31050000,498.26000000,0.3046
1749266818,0.31060000,69296.34000000,0.3046
1749266818,0.31070000,175.24000000,0.3046
1749266818,0.31080000,1296.64000000,0.3046
1749266818,0.31090000,6755.83000000,0.3046
1749266818,0.31100000,158.32000000,0.3046
1749266818,0.31110000,130.21000000,0.3046
1749266818,0.31120000,2398.46000000,0.3046
1749266818,0.31130000,70.56000000,0.3046
1749266818,0.31140000,2260.62000000,0.3046
1749266818,0.31150000,16704.36000000,0.3046
1749266818,0.31160000,141.96000000,0.3046
1749266818,0.31170000,288.25000000,0.3046
1749266818,0.31180000,51.72000000,0.3046
1749266818,0.31190000,3537.45000000,0.3046
1749266818,0.31200000,156397.50000000,0.3046
1749266818,0.31210000,186.20000000,0.3046
1749266818,0.31220000,141.64000000,0.3046
1749266818,0.31230000,2423.49000000,0.3046
1749266818,0.31240000,66.64000000,0.3046
1749266818,0.31250000,232.19000000,0.3046
1749266818,0.31260000,82.85000000,0.3046
1749266818,0.31280000,321.37000000,0.3046
1749266818,0.31300000,581.73000000,0.3046
1749266818,0.31310000,3187.65000000,0.3046
1749266818,0.31320000,557.07000000,0.3046
1749266818,0.31330000,90.46000000,0.3046
1749266818,0.31340000,149.78000000,0.3046
1749266818,0.31350000,20346.89000000,0.3046
1749266818,0.31360000,726.86000000,0.3046
1749266818,0.31370000,63885.18000000,0.3046
1749266818,0.31380000,1131.60000000,0.3046
1749266818,0.31390000,224.01000000,0.3046
1749266818,0.31400000,3734.69000000,0.3046
1749266818,0.31410000,2545.34000000,0.3046
1749266818,0.31420000,87.38000000,0.3046
1749266818,0.31430000,5116.47000000,0.3046
1749266818,0.31440000,16286.10000000,0.3046
1749266818,0.31450000,854.04000000,0.3046
1749266818,0.31460000,321.23000000,0.3046
1749266818,0.31470000,338.61000000,0.3046
1749267120,0.30400000,19660.29000000,0.304
1749267120,0.30410000,41730.19000000,0.304
1749267120,0.30420000,54557.45000000,0.304
1749267120,0.30430000,86506.68000000,0.304
1749267120,0.30440000,69813.06000000,0.304
1749267120,0.30450000,42523.73000000,0.304
1749267120,0.30460000,45633.72000000,0.304
1749267120,0.30470000,46894.36000000,0.304
1749267120,0.30480000,93004.68000000,0.304
1749267120,0.30490000,95496.96000000,0.304
1749267120,0.30500000,32670.99000000,0.304
1749267120,0.30510000,56460.23000000,0.304
1749267120,0.30520000,22379.21000000,0.304
1749267120,0.30530000,117868.58000000,0.304
1749267120,0.30540000,60326.24000000,0.304
1749267120,0.30550000,151511.49000000,0.304
1749267120,0.30560000,37364.99000000,0.304
1749267120,0.30570000,41221.65000000,0.304
1749267120,0.30580000,147540.90000000,0.304
1749267120,0.30590000,23484.32000000,0.304
1749267120,0.30600000,17203.52000000,0.304
1749267120,0.30610000,18108.81000000,0.304
1749267120,0.30620000,71509.69000000,0.304
1749267120,0.30630000,13162.79000000,0.304
1749267120,0.30640000,13665.30000000,0.304
1749267120,0.30650000,193187.35000000,0.304
1749267120,0.30660000,202737.21000000,0.304
1749267120,0.30670000,12428.37000000,0.304
1749267120,0.30680000,17329.62000000,0.304
1749267120,0.30690000,7403.47000000,0.304
1749267120,0.30700000,16678.04000000,0.304
1749267120,0.30710000,13793.67000000,0.304
1749267120,0.30720000,26654.80000000,0.304
1749267120,0.30730000,9080.80000000,0.304
1749267120,0.30740000,13761.14000000,0.304
1749267120,0.30750000,14006.51000000,0.304
1749267120,0.30760000,23805.49000000,0.304
1749267120,0.30770000,9525.76000000,0.304
1749267120,0.30780000,20493.66000000,0.304
1749267120,0.30790000,4944.60000000,0.304
1749267120,0.30800000,3076.17000000,0.304
1749267120,0.30810000,2833.97000000,0.304
1749267120,0.30820000,2797.71000000,0.304
1749267120,0.30830000,9608.79000000,0.304
1749267120,0.30840000,4403.31000000,0.304
1749267120,0.30850000,2492.31000000,0.304
1749267120,0.30860000,33.23000000,0.304
1749267120,0.30870000,50917.78000000,0.304
1749267120,0.30880000,441.62000000,0.304
1749267120,0.30890000,6809.82000000,0.304
1749267120,0.30900000,1179.23000000,0.304
1749267120,0.30910000,558.84000000,0.304
1749267120,0.30920000,10221.15000000,0.304
1749267120,0.30930000,28151.59000000,0.304
1749267120,0.30940000,103.77000000,0.304
1749267120,0.30950000,2050.59000000,0.304
1749267120,0.30960000,437.45000000,0.304
1749267120,0.30970000,70.08000000,0.304
1749267120,0.30980000,7623.83000000,0.304
1749267120,0.30990000,19462.22000000,0.304
1749267120,0.31000000,144678.75000000,0.304
1749267120,0.31010000,7657.12000000,0.304
1749267120,0.31020000,638.66000000,0.304
1749267120,0.31030000,8843.66000000,0.304
1749267120,0.31040000,2501.08000000,0.304
1749267120,0.31050000,498.26000000,0.304
1749267120,0.31060000,69296.34000000,0.304
1749267120,0.31070000,175.24000000,0.304
1749267120,0.31080000,1296.64000000,0.304
1749267120,0.31090000,6755.83000000,0.304
1749267120,0.31100000,158.32000000,0.304
1749267120,0.31110000,130.21000000,0.304
1749267120,0.31120000,94.20000000,0.304
1749267120,0.31130000,70.56000000,0.304
1749267120,0.31140000,2260.62000000,0.304
1749267120,0.31150000,16704.37000000,0.304
1749267120,0.31160000,109.07000000,0.304
1749267120,0.31170000,255.37000000,0.304
1749267120,0.31180000,18.84000000,0.304
1749267120,0.31190000,3504.60000000,0.304
1749267120,0.31200000,156364.66000000,0.304
1749267120,0.31210000,153.37000000,0.304
1749267120,0.31220000,141.64000000,0.304
1749267120,0.31230000,2423.49000000,0.304
1749267120,0.31240000,66.64000000,0.304
1749267120,0.31250000,232.19000000,0.304
1749267120,0.31260000,82.85000000,0.304
1749267120,0.31280000,70.47000000,0.304
1749267120,0.31300000,581.73000000,0.304
1749267120,0.31310000,3187.65000000,0.304
1749267120,0.31320000,557.07000000,0.304
1749267120,0.31330000,90.46000000,0.304
1749267120,0.31340000,149.78000000,0.304
1749267120,0.31350000,20346.89000000,0.304
1749267120,0.31360000,726.86000000,0.304
1749267120,0.31370000,63885.18000000,0.304
1749267120,0.31380000,1382.50000000,0.304
1749267120,0.31390000,224.01000000,0.304
1749267120,0.31400000,3734.69000000,0.304
1749267120,0.31410000,2545.34000000,0.304
1749267421,0.30460000,3689.06000000,0.3046
1749267421,0.30470000,38872.77000000,0.3046
1749267421,0.30480000,42702.65000000,0.3046
1749267421,0.30490000,42929.01000000,0.3046
1749267421,0.30500000,82832.10000000,0.3046
1749267421,0.30510000,76473.37000000,0.3046
1749267421,0.30520000,81654.20000000,0.3046
1749267421,0.30530000,125256.20000000,0.3046
1749267421,0.30540000,116434.71000000,0.3046
1749267421,0.30550000,156078.52000000,0.3046
1749267421,0.30560000,103224.59000000,0.3046
1749267421,0.30570000,37151.51000000,0.3046
1749267421,0.30580000,169821.90000000,0.3046
1749267421,0.30590000,59271.15000000,0.3046
1749267421,0.30600000,32625.11000000,0.3046
1749267421,0.30610000,25015.58000000,0.3046
1749267421,0.30620000,71527.69000000,0.3046
1749267421,0.30630000,20933.79000000,0.3046
1749267421,0.30640000,22148.90000000,0.3046
1749267421,0.30650000,28350.73000000,0.3046
1749267421,0.30660000,33284.46000000,0.3046
1749267421,0.30670000,12428.37000000,0.3046
1749267421,0.30680000,13754.67000000,0.3046
1749267421,0.30690000,7403.47000000,0.3046
1749267421,0.30700000,19966.97000000,0.3046
1749267421,0.30710000,13793.67000000,0.3046
1749267421,0.30720000,349123.25000000,0.3046
1749267421,0.30730000,12564.95000000,0.3046
1749267421,0.30740000,13761.14000000,0.3046
1749267421,0.30750000,14006.51000000,0.3046
1749267421,0.30760000,25545.69000000,0.3046
1749267421,0.30770000,13778.99000000,0.3046
1749267421,0.30780000,39605.55000000,0.3046
1749267421,0.30790000,9195.03000000,0.3046
1749267421,0.30800000,7326.60000000,0.3046
1749267421,0.30810000,7081.61000000,0.3046
1749267421,0.30820000,52.71000000,0.3046
1749267421,0.30830000,9608.79000000,0.3046
1749267421,0.30840000,7148.31000000,0.3046
1749267421,0.30850000,5069.63000000,0.3046
1749267421,0.30860000,33.23000000,0.3046
1749267421,0.30870000,50917.78000000,0.3046
1749267421,0.30880000,441.62000000,0.3046
1749267421,0.30890000,6809.82000000,0.3046
1749267421,0.30900000,1179.23000000,0.3046
1749267421,0.30910000,558.84000000,0.3046
1749267421,0.30920000,221.15000000,0.3046
1749267421,0.30930000,28319.27000000,0.3046
1749267421,0.30940000,103.77000000,0.3046
1749267421,0.30950000,2050.59000000,0.3046
1749267421,0.30960000,437.45000000,0.3046
1749267421,0.30970000,70.08000000,0.3046
1749267421,0.30980000,7623.83000000,0.3046
1749267421,0.30990000,19462.22000000,0.3046
1749267421,0.31000000,154678.75000000,0.3046
1749267421,0.31010000,7657.12000000,0.3046
1749267421,0.31020000,638.66000000,0.3046
1749267421,0.31030000,8843.66000000,0.3046
1749267421,0.31040000,2501.08000000,0.3046
1749267421,0.31050000,498.26000000,0.3046
1749267421,0.31060000,69296.34000000,0.3046
1749267421,0.31070000,175.24000000,0.3046
1749267421,0.31080000,1296.64000000,0.3046
1749267421,0.31090000,6755.83000000,0.3046
1749267421,0.31100000,158.32000000,0.3046
1749267421,0.31110000,130.21000000,0.3046
1749267421,0.31120000,94.20000000,0.3046
1749267421,0.31130000,70.56000000,0.3046
