timestamp,price,volume,current_price
1749258333,0.30520000,2163.76000000,0.3053
1749258333,0.30530000,65578.52000000,0.3053
1749258333,0.30540000,45262.77000000,0.3053
1749258333,0.30550000,51014.30000000,0.3053
1749258333,0.30560000,61796.56000000,0.3053
1749258333,0.30570000,143296.47000000,0.3053
1749258333,0.30580000,143319.06000000,0.3053
1749258333,0.30590000,84514.50000000,0.3053
1749258333,0.30600000,117939.26000000,0.3053
1749258333,0.30610000,23053.00000000,0.3053
1749258333,0.30620000,139090.63000000,0.3053
1749258333,0.30630000,32526.02000000,0.3053
1749258333,0.30640000,27049.11000000,0.3053
1749258333,0.30650000,191558.45000000,0.3053
1749258333,0.30660000,69657.39000000,0.3053
1749258333,0.30670000,25271.78000000,0.3053
1749258333,0.30680000,38532.08000000,0.3053
1749258333,0.30690000,27635.81000000,0.3053
1749258333,0.30700000,22157.87000000,0.3053
1749258333,0.30710000,17834.51000000,0.3053
1749258333,0.30720000,9631.61000000,0.3053
1749258333,0.30730000,7170.21000000,0.3053
1749258333,0.30740000,17716.63000000,0.3053
1749258333,0.30750000,3793.96000000,0.3053
1749258333,0.30760000,76499.82000000,0.3053
1749258333,0.30770000,370932.15000000,0.3053
1749258333,0.30780000,4810.31000000,0.3053
1749258333,0.30790000,40198.94000000,0.3053
1749258333,0.30800000,28325.11000000,0.3053
1749258333,0.30810000,4312.99000000,0.3053
1749258333,0.30820000,8715.70000000,0.3053
1749258333,0.30830000,5530.19000000,0.3053
1749258333,0.30840000,6887.90000000,0.3053
1749258333,0.30850000,8588.23000000,0.3053
1749258333,0.30860000,10892.11000000,0.3053
1749258333,0.30870000,6230.85000000,0.3053
1749258333,0.30880000,55643.78000000,0.3053
1749258333,0.30890000,4439.21000000,0.3053
1749258333,0.30900000,7384.00000000,0.3053
1749258333,0.30910000,3462.50000000,0.3053
1749258333,0.30920000,8010.58000000,0.3053
1749258333,0.30930000,28151.59000000,0.3053
1749258333,0.30940000,103.77000000,0.3053
1749258333,0.30950000,2218.27000000,0.3053
1749258333,0.30960000,437.45000000,0.3053
1749258333,0.30970000,70.08000000,0.3053
1749258333,0.30980000,11973.96000000,0.3053
1749258333,0.30990000,1690.78000000,0.3053
1749258333,0.31000000,138510.11000000,0.3053
1749258333,0.31010000,7657.12000000,0.3053
1749258333,0.31020000,638.66000000,0.3053
1749258333,0.31030000,2424.78000000,0.3053
1749258333,0.31040000,11466.09000000,0.3053
1749258333,0.31050000,10498.27000000,0.3053
1749258333,0.31060000,20666.35000000,0.3053
1749258333,0.31070000,175.24000000,0.3053
1749258333,0.31080000,1296.64000000,0.3053
1749258333,0.31090000,6781.58000000,0.3053
1749258333,0.31100000,48751.19000000,0.3053
1749258333,0.31110000,130.21000000,0.3053
1749258333,0.31120000,94.20000000,0.3053
1749258333,0.31130000,70.56000000,0.3053
1749258333,0.31140000,926.82000000,0.3053
1749258333,0.31150000,16704.37000000,0.3053
1749258333,0.31160000,141.96000000,0.3053
1749258333,0.31170000,288.25000000,0.3053
1749258333,0.31180000,51.70000000,0.3053
1749258333,0.31190000,2103.75000000,0.3053
1749258333,0.31200000,156453.69000000,0.3053
1749258333,0.31210000,218.24000000,0.3053
1749258333,0.31220000,180.87000000,0.3053
1749258333,0.31230000,813.93000000,0.3053
1749258333,0.31240000,99.45000000,0.3053
1749258333,0.31250000,1864.87000000,0.3053
1749258333,0.31260000,115.63000000,0.3053
1749258333,0.31270000,32.77000000,0.3053
1749258333,0.31280000,321.37000000,0.3053
1749258333,0.31300000,581.73000000,0.3053
1749258333,0.31310000,3187.65000000,0.3053
1749258333,0.31320000,557.07000000,0.3053
1749258333,0.31330000,90.46000000,0.3053
1749258333,0.31340000,149.78000000,0.3053
1749258333,0.31350000,20346.89000000,0.3053
1749258333,0.31360000,84.04000000,0.3053
1749258333,0.31370000,63885.18000000,0.3053
1749258333,0.31380000,1131.60000000,0.3053
1749258333,0.31390000,224.01000000,0.3053
1749258333,0.31400000,3750.93000000,0.3053
1749258333,0.31410000,2545.34000000,0.3053
1749258333,0.31420000,81.02000000,0.3053
1749258333,0.31430000,16.47000000,0.3053
1749258333,0.31440000,72.97000000,0.3053
1749258333,0.31450000,854.04000000,0.3053
1749258333,0.31460000,321.23000000,0.3053
1749258333,0.31470000,338.61000000,0.3053
1749258333,0.31490000,134.26000000,0.3053
1749258333,0.31500000,15857.46000000,0.3053
1749258333,0.31510000,38.66000000,0.3053
1749258333,0.31520000,357.51000000,0.3053
1749258333,0.31530000,19939.83000000,0.3053
1749258635,0.30470000,24524.54000000,0.3047
1749258635,0.30480000,46804.48000000,0.3047
1749258635,0.30490000,91878.07000000,0.3047
1749258635,0.30500000,63439.38000000,0.3047
1749258635,0.30510000,70746.10000000,0.3047
1749258635,0.30520000,96840.34000000,0.3047
1749258635,0.30530000,137576.17000000,0.3047
1749258635,0.30540000,93951.39000000,0.3047
1749258635,0.30550000,65581.08000000,0.3047
1749258635,0.30560000,45126.98000000,0.3047
1749258635,0.30570000,102652.38000000,0.3047
1749258635,0.30580000,26889.43000000,0.3047
1749258635,0.30590000,36757.35000000,0.3047
1749258635,0.30600000,160409.11000000,0.3047
1749258635,0.30610000,27102.11000000,0.3047
1749258635,0.30620000,38552.99000000,0.3047
1749258635,0.30630000,21654.61000000,0.3047
1749258635,0.30640000,152182.94000000,0.3047
1749258635,0.30650000,30754.97000000,0.3047
1749258635,0.30660000,124058.75000000,0.3047
1749258635,0.30670000,15640.40000000,0.3047
1749258635,0.30680000,12171.98000000,0.3047
1749258635,0.30690000,10999.83000000,0.3047
1749258635,0.30700000,21570.79000000,0.3047
1749258635,0.30710000,21113.73000000,0.3047
1749258635,0.30720000,178689.36000000,0.3047
1749258635,0.30730000,40278.53000000,0.3047
1749258635,0.30740000,183385.16000000,0.3047
1749258635,0.30750000,3105.07000000,0.3047
1749258635,0.30760000,26067.59000000,0.3047
1749258635,0.30770000,14336.29000000,0.3047
1749258635,0.30780000,4810.31000000,0.3047
1749258635,0.30790000,22612.01000000,0.3047
1749258635,0.30800000,28431.71000000,0.3047
1749258635,0.30810000,4312.99000000,0.3047
1749258635,0.30820000,9128.57000000,0.3047
1749258635,0.30830000,12142.85000000,0.3047
1749258635,0.30840000,7456.93000000,0.3047
1749258635,0.30850000,8670.31000000,0.3047
1749258635,0.30860000,10894.91000000,0.3047
1749258635,0.30870000,1988.78000000,0.3047
1749258635,0.30880000,51400.32000000,0.3047
1749258635,0.30890000,197.14000000,0.3047
1749258635,0.30900000,3143.32000000,0.3047
1749258635,0.30910000,2155.65000000,0.3047
1749258635,0.30920000,6851.61000000,0.3047
1749258635,0.30930000,28151.59000000,0.3047
1749258635,0.30940000,103.77000000,0.3047
1749258635,0.30950000,2050.59000000,0.3047
1749258635,0.30960000,605.13000000,0.3047
1749258635,0.30970000,70.08000000,0.3047
1749258635,0.30980000,11561.09000000,0.3047
1749258635,0.30990000,28786.25000000,0.3047
1749258635,0.31000000,138622.81000000,0.3047
1749258635,0.31010000,7657.12000000,0.3047
1749258635,0.31020000,638.66000000,0.3047
1749258635,0.31030000,12424.78000000,0.3047
1749258635,0.31040000,8933.12000000,0.3047
1749258635,0.31050000,2802.53000000,0.3047
1749258635,0.31060000,20666.35000000,0.3047
1749258635,0.31070000,175.24000000,0.3047
1749258635,0.31080000,1296.64000000,0.3047
1749258635,0.31090000,6781.58000000,0.3047
1749258635,0.31100000,118.19000000,0.3047
1749258635,0.31110000,48812.21000000,0.3047
1749258635,0.31120000,94.20000000,0.3047
1749258635,0.31130000,70.56000000,0.3047
1749258635,0.31140000,926.82000000,0.3047
1749258635,0.31150000,16704.37000000,0.3047
1749258635,0.31160000,141.96000000,0.3047
1749258635,0.31170000,288.25000000,0.3047
1749258635,0.31180000,51.70000000,0.3047
1749258635,0.31190000,2103.75000000,0.3047
1749258635,0.31200000,156453.69000000,0.3047
1749258635,0.31210000,218.24000000,0.3047
1749258635,0.31220000,180.87000000,0.3047
1749258635,0.31230000,781.12000000,0.3047
1749258635,0.31240000,66.64000000,0.3047
1749258635,0.31250000,1832.08000000,0.3047
1749258635,0.31260000,82.85000000,0.3047
1749258635,0.31280000,321.37000000,0.3047
1749258635,0.31300000,581.73000000,0.3047
1749258635,0.31310000,46.85000000,0.3047
1749258635,0.31320000,3697.87000000,0.3047
1749258635,0.31330000,90.46000000,0.3047
1749258635,0.31340000,149.78000000,0.3047
1749258635,0.31350000,19587.39000000,0.3047
1749258635,0.31360000,843.54000000,0.3047
1749258635,0.31370000,63885.18000000,0.3047
1749258635,0.31380000,1131.60000000,0.3047
1749258635,0.31390000,224.01000000,0.3047
1749258635,0.31400000,3750.93000000,0.3047
1749258635,0.31410000,2545.34000000,0.3047
1749258635,0.31420000,81.02000000,0.3047
1749258635,0.31430000,16.47000000,0.3047
1749258635,0.31440000,72.97000000,0.3047
1749258635,0.31450000,854.04000000,0.3047
1749258635,0.31460000,321.23000000,0.3047
1749258635,0.31470000,338.61000000,0.3047
1749258635,0.31490000,134.26000000,0.3047
1749258967,0.30330000,27059.38000000,0.3033
1749258967,0.30340000,64293.39000000,0.3033
1749258967,0.30350000,57795.75000000,0.3033
1749258967,0.30360000,67736.54000000,0.3033
1749258967,0.30370000,86779.29000000,0.3033
1749258967,0.30380000,81505.98000000,0.3033
1749258967,0.30390000,53705.20000000,0.3033
1749258967,0.30400000,75261.44000000,0.3033
1749258967,0.30410000,67676.29000000,0.3033
1749258967,0.30420000,98619.68000000,0.3033
1749258967,0.30430000,44696.93000000,0.3033
1749258967,0.30440000,39067.53000000,0.3033
1749258967,0.30450000,28300.67000000,0.3033
1749258967,0.30460000,68600.30000000,0.3033
1749258967,0.30470000,33915.11000000,0.3033
1749258967,0.30480000,101152.11000000,0.3033
1749258967,0.30490000,24570.65000000,0.3033
1749258967,0.30500000,41232.66000000,0.3033
1749258967,0.30510000,22848.35000000,0.3033
1749258967,0.30520000,128963.24000000,0.3033
1749258967,0.30530000,28757.48000000,0.3033
1749258967,0.30540000,44990.74000000,0.3033
1749258967,0.30550000,67156.09000000,0.3033
1749258967,0.30560000,63488.02000000,0.3033
1749258967,0.30570000,17108.68000000,0.3033
1749258967,0.30580000,313574.51000000,0.3033
1749258967,0.30590000,192072.36000000,0.3033
1749258967,0.30600000,13801.11000000,0.3033
1749258967,0.30610000,10974.68000000,0.3033
1749258967,0.30620000,17680.98000000,0.3033
1749258967,0.30630000,40111.24000000,0.3033
1749258967,0.30640000,12715.81000000,0.3033
1749258967,0.30650000,18485.04000000,0.3033
1749258967,0.30660000,14356.06000000,0.3033
1749258967,0.30670000,9127.67000000,0.3033
1749258967,0.30680000,15942.80000000,0.3033
1749258967,0.30690000,7793.43000000,0.3033
1749258967,0.30700000,10490.75000000,0.3033
1749258967,0.30710000,81412.28000000,0.3033
1749258967,0.30720000,7642.45000000,0.3033
1749258967,0.30730000,7144.22000000,0.3033
1749258967,0.30740000,6760.11000000,0.3033
1749258967,0.30750000,408.66000000,0.3033
1749258967,0.30760000,21782.80000000,0.3033
1749258967,0.30770000,6746.59000000,0.3033
1749258967,0.30780000,528.35000000,0.3033
1749258967,0.30790000,3736.67000000,0.3033
1749258967,0.30800000,20828.33000000,0.3033
1749258967,0.30810000,59.76000000,0.3033
1749258967,0.30820000,2475.34000000,0.3033
1749258967,0.30830000,251.14000000,0.3033
1749258967,0.30840000,4385.42000000,0.3033
1749258967,0.30850000,3222.67000000,0.3033
1749258967,0.30860000,33.21000000,0.3033
1749258967,0.30870000,453.43000000,0.3033
1749258967,0.30880000,51382.42000000,0.3033
1749258967,0.30890000,11168.13000000,0.3033
1749258967,0.30900000,1143.32000000,0.3033
1749258967,0.30910000,2155.65000000,0.3033
1749258967,0.30920000,221.15000000,0.3033
1749258967,0.30930000,36865.14000000,0.3033
1749258967,0.30940000,103.77000000,0.3033
1749258967,0.30950000,5688.65000000,0.3033
1749258967,0.30960000,437.45000000,0.3033
1749258967,0.30970000,70.08000000,0.3033
1749258967,0.30980000,11505.80000000,0.3033
1749258967,0.30990000,1690.78000000,0.3033
1749258967,0.31000000,138622.81000000,0.3033
1749258967,0.31010000,7657.12000000,0.3033
1749258967,0.31020000,638.66000000,0.3033
1749258967,0.31030000,124.45000000,0.3033
1749258967,0.31040000,196.81000000,0.3033
1749258967,0.31050000,498.27000000,0.3033
1749258967,0.31060000,20666.35000000,0.3033
1749258967,0.31070000,175.19000000,0.3033
1749258967,0.31080000,1296.64000000,0.3033
1749258967,0.31090000,6748.61000000,0.3033
1749258967,0.31100000,3334.89000000,0.3033
1749258967,0.31110000,97.27000000,0.3033
1749258967,0.31120000,61.27000000,0.3033
1749258967,0.31130000,37.64000000,0.3033
1749258967,0.31140000,893.91000000,0.3033
1749258967,0.31150000,16671.47000000,0.3033
1749258967,0.31160000,109.07000000,0.3033
1749258967,0.31170000,255.37000000,0.3033
1749258967,0.31180000,18.84000000,0.3033
1749258967,0.31190000,2070.90000000,0.3033
1749258967,0.31200000,154778.47000000,0.3033
1749258967,0.31210000,185.41000000,0.3033
1749258967,0.31220000,148.05000000,0.3033
1749258967,0.31230000,781.12000000,0.3033
1749258967,0.31240000,3207.44000000,0.3033
1749258967,0.31250000,232.19000000,0.3033
1749258967,0.31260000,82.85000000,0.3033
1749258967,0.31280000,1080.87000000,0.3033
1749258967,0.31300000,581.73000000,0.3033
1749258967,0.31310000,46.85000000,0.3033
1749258967,0.31320000,557.07000000,0.3033
1749258967,0.31330000,90.46000000,0.3033
1749258967,0.31340000,149.78000000,0.3033
