timestamp,price,volume,current_price
1749254547,20.11000000,69.33000000,20.09
1749254547,20.12000000,661.20000000,20.09
1749254547,20.13000000,877.31000000,20.09
1749254547,20.14000000,1062.71000000,20.09
1749254547,20.15000000,736.84000000,20.09
1749254547,20.16000000,566.20000000,20.09
1749254547,20.17000000,272.70000000,20.09
1749254547,20.18000000,287.59000000,20.09
1749254547,20.19000000,236.07000000,20.09
1749254547,20.20000000,194.02000000,20.09
1749254547,20.21000000,285.24000000,20.09
1749254547,20.22000000,199.62000000,20.09
1749254547,20.23000000,379.94000000,20.09
1749254547,20.24000000,160.51000000,20.09
1749254547,20.25000000,121.39000000,20.09
1749254547,20.26000000,112.31000000,20.09
1749254547,20.27000000,195.04000000,20.09
1749254547,20.28000000,119.10000000,20.09
1749254547,20.29000000,266.36000000,20.09
1749254547,20.30000000,222.10000000,20.09
1749254547,20.31000000,95.95000000,20.09
1749254547,20.32000000,122.54000000,20.09
1749254547,20.33000000,95.95000000,20.09
1749254547,20.34000000,189.66000000,20.09
1749254547,20.35000000,97.86000000,20.09
1749254547,20.36000000,125.12000000,20.09
1749254547,20.37000000,96.87000000,20.09
1749254547,20.38000000,121.91000000,20.09
1749254547,20.39000000,346.46000000,20.09
1749254547,20.40000000,476.37000000,20.09
1749254547,20.41000000,97.25000000,20.09
1749254547,20.42000000,121.01000000,20.09
1749254547,20.43000000,98.76000000,20.09
1749254547,20.44000000,121.31000000,20.09
1749254547,20.45000000,96.68000000,20.09
1749254547,20.46000000,20.30000000,20.09
1749254547,20.47000000,442.71000000,20.09
1749254547,20.48000000,1.71000000,20.09
1749254547,20.49000000,75.78000000,20.09
1749254547,20.50000000,2.82000000,20.09
1749254547,20.51000000,76.46000000,20.09
1749254547,20.52000000,182.65000000,20.09
1749254547,20.53000000,75.78000000,20.09
1749254547,20.54000000,0.90000000,20.09
1749254547,20.55000000,3.36000000,20.09
1749254547,20.56000000,15.11000000,20.09
1749254547,20.57000000,3.22000000,20.09
1749254547,20.58000000,3.55000000,20.09
1749254547,20.59000000,1.41000000,20.09
1749254547,20.60000000,1.08000000,20.09
1749254547,20.61000000,0.50000000,20.09
1749254547,20.62000000,0.86000000,20.09
1749254547,20.63000000,11.51000000,20.09
1749254547,20.64000000,0.50000000,20.09
1749254547,20.65000000,0.50000000,20.09
1749254547,20.66000000,2.41000000,20.09
1749254547,20.67000000,0.50000000,20.09
1749254547,20.68000000,9.51000000,20.09
1749254547,20.69000000,1.41000000,20.09
1749254547,20.70000000,4.79000000,20.09
1749254547,20.71000000,1.79000000,20.09
1749254547,20.72000000,0.50000000,20.09
1749254547,20.73000000,2.90000000,20.09
1749254547,20.74000000,0.50000000,20.09
1749254547,20.75000000,2.14000000,20.09
1749254547,20.76000000,62.33000000,20.09
1749254547,20.77000000,1.83000000,20.09
1749254547,20.78000000,0.50000000,20.09
1749254547,20.79000000,0.50000000,20.09
1749254547,20.80000000,1.42000000,20.09
1749254547,20.81000000,1.60000000,20.09
1749254547,20.82000000,3.08000000,20.09
1749254547,20.83000000,0.50000000,20.09
1749254547,20.84000000,1.94000000,20.09
1749254547,20.85000000,13.53000000,20.09
1749254547,20.86000000,0.96000000,20.09
1749254547,20.87000000,1.29000000,20.09
1749254547,20.88000000,0.43000000,20.09
1749254547,20.90000000,10.89000000,20.09
1749254547,20.91000000,3.69000000,20.09
1749254547,20.93000000,0.36000000,20.09
1749254547,20.94000000,0.75000000,20.09
1749254547,20.95000000,0.84000000,20.09
1749254547,20.96000000,333.40000000,20.09
1749254547,20.97000000,51.05000000,20.09
1749254547,20.98000000,6.61000000,20.09
1749254547,21.00000000,3.99000000,20.09
1749254547,21.01000000,0.81000000,20.09
1749254547,21.02000000,2.67000000,20.09
1749254547,21.03000000,0.68000000,20.09
1749254547,21.07000000,224.09000000,20.09
1749254547,21.09000000,2.40000000,20.09
1749254547,21.10000000,0.38000000,20.09
1749254547,21.11000000,2.40000000,20.09
1749254547,21.12000000,0.47000000,20.09
1749254547,21.13000000,0.91000000,20.09
1749254547,21.14000000,2.38000000,20.09
1749254547,21.17000000,51.04000000,20.09
1749254547,21.18000000,63.26000000,20.09
1749254547,21.20000000,336.66000000,20.09
1749254848,20.10000000,56.53000000,20.1
1749254848,20.11000000,350.78000000,20.1
1749254848,20.12000000,537.83000000,20.1
1749254848,20.13000000,1021.59000000,20.1
1749254848,20.14000000,831.76000000,20.1
1749254848,20.15000000,497.90000000,20.1
1749254848,20.16000000,574.36000000,20.1
1749254848,20.17000000,318.99000000,20.1
1749254848,20.18000000,103.08000000,20.1
1749254848,20.19000000,218.08000000,20.1
1749254848,20.20000000,361.00000000,20.1
1749254848,20.21000000,128.16000000,20.1
1749254848,20.22000000,185.69000000,20.1
1749254848,20.23000000,373.58000000,20.1
1749254848,20.24000000,228.97000000,20.1
1749254848,20.25000000,121.39000000,20.1
1749254848,20.26000000,100.03000000,20.1
1749254848,20.27000000,195.04000000,20.1
1749254848,20.28000000,117.86000000,20.1
1749254848,20.29000000,196.66000000,20.1
1749254848,20.30000000,220.86000000,20.1
1749254848,20.31000000,95.95000000,20.1
1749254848,20.32000000,121.30000000,20.1
1749254848,20.33000000,95.95000000,20.1
1749254848,20.34000000,189.66000000,20.1
1749254848,20.35000000,97.86000000,20.1
1749254848,20.36000000,125.12000000,20.1
1749254848,20.37000000,96.87000000,20.1
1749254848,20.38000000,121.91000000,20.1
1749254848,20.39000000,346.36000000,20.1
1749254848,20.40000000,476.37000000,20.1
1749254848,20.41000000,97.25000000,20.1
1749254848,20.42000000,121.01000000,20.1
1749254848,20.43000000,98.76000000,20.1
1749254848,20.44000000,121.31000000,20.1
1749254848,20.45000000,96.68000000,20.1
1749254848,20.46000000,0.50000000,20.1
1749254848,20.47000000,442.71000000,20.1
1749254848,20.48000000,1.71000000,20.1
1749254848,20.49000000,95.58000000,20.1
1749254848,20.50000000,2.82000000,20.1
1749254848,20.51000000,96.26000000,20.1
1749254848,20.52000000,182.65000000,20.1
1749254848,20.53000000,75.78000000,20.1
1749254848,20.54000000,0.90000000,20.1
1749254848,20.55000000,3.36000000,20.1
1749254848,20.56000000,15.11000000,20.1
1749254848,20.57000000,3.22000000,20.1
1749254848,20.58000000,3.55000000,20.1
1749254848,20.59000000,1.41000000,20.1
1749254848,20.60000000,1.08000000,20.1
1749254848,20.61000000,0.50000000,20.1
1749254848,20.62000000,0.86000000,20.1
1749254848,20.63000000,11.51000000,20.1
1749254848,20.64000000,0.50000000,20.1
1749254848,20.65000000,0.50000000,20.1
1749254848,20.66000000,2.41000000,20.1
1749254848,20.67000000,0.50000000,20.1
1749254848,20.68000000,9.51000000,20.1
1749254848,20.69000000,1.41000000,20.1
1749254848,20.70000000,4.79000000,20.1
1749254848,20.71000000,1.79000000,20.1
1749254848,20.72000000,0.50000000,20.1
1749254848,20.73000000,2.90000000,20.1
1749254848,20.74000000,0.50000000,20.1
1749254848,20.75000000,2.14000000,20.1
1749254848,20.76000000,62.33000000,20.1
1749254848,20.77000000,1.83000000,20.1
1749254848,20.78000000,0.50000000,20.1
1749254848,20.79000000,0.50000000,20.1
1749254848,20.80000000,1.42000000,20.1
1749254848,20.81000000,1.60000000,20.1
1749254848,20.82000000,3.08000000,20.1
1749254848,20.83000000,0.50000000,20.1
1749254848,20.84000000,1.94000000,20.1
1749254848,20.85000000,13.53000000,20.1
1749254848,20.86000000,0.46000000,20.1
1749254848,20.87000000,1.29000000,20.1
1749254848,20.88000000,0.43000000,20.1
1749254848,20.90000000,10.89000000,20.1
1749254848,20.91000000,3.69000000,20.1
1749254848,20.93000000,0.36000000,20.1
1749254848,20.94000000,0.75000000,20.1
1749254848,20.95000000,0.84000000,20.1
1749254848,20.96000000,333.40000000,20.1
1749254848,20.97000000,51.05000000,20.1
1749254848,20.98000000,6.61000000,20.1
1749254848,21.00000000,3.99000000,20.1
1749254848,21.01000000,0.81000000,20.1
1749254848,21.02000000,2.67000000,20.1
1749254848,21.03000000,0.68000000,20.1
1749254848,21.07000000,224.09000000,20.1
1749254848,21.09000000,2.40000000,20.1
1749254848,21.10000000,0.38000000,20.1
1749254848,21.11000000,2.40000000,20.1
1749254848,21.12000000,0.47000000,20.1
1749254848,21.13000000,0.91000000,20.1
1749254848,21.14000000,2.38000000,20.1
1749254848,21.17000000,51.04000000,20.1
1749254848,21.18000000,63.26000000,20.1
