timestamp,price,volume,current_price
1749260722,20.35000000,75.37000000,20.33
1749260722,20.36000000,288.05000000,20.33
1749260722,20.37000000,690.23000000,20.33
1749260722,20.38000000,562.04000000,20.33
1749260722,20.39000000,565.66000000,20.33
1749260722,20.40000000,52.94000000,20.33
1749260722,20.41000000,242.73000000,20.33
1749260722,20.42000000,355.66000000,20.33
1749260722,20.43000000,183.54000000,20.33
1749260722,20.44000000,61.87000000,20.33
1749260722,20.45000000,241.19000000,20.33
1749260722,20.46000000,24.03000000,20.33
1749260722,20.47000000,406.09000000,20.33
1749260722,20.48000000,100.15000000,20.33
1749260722,20.49000000,144.81000000,20.33
1749260722,20.50000000,291.01000000,20.33
1749260722,20.51000000,149.54000000,20.33
1749260722,20.52000000,1.17000000,20.33
1749260722,20.53000000,176.48000000,20.33
1749260722,20.54000000,131.61000000,20.33
1749260722,20.55000000,3.73000000,20.33
1749260722,20.56000000,178.07000000,20.33
1749260722,20.57000000,0.87000000,20.33
1749260722,20.58000000,1.30000000,20.33
1749260722,20.59000000,178.26000000,20.33
1749260722,20.60000000,7.55000000,20.33
1749260722,20.61000000,248.87000000,20.33
1749260722,20.62000000,176.84000000,20.33
1749260722,20.63000000,211.88000000,20.33
1749260722,20.64000000,176.78000000,20.33
1749260722,20.65000000,340.75000000,20.33
1749260722,20.66000000,77.69000000,20.33
1749260722,20.67000000,100.83000000,20.33
1749260722,20.68000000,82.69000000,20.33
1749260722,20.69000000,1.41000000,20.33
1749260722,20.70000000,107.84000000,20.33
1749260722,20.71000000,4.41000000,20.33
1749260722,20.72000000,182.81000000,20.33
1749260722,20.73000000,103.23000000,20.33
1749260722,20.74000000,0.50000000,20.33
1749260722,20.75000000,15.16000000,20.33
1749260722,20.76000000,0.50000000,20.33
1749260722,20.77000000,1.83000000,20.33
1749260722,20.78000000,0.50000000,20.33
1749260722,20.79000000,0.50000000,20.33
1749260722,20.80000000,1.42000000,20.33
1749260722,20.81000000,1.59000000,20.33
1749260722,20.82000000,3.08000000,20.33
1749260722,20.83000000,0.50000000,20.33
1749260722,20.84000000,2.21000000,20.33
1749260722,20.85000000,13.53000000,20.33
1749260722,20.86000000,0.96000000,20.33
1749260722,20.87000000,1.79000000,20.33
1749260722,20.88000000,0.93000000,20.33
1749260722,20.89000000,50.53000000,20.33
1749260722,20.90000000,11.39000000,20.33
1749260722,20.91000000,4.19000000,20.33
1749260722,20.92000000,0.50000000,20.33
1749260722,20.93000000,0.86000000,20.33
1749260722,20.94000000,1.25000000,20.33
1749260722,20.95000000,1.34000000,20.33
1749260722,20.96000000,62.33000000,20.33
1749260722,20.97000000,0.50000000,20.33
1749260722,20.98000000,7.11000000,20.33
1749260722,20.99000000,0.50000000,20.33
1749260722,21.00000000,6.49000000,20.33
1749260722,21.01000000,1.31000000,20.33
1749260722,21.02000000,3.17000000,20.33
1749260722,21.03000000,1.18000000,20.33
1749260722,21.04000000,0.50000000,20.33
1749260722,21.05000000,0.50000000,20.33
1749260722,21.06000000,0.50000000,20.33
1749260722,21.07000000,224.59000000,20.33
1749260722,21.08000000,0.50000000,20.33
1749260722,21.09000000,2.90000000,20.33
1749260722,21.10000000,0.88000000,20.33
1749260722,21.11000000,2.40000000,20.33
1749260722,21.12000000,0.47000000,20.33
1749260722,21.13000000,0.91000000,20.33
1749260722,21.14000000,2.38000000,20.33
1749260722,21.16000000,51.05000000,20.33
1749260722,21.17000000,0.46000000,20.33
1749260722,21.18000000,51.24000000,20.33
1749260722,21.20000000,336.66000000,20.33
1749260722,21.24000000,337.83000000,20.33
1749260722,21.25000000,2.38000000,20.33
1749260722,21.26000000,0.64000000,20.33
1749260722,21.27000000,2.40000000,20.33
1749260722,21.28000000,1.20000000,20.33
1749260722,21.29000000,2.23000000,20.33
1749260722,21.30000000,4.86000000,20.33
1749260722,21.32000000,3.01000000,20.33
1749260722,21.33000000,8.66000000,20.33
1749260722,21.35000000,2.20000000,20.33
1749260722,21.36000000,12.39000000,20.33
1749260722,21.37000000,50.58000000,20.33
1749260722,21.38000000,0.80000000,20.33
1749260722,21.40000000,4.69000000,20.33
1749260722,21.42000000,1.03000000,20.33
1749260722,21.43000000,0.48000000,20.33
1749261042,20.34000000,258.60000000,20.33
1749261042,20.35000000,259.00000000,20.33
1749261042,20.36000000,363.77000000,20.33
1749261042,20.37000000,643.77000000,20.33
1749261042,20.38000000,291.34000000,20.33
1749261042,20.39000000,167.73000000,20.33
1749261042,20.40000000,145.81000000,20.33
1749261042,20.41000000,239.18000000,20.33
1749261042,20.42000000,253.54000000,20.33
1749261042,20.43000000,363.00000000,20.33
1749261042,20.44000000,490.42000000,20.33
1749261042,20.45000000,211.24000000,20.33
1749261042,20.46000000,22.75000000,20.33
1749261042,20.47000000,280.18000000,20.33
1749261042,20.48000000,2.46000000,20.33
1749261042,20.49000000,76.52000000,20.33
1749261042,20.50000000,289.15000000,20.33
1749261042,20.51000000,149.90000000,20.33
1749261042,20.52000000,1.17000000,20.33
1749261042,20.53000000,176.48000000,20.33
1749261042,20.54000000,10.43000000,20.33
1749261042,20.55000000,3.73000000,20.33
1749261042,20.56000000,246.73000000,20.33
1749261042,20.57000000,0.87000000,20.33
1749261042,20.58000000,1.30000000,20.33
1749261042,20.59000000,178.26000000,20.33
1749261042,20.60000000,255.55000000,20.33
1749261042,20.61000000,131.21000000,20.33
1749261042,20.62000000,176.84000000,20.33
1749261042,20.63000000,211.88000000,20.33
1749261042,20.64000000,176.78000000,20.33
1749261042,20.65000000,3.67000000,20.33
1749261042,20.66000000,77.69000000,20.33
1749261042,20.67000000,100.83000000,20.33
1749261042,20.68000000,82.69000000,20.33
1749261042,20.69000000,1.41000000,20.33
1749261042,20.70000000,105.12000000,20.33
1749261042,20.71000000,1.79000000,20.33
1749261042,20.72000000,522.84000000,20.33
1749261042,20.73000000,103.23000000,20.33
1749261042,20.74000000,0.50000000,20.33
1749261042,20.75000000,15.16000000,20.33
1749261042,20.76000000,3.52000000,20.33
1749261042,20.77000000,4.45000000,20.33
1749261042,20.78000000,0.50000000,20.33
1749261042,20.79000000,0.50000000,20.33
1749261042,20.80000000,1.42000000,20.33
1749261042,20.81000000,1.59000000,20.33
1749261042,20.82000000,3.08000000,20.33
1749261042,20.83000000,0.50000000,20.33
1749261042,20.84000000,2.21000000,20.33
1749261042,20.85000000,13.53000000,20.33
1749261042,20.86000000,0.96000000,20.33
1749261042,20.87000000,1.79000000,20.33
1749261042,20.88000000,0.93000000,20.33
1749261042,20.89000000,50.53000000,20.33
1749261042,20.90000000,11.39000000,20.33
1749261042,20.91000000,4.19000000,20.33
1749261042,20.92000000,0.50000000,20.33
1749261042,20.93000000,0.86000000,20.33
1749261042,20.94000000,1.25000000,20.33
1749261042,20.95000000,1.34000000,20.33
1749261042,20.96000000,62.33000000,20.33
1749261042,20.97000000,0.50000000,20.33
1749261042,20.98000000,7.11000000,20.33
1749261042,20.99000000,0.50000000,20.33
1749261042,21.00000000,6.49000000,20.33
1749261042,21.01000000,1.31000000,20.33
1749261042,21.02000000,3.17000000,20.33
1749261042,21.03000000,1.18000000,20.33
1749261042,21.04000000,0.50000000,20.33
1749261042,21.05000000,0.50000000,20.33
1749261042,21.06000000,0.50000000,20.33
1749261042,21.07000000,224.59000000,20.33
1749261042,21.08000000,0.50000000,20.33
1749261042,21.09000000,2.90000000,20.33
1749261042,21.10000000,0.38000000,20.33
1749261042,21.11000000,2.40000000,20.33
1749261042,21.12000000,0.47000000,20.33
1749261042,21.13000000,0.91000000,20.33
1749261042,21.14000000,2.38000000,20.33
1749261042,21.16000000,51.05000000,20.33
1749261042,21.17000000,0.46000000,20.33
1749261042,21.18000000,51.24000000,20.33
1749261042,21.20000000,336.66000000,20.33
1749261042,21.24000000,337.83000000,20.33
1749261042,21.25000000,2.38000000,20.33
1749261042,21.26000000,0.64000000,20.33
1749261042,21.27000000,2.40000000,20.33
1749261042,21.28000000,1.20000000,20.33
1749261042,21.29000000,2.23000000,20.33
1749261042,21.30000000,4.86000000,20.33
1749261042,21.32000000,3.01000000,20.33
1749261042,21.33000000,8.66000000,20.33
1749261042,21.35000000,2.20000000,20.33
1749261042,21.36000000,0.37000000,20.33
1749261042,21.37000000,50.58000000,20.33
1749261042,21.38000000,0.80000000,20.33
1749261042,21.40000000,4.69000000,20.33
1749261042,21.42000000,13.05000000,20.33
1749261347,20.31000000,33.28000000,20.3
1749261347,20.32000000,430.87000000,20.3
1749261347,20.33000000,233.04000000,20.3
1749261347,20.34000000,352.89000000,20.3
1749261347,20.35000000,601.36000000,20.3
1749261347,20.36000000,163.27000000,20.3
1749261347,20.37000000,274.92000000,20.3
1749261347,20.38000000,217.91000000,20.3
1749261347,20.39000000,128.05000000,20.3
1749261347,20.40000000,96.28000000,20.3
1749261347,20.41000000,444.29000000,20.3
1749261347,20.42000000,437.20000000,20.3
1749261347,20.43000000,187.91000000,20.3
1749261347,20.44000000,97.14000000,20.3
1749261347,20.45000000,188.75000000,20.3
1749261347,20.46000000,22.04000000,20.3
1749261347,20.47000000,280.18000000,20.3
1749261347,20.48000000,98.58000000,20.3
1749261347,20.49000000,76.52000000,20.3
1749261347,20.50000000,289.15000000,20.3
1749261347,20.51000000,76.83000000,20.3
1749261347,20.52000000,1.17000000,20.3
1749261347,20.53000000,176.48000000,20.3
1749261347,20.54000000,10.43000000,20.3
1749261347,20.55000000,3.73000000,20.3
1749261347,20.56000000,246.73000000,20.3
1749261347,20.57000000,0.87000000,20.3
1749261347,20.58000000,249.30000000,20.3
1749261347,20.59000000,178.26000000,20.3
1749261347,20.60000000,207.55000000,20.3
1749261347,20.61000000,131.21000000,20.3
1749261347,20.62000000,176.84000000,20.3
1749261347,20.63000000,11.88000000,20.3
1749261347,20.64000000,176.78000000,20.3
1749261347,20.65000000,341.10000000,20.3
1749261347,20.66000000,77.69000000,20.3
1749261347,20.67000000,100.83000000,20.3
1749261347,20.68000000,82.69000000,20.3
1749261347,20.69000000,1.41000000,20.3
1749261347,20.70000000,107.84000000,20.3
1749261347,20.71000000,4.41000000,20.3
1749261347,20.72000000,183.46000000,20.3
1749261347,20.73000000,103.23000000,20.3
1749261347,20.74000000,0.50000000,20.3
1749261347,20.75000000,15.16000000,20.3
1749261347,20.76000000,0.80000000,20.3
1749261347,20.77000000,1.83000000,20.3
1749261347,20.78000000,0.50000000,20.3
1749261347,20.79000000,0.50000000,20.3
1749261347,20.80000000,1.42000000,20.3
1749261347,20.81000000,1.59000000,20.3
1749261347,20.82000000,3.08000000,20.3
1749261347,20.83000000,0.50000000,20.3
1749261347,20.84000000,2.21000000,20.3
1749261347,20.85000000,13.53000000,20.3
1749261347,20.86000000,0.96000000,20.3
1749261347,20.87000000,1.79000000,20.3
1749261347,20.88000000,0.93000000,20.3
1749261347,20.89000000,50.53000000,20.3
1749261347,20.90000000,11.39000000,20.3
1749261347,20.91000000,4.19000000,20.3
1749261347,20.92000000,0.50000000,20.3
1749261347,20.93000000,0.86000000,20.3
1749261347,20.94000000,1.25000000,20.3
1749261347,20.95000000,1.34000000,20.3
1749261347,20.96000000,62.33000000,20.3
1749261347,20.97000000,0.50000000,20.3
1749261347,20.98000000,7.11000000,20.3
1749261347,20.99000000,0.50000000,20.3
1749261347,21.00000000,6.49000000,20.3
1749261347,21.01000000,1.31000000,20.3
1749261347,21.02000000,3.17000000,20.3
1749261347,21.03000000,1.18000000,20.3
1749261347,21.04000000,0.50000000,20.3
1749261347,21.05000000,0.50000000,20.3
1749261347,21.06000000,0.50000000,20.3
1749261347,21.07000000,224.09000000,20.3
1749261347,21.09000000,2.40000000,20.3
1749261347,21.10000000,0.38000000,20.3
1749261347,21.11000000,2.40000000,20.3
1749261347,21.12000000,0.47000000,20.3
1749261347,21.13000000,0.91000000,20.3
1749261347,21.14000000,2.38000000,20.3
1749261347,21.16000000,51.05000000,20.3
1749261347,21.17000000,0.46000000,20.3
1749261347,21.18000000,51.24000000,20.3
1749261347,21.20000000,336.66000000,20.3
1749261347,21.24000000,337.83000000,20.3
1749261347,21.25000000,2.38000000,20.3
1749261347,21.26000000,0.64000000,20.3
1749261347,21.27000000,2.40000000,20.3
1749261347,21.28000000,1.20000000,20.3
1749261347,21.29000000,2.23000000,20.3
1749261347,21.30000000,4.86000000,20.3
1749261347,21.32000000,3.01000000,20.3
1749261347,21.33000000,8.66000000,20.3
1749261347,21.35000000,2.20000000,20.3
1749261347,21.36000000,0.37000000,20.3
1749261347,21.37000000,50.58000000,20.3
1749261347,21.38000000,0.80000000,20.3
1749261649,20.30000000,253.82000000,20.29
1749261649,20.31000000,259.26000000,20.29
1749261649,20.32000000,365.47000000,20.29
1749261649,20.33000000,501.00000000,20.29
1749261649,20.34000000,445.33000000,20.29
1749261649,20.35000000,442.30000000,20.29
1749261649,20.36000000,245.43000000,20.29
1749261649,20.37000000,128.06000000,20.29
1749261649,20.38000000,288.20000000,20.29
1749261649,20.39000000,132.31000000,20.29
1749261649,20.40000000,259.57000000,20.29
1749261649,20.41000000,476.11000000,20.29
1749261649,20.42000000,1.24000000,20.29
1749261649,20.43000000,187.91000000,20.29
1749261649,20.44000000,97.14000000,20.29
1749261649,20.45000000,251.08000000,20.29
1749261649,20.46000000,255.14000000,20.29
1749261649,20.47000000,280.18000000,20.29
1749261649,20.48000000,2.46000000,20.29
1749261649,20.49000000,76.15000000,20.29
1749261649,20.50000000,235.18000000,20.29
1749261649,20.51000000,76.83000000,20.29
1749261649,20.52000000,1.17000000,20.29
1749261649,20.53000000,176.48000000,20.29
1749261649,20.54000000,10.43000000,20.29
1749261649,20.55000000,4.33000000,20.29
1749261649,20.56000000,378.07000000,20.29
1749261649,20.57000000,249.17000000,20.29
1749261649,20.58000000,1.30000000,20.29
1749261649,20.59000000,181.06000000,20.29
1749261649,20.60000000,7.55000000,20.29
1749261649,20.61000000,0.87000000,20.29
1749261649,20.62000000,176.84000000,20.29
1749261649,20.63000000,11.88000000,20.29
1749261649,20.64000000,176.78000000,20.29
1749261649,20.65000000,338.30000000,20.29
1749261649,20.66000000,77.69000000,20.29
1749261649,20.67000000,100.83000000,20.29
1749261649,20.68000000,82.69000000,20.29
1749261649,20.69000000,1.41000000,20.29
1749261649,20.70000000,109.84000000,20.29
1749261649,20.71000000,4.41000000,20.29
1749261649,20.72000000,183.46000000,20.29
1749261649,20.73000000,103.83000000,20.29
1749261649,20.74000000,0.50000000,20.29
1749261649,20.75000000,15.16000000,20.29
1749261649,20.76000000,0.50000000,20.29
1749261649,20.77000000,1.83000000,20.29
1749261649,20.78000000,0.50000000,20.29
1749261649,20.79000000,0.50000000,20.29
1749261649,20.80000000,1.42000000,20.29
1749261649,20.81000000,1.59000000,20.29
1749261649,20.82000000,3.08000000,20.29
1749261649,20.83000000,0.50000000,20.29
1749261649,20.84000000,2.21000000,20.29
1749261649,20.85000000,13.53000000,20.29
1749261649,20.86000000,0.96000000,20.29
1749261649,20.87000000,1.79000000,20.29
1749261649,20.88000000,0.93000000,20.29
1749261649,20.89000000,50.53000000,20.29
1749261649,20.90000000,11.39000000,20.29
1749261649,20.91000000,4.79000000,20.29
1749261649,20.92000000,0.50000000,20.29
1749261649,20.93000000,0.86000000,20.29
1749261649,20.94000000,1.25000000,20.29
1749261649,20.95000000,1.34000000,20.29
1749261649,20.96000000,62.33000000,20.29
1749261649,20.97000000,0.50000000,20.29
1749261649,20.98000000,7.11000000,20.29
1749261649,20.99000000,0.50000000,20.29
1749261649,21.00000000,7.49000000,20.29
1749261649,21.01000000,1.31000000,20.29
1749261649,21.02000000,3.17000000,20.29
1749261649,21.03000000,1.18000000,20.29
1749261649,21.04000000,0.50000000,20.29
1749261649,21.05000000,0.50000000,20.29
1749261649,21.07000000,224.09000000,20.29
1749261649,21.09000000,3.00000000,20.29
1749261649,21.10000000,0.38000000,20.29
1749261649,21.11000000,2.40000000,20.29
1749261649,21.12000000,0.47000000,20.29
1749261649,21.13000000,0.91000000,20.29
1749261649,21.14000000,2.38000000,20.29
1749261649,21.16000000,51.05000000,20.29
1749261649,21.17000000,0.46000000,20.29
1749261649,21.18000000,51.24000000,20.29
1749261649,21.20000000,336.66000000,20.29
1749261649,21.24000000,337.83000000,20.29
1749261649,21.25000000,2.38000000,20.29
1749261649,21.26000000,0.64000000,20.29
1749261649,21.27000000,3.00000000,20.29
1749261649,21.28000000,1.20000000,20.29
1749261649,21.29000000,2.23000000,20.29
1749261649,21.30000000,4.86000000,20.29
1749261649,21.32000000,3.01000000,20.29
1749261649,21.33000000,8.66000000,20.29
1749261649,21.35000000,2.20000000,20.29
1749261649,21.36000000,12.39000000,20.29
1749261649,21.37000000,50.58000000,20.29
1749261649,21.38000000,0.80000000,20.29
1749261955,20.28000000,35.85000000,20.28
1749261955,20.29000000,154.90000000,20.28
1749261955,20.30000000,297.31000000,20.28
1749261955,20.31000000,454.04000000,20.28
1749261955,20.32000000,354.62000000,20.28
1749261955,20.33000000,730.54000000,20.28
1749261955,20.34000000,245.92000000,20.28
1749261955,20.35000000,267.88000000,20.28
1749261955,20.36000000,131.44000000,20.28
1749261955,20.37000000,284.47000000,20.28
1749261955,20.38000000,380.20000000,20.28
1749261955,20.39000000,121.67000000,20.28
1749261955,20.40000000,361.41000000,20.28
1749261955,20.41000000,300.26000000,20.28
1749261955,20.42000000,1.24000000,20.28
1749261955,20.43000000,187.91000000,20.28
1749261955,20.44000000,1.54000000,20.28
1749261955,20.45000000,251.08000000,20.28
1749261955,20.46000000,255.14000000,20.28
1749261955,20.47000000,179.26000000,20.28
1749261955,20.48000000,2.09000000,20.28
1749261955,20.49000000,76.15000000,20.28
1749261955,20.50000000,235.18000000,20.28
1749261955,20.51000000,76.83000000,20.28
1749261955,20.52000000,1.17000000,20.28
1749261955,20.53000000,176.48000000,20.28
1749261955,20.54000000,10.43000000,20.28
1749261955,20.55000000,4.33000000,20.28
1749261955,20.56000000,378.07000000,20.28
1749261955,20.57000000,0.87000000,20.28
1749261955,20.58000000,249.50000000,20.28
1749261955,20.59000000,181.06000000,20.28
1749261955,20.60000000,7.55000000,20.28
1749261955,20.61000000,0.87000000,20.28
1749261955,20.62000000,176.84000000,20.28
1749261955,20.63000000,11.88000000,20.28
1749261955,20.64000000,176.78000000,20.28
1749261955,20.65000000,338.30000000,20.28
1749261955,20.66000000,77.69000000,20.28
1749261955,20.67000000,100.83000000,20.28
1749261955,20.68000000,82.69000000,20.28
1749261955,20.69000000,1.41000000,20.28
1749261955,20.70000000,109.84000000,20.28
1749261955,20.71000000,4.41000000,20.28
1749261955,20.72000000,183.46000000,20.28
1749261955,20.73000000,103.83000000,20.28
1749261955,20.74000000,0.50000000,20.28
1749261955,20.75000000,15.16000000,20.28
1749261955,20.76000000,0.50000000,20.28
1749261955,20.77000000,1.83000000,20.28
1749261955,20.78000000,0.50000000,20.28
1749261955,20.79000000,0.50000000,20.28
1749261955,20.80000000,1.42000000,20.28
1749261955,20.81000000,1.59000000,20.28
1749261955,20.82000000,3.08000000,20.28
1749261955,20.83000000,0.50000000,20.28
1749261955,20.84000000,2.21000000,20.28
1749261955,20.85000000,13.53000000,20.28
1749261955,20.86000000,0.96000000,20.28
1749261955,20.87000000,1.79000000,20.28
1749261955,20.88000000,0.93000000,20.28
1749261955,20.89000000,50.53000000,20.28
1749261955,20.90000000,73.22000000,20.28
1749261955,20.91000000,4.79000000,20.28
1749261955,20.92000000,0.50000000,20.28
1749261955,20.93000000,0.86000000,20.28
1749261955,20.94000000,1.25000000,20.28
1749261955,20.95000000,1.34000000,20.28
1749261955,20.96000000,0.50000000,20.28
1749261955,20.97000000,0.50000000,20.28
1749261955,20.98000000,7.11000000,20.28
1749261955,20.99000000,0.50000000,20.28
1749261955,21.00000000,7.49000000,20.28
1749261955,21.01000000,1.31000000,20.28
1749261955,21.02000000,3.17000000,20.28
1749261955,21.03000000,1.18000000,20.28
1749261955,21.07000000,224.09000000,20.28
1749261955,21.09000000,3.00000000,20.28
1749261955,21.10000000,0.38000000,20.28
1749261955,21.11000000,2.40000000,20.28
1749261955,21.12000000,0.47000000,20.28
1749261955,21.13000000,0.91000000,20.28
1749261955,21.14000000,2.38000000,20.28
1749261955,21.16000000,51.05000000,20.28
1749261955,21.17000000,0.46000000,20.28
1749261955,21.18000000,51.24000000,20.28
1749261955,21.20000000,336.66000000,20.28
1749261955,21.24000000,337.83000000,20.28
1749261955,21.25000000,2.38000000,20.28
1749261955,21.26000000,0.64000000,20.28
1749261955,21.27000000,3.00000000,20.28
1749261955,21.28000000,1.20000000,20.28
1749261955,21.29000000,2.23000000,20.28
1749261955,21.30000000,4.86000000,20.28
1749261955,21.32000000,3.01000000,20.28
1749261955,21.33000000,8.66000000,20.28
1749261955,21.35000000,2.20000000,20.28
1749261955,21.36000000,12.39000000,20.28
1749261955,21.37000000,50.58000000,20.28
1749261955,21.38000000,0.80000000,20.28
1749262257,20.31000000,31.32000000,20.3
1749262257,20.32000000,484.86000000,20.3
1749262257,20.33000000,405.72000000,20.3
1749262257,20.34000000,442.26000000,20.3
1749262257,20.35000000,677.41000000,20.3
1749262257,20.36000000,152.56000000,20.3
1749262257,20.37000000,261.47000000,20.3
1749262257,20.38000000,466.16000000,20.3
1749262257,20.39000000,121.67000000,20.3
1749262257,20.40000000,133.84000000,20.3
1749262257,20.41000000,328.73000000,20.3
1749262257,20.42000000,70.33000000,20.3
1749262257,20.43000000,435.21000000,20.3
1749262257,20.44000000,1.54000000,20.3
1749262257,20.45000000,251.08000000,20.3
1749262257,20.46000000,255.14000000,20.3
1749262257,20.47000000,179.26000000,20.3
1749262257,20.48000000,2.09000000,20.3
1749262257,20.49000000,76.15000000,20.3
1749262257,20.50000000,235.18000000,20.3
1749262257,20.51000000,76.83000000,20.3
1749262257,20.52000000,1.17000000,20.3
1749262257,20.53000000,176.48000000,20.3
1749262257,20.54000000,10.43000000,20.3
1749262257,20.55000000,4.33000000,20.3
1749262257,20.56000000,178.07000000,20.3
1749262257,20.57000000,0.87000000,20.3
1749262257,20.58000000,249.60000000,20.3
1749262257,20.59000000,381.06000000,20.3
1749262257,20.60000000,58.94000000,20.3
1749262257,20.61000000,0.87000000,20.3
1749262257,20.62000000,176.84000000,20.3
1749262257,20.63000000,11.88000000,20.3
1749262257,20.64000000,176.78000000,20.3
1749262257,20.65000000,338.30000000,20.3
1749262257,20.66000000,77.69000000,20.3
1749262257,20.67000000,100.83000000,20.3
1749262257,20.68000000,82.69000000,20.3
1749262257,20.69000000,1.41000000,20.3
1749262257,20.70000000,109.84000000,20.3
1749262257,20.71000000,4.41000000,20.3
1749262257,20.72000000,183.46000000,20.3
1749262257,20.73000000,103.83000000,20.3
1749262257,20.74000000,0.50000000,20.3
1749262257,20.75000000,15.16000000,20.3
1749262257,20.76000000,0.50000000,20.3
1749262257,20.77000000,1.83000000,20.3
1749262257,20.78000000,0.50000000,20.3
1749262257,20.79000000,0.50000000,20.3
1749262257,20.80000000,1.42000000,20.3
1749262257,20.81000000,1.59000000,20.3
1749262257,20.82000000,3.08000000,20.3
1749262257,20.83000000,0.50000000,20.3
1749262257,20.84000000,2.21000000,20.3
1749262257,20.85000000,13.53000000,20.3
1749262257,20.86000000,0.96000000,20.3
1749262257,20.87000000,1.79000000,20.3
1749262257,20.88000000,0.93000000,20.3
1749262257,20.89000000,50.53000000,20.3
1749262257,20.90000000,73.22000000,20.3
1749262257,20.91000000,4.79000000,20.3
1749262257,20.92000000,0.50000000,20.3
1749262257,20.93000000,0.86000000,20.3
1749262257,20.94000000,1.25000000,20.3
1749262257,20.95000000,1.34000000,20.3
1749262257,20.96000000,0.50000000,20.3
1749262257,20.97000000,0.50000000,20.3
1749262257,20.98000000,7.11000000,20.3
1749262257,20.99000000,0.50000000,20.3
1749262257,21.00000000,7.49000000,20.3
1749262257,21.01000000,1.31000000,20.3
1749262257,21.02000000,3.17000000,20.3
1749262257,21.03000000,1.18000000,20.3
1749262257,21.04000000,0.50000000,20.3
1749262257,21.05000000,0.50000000,20.3
1749262257,21.06000000,0.50000000,20.3
1749262257,21.07000000,224.09000000,20.3
1749262257,21.09000000,3.00000000,20.3
1749262257,21.10000000,0.38000000,20.3
1749262257,21.11000000,2.40000000,20.3
1749262257,21.12000000,0.47000000,20.3
1749262257,21.13000000,0.91000000,20.3
1749262257,21.14000000,2.38000000,20.3
1749262257,21.16000000,51.05000000,20.3
1749262257,21.17000000,0.46000000,20.3
1749262257,21.18000000,51.24000000,20.3
1749262257,21.20000000,336.66000000,20.3
1749262257,21.24000000,337.83000000,20.3
1749262257,21.25000000,2.38000000,20.3
1749262257,21.26000000,0.64000000,20.3
1749262257,21.27000000,3.00000000,20.3
1749262257,21.28000000,1.20000000,20.3
1749262257,21.29000000,2.23000000,20.3
1749262257,21.30000000,4.86000000,20.3
1749262257,21.32000000,3.01000000,20.3
1749262257,21.33000000,8.66000000,20.3
1749262257,21.35000000,2.20000000,20.3
1749262257,21.36000000,12.39000000,20.3
1749262257,21.37000000,50.58000000,20.3
1749262257,21.38000000,0.80000000,20.3
1749262559,20.34000000,56.24000000,20.33
1749262559,20.35000000,332.63000000,20.33
1749262559,20.36000000,428.11000000,20.33
1749262559,20.37000000,741.53000000,20.33
1749262559,20.38000000,256.74000000,20.33
1749262559,20.39000000,264.35000000,20.33
1749262559,20.40000000,145.82000000,20.33
1749262559,20.41000000,238.08000000,20.33
1749262559,20.42000000,194.86000000,20.33
1749262559,20.43000000,458.61000000,20.33
1749262559,20.44000000,70.63000000,20.33
1749262559,20.45000000,220.24000000,20.33
1749262559,20.46000000,372.88000000,20.33
1749262559,20.47000000,179.26000000,20.33
1749262559,20.48000000,74.72000000,20.33
1749262559,20.49000000,76.15000000,20.33
1749262559,20.50000000,288.67000000,20.33
1749262559,20.51000000,76.83000000,20.33
1749262559,20.52000000,1.17000000,20.33
1749262559,20.53000000,176.48000000,20.33
1749262559,20.54000000,10.43000000,20.33
1749262559,20.55000000,72.99000000,20.33
1749262559,20.56000000,178.07000000,20.33
1749262559,20.57000000,0.87000000,20.33
1749262559,20.58000000,131.64000000,20.33
1749262559,20.59000000,181.06000000,20.33
1749262559,20.60000000,7.55000000,20.33
1749262559,20.61000000,0.87000000,20.33
1749262559,20.62000000,624.64000000,20.33
1749262559,20.63000000,11.88000000,20.33
1749262559,20.64000000,176.78000000,20.33
1749262559,20.65000000,338.30000000,20.33
1749262559,20.66000000,77.69000000,20.33
1749262559,20.67000000,100.83000000,20.33
1749262559,20.68000000,82.69000000,20.33
1749262559,20.69000000,1.41000000,20.33
1749262559,20.70000000,109.84000000,20.33
1749262559,20.71000000,4.41000000,20.33
1749262559,20.72000000,183.46000000,20.33
1749262559,20.73000000,103.83000000,20.33
1749262559,20.74000000,0.50000000,20.33
1749262559,20.75000000,15.16000000,20.33
1749262559,20.76000000,0.50000000,20.33
1749262559,20.77000000,1.83000000,20.33
1749262559,20.78000000,0.50000000,20.33
1749262559,20.79000000,0.50000000,20.33
1749262559,20.80000000,1.42000000,20.33
1749262559,20.81000000,1.59000000,20.33
1749262559,20.82000000,3.08000000,20.33
1749262559,20.83000000,0.50000000,20.33
1749262559,20.84000000,2.21000000,20.33
1749262559,20.85000000,13.53000000,20.33
1749262559,20.86000000,0.96000000,20.33
1749262559,20.87000000,1.79000000,20.33
1749262559,20.88000000,0.93000000,20.33
1749262559,20.89000000,50.53000000,20.33
1749262559,20.90000000,11.39000000,20.33
1749262559,20.91000000,4.79000000,20.33
1749262559,20.92000000,0.50000000,20.33
1749262559,20.93000000,0.86000000,20.33
1749262559,20.94000000,1.25000000,20.33
1749262559,20.95000000,1.34000000,20.33
1749262559,20.96000000,62.33000000,20.33
1749262559,20.97000000,0.50000000,20.33
1749262559,20.98000000,7.11000000,20.33
1749262559,20.99000000,0.50000000,20.33
1749262559,21.00000000,7.49000000,20.33
1749262559,21.01000000,1.31000000,20.33
1749262559,21.02000000,3.17000000,20.33
1749262559,21.03000000,1.18000000,20.33
1749262559,21.04000000,0.50000000,20.33
1749262559,21.05000000,0.50000000,20.33
1749262559,21.06000000,0.50000000,20.33
1749262559,21.07000000,224.59000000,20.33
1749262559,21.08000000,0.50000000,20.33
1749262559,21.09000000,3.50000000,20.33
1749262559,21.10000000,0.38000000,20.33
1749262559,21.11000000,2.40000000,20.33
1749262559,21.12000000,0.47000000,20.33
1749262559,21.13000000,0.91000000,20.33
1749262559,21.14000000,2.38000000,20.33
1749262559,21.16000000,51.05000000,20.33
1749262559,21.17000000,0.46000000,20.33
1749262559,21.18000000,51.24000000,20.33
1749262559,21.20000000,336.66000000,20.33
1749262559,21.24000000,337.83000000,20.33
1749262559,21.25000000,2.38000000,20.33
1749262559,21.26000000,0.64000000,20.33
1749262559,21.27000000,3.00000000,20.33
1749262559,21.28000000,1.20000000,20.33
1749262559,21.29000000,2.23000000,20.33
1749262559,21.30000000,4.86000000,20.33
1749262559,21.32000000,3.01000000,20.33
1749262559,21.33000000,8.66000000,20.33
1749262559,21.35000000,2.20000000,20.33
1749262559,21.36000000,12.39000000,20.33
1749262559,21.37000000,50.58000000,20.33
1749262559,21.38000000,0.80000000,20.33
1749262559,21.40000000,4.69000000,20.33
1749262559,21.42000000,1.03000000,20.33
1749262867,20.34000000,88.96000000,20.33
1749262867,20.35000000,491.80000000,20.33
1749262867,20.36000000,357.01000000,20.33
1749262867,20.37000000,555.90000000,20.33
1749262867,20.38000000,444.87000000,20.33
1749262867,20.39000000,329.76000000,20.33
1749262867,20.40000000,186.56000000,20.33
1749262867,20.41000000,401.23000000,20.33
1749262867,20.42000000,105.89000000,20.33
1749262867,20.43000000,404.16000000,20.33
1749262867,20.44000000,21.34000000,20.33
1749262867,20.45000000,496.51000000,20.33
1749262867,20.46000000,52.64000000,20.33
1749262867,20.47000000,179.26000000,20.33
1749262867,20.48000000,88.85000000,20.33
1749262867,20.49000000,76.15000000,20.33
1749262867,20.50000000,291.22000000,20.33
1749262867,20.51000000,150.15000000,20.33
1749262867,20.52000000,1.17000000,20.33
1749262867,20.53000000,176.48000000,20.33
1749262867,20.54000000,10.43000000,20.33
1749262867,20.55000000,72.99000000,20.33
1749262867,20.56000000,178.07000000,20.33
1749262867,20.57000000,0.87000000,20.33
1749262867,20.58000000,131.64000000,20.33
1749262867,20.59000000,178.26000000,20.33
1749262867,20.60000000,7.55000000,20.33
1749262867,20.61000000,248.67000000,20.33
1749262867,20.62000000,376.84000000,20.33
1749262867,20.63000000,11.88000000,20.33
1749262867,20.64000000,176.78000000,20.33
1749262867,20.65000000,341.10000000,20.33
1749262867,20.66000000,77.69000000,20.33
1749262867,20.67000000,100.83000000,20.33
1749262867,20.68000000,82.69000000,20.33
1749262867,20.69000000,1.41000000,20.33
1749262867,20.70000000,109.84000000,20.33
1749262867,20.71000000,4.41000000,20.33
1749262867,20.72000000,183.46000000,20.33
1749262867,20.73000000,103.83000000,20.33
1749262867,20.74000000,0.50000000,20.33
1749262867,20.75000000,15.16000000,20.33
1749262867,20.76000000,0.50000000,20.33
1749262867,20.77000000,1.83000000,20.33
1749262867,20.78000000,0.50000000,20.33
1749262867,20.79000000,0.50000000,20.33
1749262867,20.80000000,1.42000000,20.33
1749262867,20.81000000,1.59000000,20.33
1749262867,20.82000000,3.08000000,20.33
1749262867,20.83000000,0.50000000,20.33
1749262867,20.84000000,2.21000000,20.33
1749262867,20.85000000,13.53000000,20.33
1749262867,20.86000000,0.96000000,20.33
1749262867,20.87000000,1.79000000,20.33
1749262867,20.88000000,0.93000000,20.33
1749262867,20.89000000,50.53000000,20.33
1749262867,20.90000000,11.39000000,20.33
1749262867,20.91000000,4.79000000,20.33
1749262867,20.92000000,0.50000000,20.33
1749262867,20.93000000,0.86000000,20.33
1749262867,20.94000000,1.25000000,20.33
1749262867,20.95000000,1.34000000,20.33
1749262867,20.96000000,62.33000000,20.33
1749262867,20.97000000,0.50000000,20.33
1749262867,20.98000000,7.11000000,20.33
1749262867,20.99000000,0.50000000,20.33
1749262867,21.00000000,7.49000000,20.33
1749262867,21.01000000,1.31000000,20.33
1749262867,21.02000000,3.17000000,20.33
1749262867,21.03000000,1.18000000,20.33
1749262867,21.04000000,0.50000000,20.33
1749262867,21.05000000,0.50000000,20.33
1749262867,21.06000000,0.50000000,20.33
1749262867,21.07000000,224.59000000,20.33
1749262867,21.08000000,0.50000000,20.33
1749262867,21.09000000,3.50000000,20.33
1749262867,21.10000000,0.38000000,20.33
1749262867,21.11000000,2.40000000,20.33
1749262867,21.12000000,0.47000000,20.33
1749262867,21.13000000,0.91000000,20.33
1749262867,21.14000000,2.38000000,20.33
1749262867,21.16000000,51.05000000,20.33
1749262867,21.17000000,0.46000000,20.33
1749262867,21.18000000,51.24000000,20.33
1749262867,21.20000000,336.66000000,20.33
1749262867,21.24000000,337.83000000,20.33
1749262867,21.25000000,2.38000000,20.33
1749262867,21.26000000,0.64000000,20.33
1749262867,21.27000000,3.00000000,20.33
1749262867,21.28000000,1.20000000,20.33
1749262867,21.29000000,2.23000000,20.33
1749262867,21.30000000,4.86000000,20.33
1749262867,21.32000000,3.01000000,20.33
1749262867,21.33000000,8.66000000,20.33
1749262867,21.35000000,2.20000000,20.33
1749262867,21.36000000,0.37000000,20.33
1749262867,21.37000000,50.58000000,20.33
1749262867,21.38000000,0.80000000,20.33
1749262867,21.40000000,4.69000000,20.33
1749262867,21.42000000,13.05000000,20.33
1749263169,20.37000000,17.28000000,20.36
1749263169,20.38000000,411.37000000,20.36
1749263169,20.39000000,339.67000000,20.36
1749263169,20.40000000,500.91000000,20.36
1749263169,20.41000000,592.35000000,20.36
1749263169,20.42000000,148.74000000,20.36
1749263169,20.43000000,537.03000000,20.36
1749263169,20.44000000,49.93000000,20.36
1749263169,20.45000000,400.16000000,20.36
1749263169,20.46000000,187.28000000,20.36
1749263169,20.47000000,199.06000000,20.36
1749263169,20.48000000,108.65000000,20.36
1749263169,20.49000000,322.75000000,20.36
1749263169,20.50000000,124.64000000,20.36
1749263169,20.51000000,169.95000000,20.36
1749263169,20.52000000,1.17000000,20.36
1749263169,20.53000000,176.48000000,20.36
1749263169,20.54000000,197.43000000,20.36
1749263169,20.55000000,72.99000000,20.36
1749263169,20.56000000,178.07000000,20.36
1749263169,20.57000000,0.87000000,20.36
1749263169,20.58000000,131.64000000,20.36
1749263169,20.59000000,178.26000000,20.36
1749263169,20.60000000,7.55000000,20.36
1749263169,20.61000000,0.87000000,20.36
1749263169,20.62000000,176.84000000,20.36
1749263169,20.63000000,11.88000000,20.36
1749263169,20.64000000,176.78000000,20.36
1749263169,20.65000000,451.17000000,20.36
1749263169,20.66000000,77.69000000,20.36
1749263169,20.67000000,100.83000000,20.36
1749263169,20.68000000,82.69000000,20.36
1749263169,20.69000000,1.41000000,20.36
1749263169,20.70000000,109.84000000,20.36
1749263169,20.71000000,4.41000000,20.36
1749263169,20.72000000,523.56000000,20.36
1749263169,20.73000000,103.83000000,20.36
1749263169,20.74000000,0.50000000,20.36
1749263169,20.75000000,15.16000000,20.36
1749263169,20.76000000,0.80000000,20.36
1749263169,20.77000000,1.83000000,20.36
1749263169,20.78000000,0.50000000,20.36
1749263169,20.79000000,0.50000000,20.36
1749263169,20.80000000,1.42000000,20.36
1749263169,20.81000000,1.59000000,20.36
1749263169,20.82000000,3.08000000,20.36
1749263169,20.83000000,0.50000000,20.36
1749263169,20.84000000,2.21000000,20.36
1749263169,20.85000000,13.53000000,20.36
1749263169,20.86000000,0.96000000,20.36
1749263169,20.87000000,1.79000000,20.36
1749263169,20.88000000,0.93000000,20.36
1749263169,20.89000000,50.53000000,20.36
1749263169,20.90000000,11.39000000,20.36
1749263169,20.91000000,4.79000000,20.36
1749263169,20.92000000,0.50000000,20.36
1749263169,20.93000000,0.86000000,20.36
1749263169,20.94000000,1.25000000,20.36
1749263169,20.95000000,1.34000000,20.36
1749263169,20.96000000,62.33000000,20.36
1749263169,20.97000000,0.50000000,20.36
1749263169,20.98000000,7.11000000,20.36
1749263169,20.99000000,0.50000000,20.36
1749263169,21.00000000,7.49000000,20.36
1749263169,21.01000000,1.31000000,20.36
1749263169,21.02000000,3.17000000,20.36
1749263169,21.03000000,1.18000000,20.36
1749263169,21.04000000,0.50000000,20.36
1749263169,21.05000000,0.50000000,20.36
1749263169,21.06000000,0.50000000,20.36
1749263169,21.07000000,224.59000000,20.36
1749263169,21.08000000,0.50000000,20.36
1749263169,21.09000000,3.50000000,20.36
1749263169,21.10000000,0.88000000,20.36
1749263169,21.11000000,2.90000000,20.36
1749263169,21.12000000,0.97000000,20.36
1749263169,21.13000000,0.91000000,20.36
1749263169,21.14000000,2.38000000,20.36
1749263169,21.16000000,51.05000000,20.36
1749263169,21.17000000,0.46000000,20.36
1749263169,21.18000000,51.24000000,20.36
1749263169,21.20000000,336.66000000,20.36
1749263169,21.24000000,337.83000000,20.36
1749263169,21.25000000,2.38000000,20.36
1749263169,21.26000000,0.64000000,20.36
1749263169,21.27000000,3.00000000,20.36
1749263169,21.28000000,1.20000000,20.36
1749263169,21.29000000,2.23000000,20.36
1749263169,21.30000000,4.86000000,20.36
1749263169,21.32000000,3.01000000,20.36
1749263169,21.33000000,8.66000000,20.36
1749263169,21.35000000,2.20000000,20.36
1749263169,21.36000000,0.37000000,20.36
1749263169,21.37000000,50.58000000,20.36
1749263169,21.38000000,0.80000000,20.36
1749263169,21.40000000,4.69000000,20.36
1749263169,21.42000000,13.05000000,20.36
1749263169,21.43000000,0.48000000,20.36
1749263169,21.45000000,3.00000000,20.36
1749263169,21.46000000,0.74000000,20.36
1749263476,20.36000000,37.67000000,20.36
1749263476,20.37000000,281.19000000,20.36
1749263476,20.38000000,316.82000000,20.36
1749263476,20.39000000,353.78000000,20.36
1749263476,20.40000000,373.29000000,20.36
1749263476,20.41000000,802.92000000,20.36
1749263476,20.42000000,177.17000000,20.36
1749263476,20.43000000,249.35000000,20.36
1749263476,20.44000000,225.56000000,20.36
1749263476,20.45000000,204.43000000,20.36
1749263476,20.46000000,117.20000000,20.36
1749263476,20.47000000,342.57000000,20.36
1749263476,20.48000000,117.67000000,20.36
1749263476,20.49000000,359.98000000,20.36
1749263476,20.50000000,124.64000000,20.36
1749263476,20.51000000,97.62000000,20.36
1749263476,20.52000000,1.17000000,20.36
1749263476,20.53000000,263.24000000,20.36
1749263476,20.54000000,269.73000000,20.36
1749263476,20.55000000,72.99000000,20.36
1749263476,20.56000000,178.07000000,20.36
1749263476,20.57000000,0.87000000,20.36
1749263476,20.58000000,1.30000000,20.36
1749263476,20.59000000,178.26000000,20.36
1749263476,20.60000000,7.55000000,20.36
1749263476,20.61000000,0.87000000,20.36
1749263476,20.62000000,176.84000000,20.36
1749263476,20.63000000,11.88000000,20.36
1749263476,20.64000000,624.08000000,20.36
1749263476,20.65000000,134.01000000,20.36
1749263476,20.66000000,77.69000000,20.36
1749263476,20.67000000,100.83000000,20.36
1749263476,20.68000000,82.69000000,20.36
1749263476,20.69000000,1.41000000,20.36
1749263476,20.70000000,107.12000000,20.36
1749263476,20.71000000,1.79000000,20.36
1749263476,20.72000000,340.90000000,20.36
1749263476,20.73000000,103.83000000,20.36
1749263476,20.74000000,0.50000000,20.36
1749263476,20.75000000,2.14000000,20.36
1749263476,20.76000000,3.52000000,20.36
1749263476,20.77000000,4.45000000,20.36
1749263476,20.78000000,0.50000000,20.36
1749263476,20.79000000,0.50000000,20.36
1749263476,20.80000000,183.92000000,20.36
1749263476,20.81000000,14.61000000,20.36
1749263476,20.82000000,3.08000000,20.36
1749263476,20.83000000,0.50000000,20.36
1749263476,20.84000000,2.21000000,20.36
1749263476,20.85000000,13.53000000,20.36
1749263476,20.86000000,0.96000000,20.36
1749263476,20.87000000,1.79000000,20.36
1749263476,20.88000000,0.93000000,20.36
1749263476,20.89000000,50.53000000,20.36
1749263476,20.90000000,11.39000000,20.36
1749263476,20.91000000,4.79000000,20.36
1749263476,20.92000000,0.50000000,20.36
1749263476,20.93000000,0.86000000,20.36
1749263476,20.94000000,1.25000000,20.36
1749263476,20.95000000,1.34000000,20.36
1749263476,20.96000000,62.33000000,20.36
1749263476,20.97000000,0.50000000,20.36
1749263476,20.98000000,7.11000000,20.36
1749263476,20.99000000,0.50000000,20.36
1749263476,21.00000000,7.49000000,20.36
1749263476,21.01000000,1.31000000,20.36
1749263476,21.02000000,3.17000000,20.36
1749263476,21.03000000,1.18000000,20.36
1749263476,21.04000000,0.50000000,20.36
1749263476,21.05000000,0.50000000,20.36
1749263476,21.06000000,0.50000000,20.36
1749263476,21.07000000,224.59000000,20.36
1749263476,21.08000000,0.50000000,20.36
1749263476,21.09000000,3.50000000,20.36
1749263476,21.10000000,0.88000000,20.36
1749263476,21.11000000,2.90000000,20.36
1749263476,21.12000000,0.47000000,20.36
1749263476,21.13000000,0.91000000,20.36
1749263476,21.14000000,2.38000000,20.36
1749263476,21.17000000,0.46000000,20.36
1749263476,21.18000000,51.24000000,20.36
1749263476,21.20000000,336.66000000,20.36
1749263476,21.22000000,51.05000000,20.36
1749263476,21.24000000,337.83000000,20.36
1749263476,21.25000000,2.38000000,20.36
1749263476,21.26000000,0.64000000,20.36
1749263476,21.27000000,3.00000000,20.36
1749263476,21.28000000,1.20000000,20.36
1749263476,21.29000000,2.23000000,20.36
1749263476,21.30000000,4.86000000,20.36
1749263476,21.32000000,3.01000000,20.36
1749263476,21.33000000,8.66000000,20.36
1749263476,21.35000000,2.20000000,20.36
1749263476,21.36000000,0.37000000,20.36
1749263476,21.38000000,0.80000000,20.36
1749263476,21.40000000,4.69000000,20.36
1749263476,21.42000000,13.05000000,20.36
1749263476,21.43000000,51.06000000,20.36
1749263476,21.45000000,3.00000000,20.36
1749263476,21.46000000,0.74000000,20.36
1749263782,20.38000000,84.67000000,20.37
1749263782,20.39000000,502.92000000,20.37
1749263782,20.40000000,378.10000000,20.37
1749263782,20.41000000,694.73000000,20.37
1749263782,20.42000000,375.68000000,20.37
1749263782,20.43000000,642.96000000,20.37
1749263782,20.44000000,67.18000000,20.37
1749263782,20.45000000,228.35000000,20.37
1749263782,20.46000000,117.20000000,20.37
1749263782,20.47000000,299.85000000,20.37
1749263782,20.48000000,166.77000000,20.37
1749263782,20.49000000,133.28000000,20.37
1749263782,20.50000000,351.34000000,20.37
1749263782,20.51000000,117.42000000,20.37
1749263782,20.52000000,1.17000000,20.37
1749263782,20.53000000,263.24000000,20.37
1749263782,20.54000000,269.73000000,20.37
1749263782,20.55000000,72.99000000,20.37
1749263782,20.56000000,178.07000000,20.37
1749263782,20.57000000,0.87000000,20.37
1749263782,20.58000000,1.30000000,20.37
1749263782,20.59000000,178.26000000,20.37
1749263782,20.60000000,7.26000000,20.37
1749263782,20.61000000,0.87000000,20.37
1749263782,20.62000000,176.84000000,20.37
1749263782,20.63000000,11.88000000,20.37
1749263782,20.64000000,176.78000000,20.37
1749263782,20.65000000,134.01000000,20.37
1749263782,20.66000000,325.09000000,20.37
1749263782,20.67000000,300.83000000,20.37
1749263782,20.68000000,82.69000000,20.37
1749263782,20.69000000,1.41000000,20.37
1749263782,20.70000000,106.83000000,20.37
1749263782,20.71000000,1.79000000,20.37
1749263782,20.72000000,340.90000000,20.37
1749263782,20.73000000,103.83000000,20.37
1749263782,20.74000000,0.50000000,20.37
1749263782,20.75000000,2.14000000,20.37
1749263782,20.76000000,3.52000000,20.37
1749263782,20.77000000,4.45000000,20.37
1749263782,20.78000000,0.50000000,20.37
1749263782,20.79000000,0.50000000,20.37
1749263782,20.80000000,183.92000000,20.37
1749263782,20.81000000,14.61000000,20.37
1749263782,20.82000000,3.08000000,20.37
1749263782,20.83000000,0.50000000,20.37
1749263782,20.84000000,1.87000000,20.37
1749263782,20.85000000,13.53000000,20.37
1749263782,20.86000000,0.96000000,20.37
1749263782,20.87000000,1.79000000,20.37
1749263782,20.88000000,0.93000000,20.37
1749263782,20.89000000,50.53000000,20.37
1749263782,20.90000000,11.39000000,20.37
1749263782,20.91000000,4.41000000,20.37
1749263782,20.92000000,0.50000000,20.37
1749263782,20.93000000,0.86000000,20.37
1749263782,20.94000000,1.25000000,20.37
1749263782,20.95000000,1.34000000,20.37
1749263782,20.96000000,62.33000000,20.37
1749263782,20.97000000,0.50000000,20.37
1749263782,20.98000000,7.11000000,20.37
1749263782,20.99000000,0.50000000,20.37
1749263782,21.00000000,7.49000000,20.37
1749263782,21.01000000,0.93000000,20.37
1749263782,21.02000000,3.17000000,20.37
1749263782,21.03000000,1.18000000,20.37
1749263782,21.04000000,0.50000000,20.37
1749263782,21.05000000,0.50000000,20.37
1749263782,21.06000000,0.50000000,20.37
1749263782,21.07000000,224.59000000,20.37
1749263782,21.08000000,0.50000000,20.37
1749263782,21.09000000,3.50000000,20.37
1749263782,21.10000000,0.50000000,20.37
1749263782,21.11000000,2.90000000,20.37
1749263782,21.12000000,0.50000000,20.37
1749263782,21.13000000,1.41000000,20.37
1749263782,21.14000000,2.38000000,20.37
1749263782,21.17000000,0.46000000,20.37
1749263782,21.18000000,51.24000000,20.37
1749263782,21.20000000,336.66000000,20.37
1749263782,21.22000000,51.05000000,20.37
1749263782,21.24000000,337.83000000,20.37
1749263782,21.25000000,2.00000000,20.37
1749263782,21.26000000,0.64000000,20.37
1749263782,21.27000000,3.00000000,20.37
1749263782,21.28000000,1.20000000,20.37
1749263782,21.29000000,2.23000000,20.37
1749263782,21.30000000,4.86000000,20.37
1749263782,21.32000000,3.01000000,20.37
1749263782,21.33000000,8.66000000,20.37
1749263782,21.35000000,2.20000000,20.37
1749263782,21.36000000,0.37000000,20.37
1749263782,21.38000000,0.80000000,20.37
1749263782,21.40000000,4.69000000,20.37
1749263782,21.42000000,12.58000000,20.37
1749263782,21.43000000,51.06000000,20.37
1749263782,21.45000000,3.00000000,20.37
1749263782,21.46000000,0.74000000,20.37
1749263782,21.47000000,9.01000000,20.37
1749263782,21.48000000,0.46000000,20.37
1749264084,20.39000000,106.57000000,20.38
1749264084,20.40000000,364.44000000,20.38
1749264084,20.41000000,292.15000000,20.38
1749264084,20.42000000,265.07000000,20.38
1749264084,20.43000000,542.10000000,20.38
1749264084,20.44000000,308.72000000,20.38
1749264084,20.45000000,451.44000000,20.38
1749264084,20.46000000,65.17000000,20.38
1749264084,20.47000000,361.23000000,20.38
1749264084,20.48000000,353.73000000,20.38
1749264084,20.49000000,189.05000000,20.38
1749264084,20.50000000,218.10000000,20.38
1749264084,20.51000000,117.79000000,20.38
1749264084,20.52000000,258.34000000,20.38
1749264084,20.53000000,283.41000000,20.38
1749264084,20.54000000,30.23000000,20.38
1749264084,20.55000000,72.99000000,20.38
1749264084,20.56000000,178.07000000,20.38
1749264084,20.57000000,72.05000000,20.38
1749264084,20.58000000,188.25000000,20.38
1749264084,20.59000000,178.26000000,20.38
1749264084,20.60000000,3.46000000,20.38
1749264084,20.61000000,0.87000000,20.38
1749264084,20.62000000,176.84000000,20.38
1749264084,20.63000000,13.19000000,20.38
1749264084,20.64000000,176.78000000,20.38
1749264084,20.65000000,131.21000000,20.38
1749264084,20.66000000,77.69000000,20.38
1749264084,20.67000000,347.93000000,20.38
1749264084,20.68000000,82.69000000,20.38
1749264084,20.69000000,1.41000000,20.38
1749264084,20.70000000,310.63000000,20.38
1749264084,20.71000000,4.59000000,20.38
1749264084,20.72000000,340.90000000,20.38
1749264084,20.73000000,103.83000000,20.38
1749264084,20.74000000,0.50000000,20.38
1749264084,20.75000000,2.14000000,20.38
1749264084,20.76000000,3.52000000,20.38
1749264084,20.77000000,4.45000000,20.38
1749264084,20.78000000,0.50000000,20.38
1749264084,20.79000000,0.50000000,20.38
1749264084,20.80000000,184.22000000,20.38
1749264084,20.81000000,14.61000000,20.38
1749264084,20.82000000,3.08000000,20.38
1749264084,20.83000000,0.50000000,20.38
1749264084,20.84000000,1.87000000,20.38
1749264084,20.85000000,13.53000000,20.38
1749264084,20.86000000,0.96000000,20.38
1749264084,20.87000000,1.79000000,20.38
1749264084,20.88000000,0.93000000,20.38
1749264084,20.89000000,50.53000000,20.38
1749264084,20.90000000,11.39000000,20.38
1749264084,20.91000000,4.41000000,20.38
1749264084,20.92000000,0.50000000,20.38
1749264084,20.93000000,0.86000000,20.38
1749264084,20.94000000,1.25000000,20.38
1749264084,20.95000000,1.34000000,20.38
1749264084,20.96000000,0.50000000,20.38
1749264084,20.97000000,0.50000000,20.38
1749264084,20.98000000,7.11000000,20.38
1749264084,20.99000000,0.50000000,20.38
1749264084,21.00000000,7.49000000,20.38
1749264084,21.01000000,0.93000000,20.38
1749264084,21.02000000,65.00000000,20.38
1749264084,21.03000000,1.18000000,20.38
1749264084,21.04000000,0.50000000,20.38
1749264084,21.05000000,0.50000000,20.38
1749264084,21.06000000,0.50000000,20.38
1749264084,21.07000000,224.59000000,20.38
1749264084,21.08000000,0.50000000,20.38
1749264084,21.09000000,3.50000000,20.38
1749264084,21.10000000,0.50000000,20.38
1749264084,21.11000000,2.90000000,20.38
1749264084,21.12000000,0.50000000,20.38
1749264084,21.13000000,1.41000000,20.38
1749264084,21.14000000,2.88000000,20.38
1749264084,21.17000000,0.46000000,20.38
1749264084,21.18000000,51.24000000,20.38
1749264084,21.20000000,336.66000000,20.38
1749264084,21.22000000,51.05000000,20.38
1749264084,21.24000000,337.83000000,20.38
1749264084,21.25000000,2.00000000,20.38
1749264084,21.26000000,0.64000000,20.38
1749264084,21.27000000,3.00000000,20.38
1749264084,21.28000000,1.20000000,20.38
1749264084,21.29000000,2.23000000,20.38
1749264084,21.30000000,4.86000000,20.38
1749264084,21.32000000,3.01000000,20.38
1749264084,21.33000000,8.66000000,20.38
1749264084,21.35000000,2.20000000,20.38
1749264084,21.36000000,0.37000000,20.38
1749264084,21.38000000,0.80000000,20.38
1749264084,21.40000000,4.69000000,20.38
1749264084,21.42000000,12.58000000,20.38
1749264084,21.43000000,51.06000000,20.38
1749264084,21.45000000,3.00000000,20.38
1749264084,21.46000000,0.74000000,20.38
1749264084,21.47000000,9.01000000,20.38
1749264084,21.48000000,0.46000000,20.38
1749264084,21.50000000,296.84000000,20.38
1749264385,20.39000000,73.18000000,20.38
1749264385,20.40000000,468.90000000,20.38
1749264385,20.41000000,560.29000000,20.38
1749264385,20.42000000,362.12000000,20.38
1749264385,20.43000000,605.39000000,20.38
1749264385,20.44000000,53.88000000,20.38
1749264385,20.45000000,391.15000000,20.38
1749264385,20.46000000,48.99000000,20.38
1749264385,20.47000000,448.90000000,20.38
1749264385,20.48000000,247.36000000,20.38
1749264385,20.49000000,139.66000000,20.38
1749264385,20.50000000,350.39000000,20.38
1749264385,20.51000000,117.79000000,20.38
1749264385,20.52000000,32.14000000,20.38
1749264385,20.53000000,283.41000000,20.38
1749264385,20.54000000,269.28000000,20.38
1749264385,20.55000000,72.99000000,20.38
1749264385,20.56000000,178.07000000,20.38
1749264385,20.57000000,0.87000000,20.38
1749264385,20.58000000,1.30000000,20.38
1749264385,20.59000000,178.26000000,20.38
1749264385,20.60000000,3.46000000,20.38
1749264385,20.61000000,0.87000000,20.38
1749264385,20.62000000,176.84000000,20.38
1749264385,20.63000000,13.19000000,20.38
1749264385,20.64000000,176.78000000,20.38
1749264385,20.65000000,131.21000000,20.38
1749264385,20.66000000,325.09000000,20.38
1749264385,20.67000000,300.83000000,20.38
1749264385,20.68000000,82.69000000,20.38
1749264385,20.69000000,1.41000000,20.38
1749264385,20.70000000,110.63000000,20.38
1749264385,20.71000000,4.59000000,20.38
1749264385,20.72000000,340.90000000,20.38
1749264385,20.73000000,103.83000000,20.38
1749264385,20.74000000,0.50000000,20.38
1749264385,20.75000000,2.14000000,20.38
1749264385,20.76000000,3.52000000,20.38
1749264385,20.77000000,4.45000000,20.38
1749264385,20.78000000,0.50000000,20.38
1749264385,20.79000000,0.50000000,20.38
1749264385,20.80000000,184.22000000,20.38
1749264385,20.81000000,14.61000000,20.38
1749264385,20.82000000,3.08000000,20.38
1749264385,20.83000000,0.50000000,20.38
1749264385,20.84000000,1.87000000,20.38
1749264385,20.85000000,13.53000000,20.38
1749264385,20.86000000,0.96000000,20.38
1749264385,20.87000000,1.79000000,20.38
1749264385,20.88000000,0.93000000,20.38
1749264385,20.89000000,50.53000000,20.38
1749264385,20.90000000,11.39000000,20.38
1749264385,20.91000000,4.41000000,20.38
1749264385,20.92000000,0.50000000,20.38
1749264385,20.93000000,0.86000000,20.38
1749264385,20.94000000,1.25000000,20.38
1749264385,20.95000000,1.34000000,20.38
1749264385,20.96000000,0.50000000,20.38
1749264385,20.97000000,0.50000000,20.38
1749264385,20.98000000,7.11000000,20.38
1749264385,20.99000000,0.50000000,20.38
1749264385,21.00000000,7.49000000,20.38
1749264385,21.01000000,0.93000000,20.38
1749264385,21.02000000,65.00000000,20.38
1749264385,21.03000000,1.18000000,20.38
1749264385,21.04000000,0.50000000,20.38
1749264385,21.05000000,0.50000000,20.38
1749264385,21.06000000,0.50000000,20.38
1749264385,21.07000000,224.59000000,20.38
1749264385,21.08000000,0.50000000,20.38
1749264385,21.09000000,3.50000000,20.38
1749264385,21.10000000,0.50000000,20.38
1749264385,21.11000000,2.90000000,20.38
1749264385,21.12000000,0.50000000,20.38
1749264385,21.13000000,1.41000000,20.38
1749264385,21.14000000,2.88000000,20.38
1749264385,21.17000000,0.46000000,20.38
1749264385,21.18000000,51.24000000,20.38
1749264385,21.20000000,336.66000000,20.38
1749264385,21.22000000,51.05000000,20.38
1749264385,21.24000000,337.83000000,20.38
1749264385,21.25000000,2.00000000,20.38
1749264385,21.26000000,0.64000000,20.38
1749264385,21.27000000,3.00000000,20.38
1749264385,21.28000000,1.20000000,20.38
1749264385,21.29000000,2.23000000,20.38
1749264385,21.30000000,4.86000000,20.38
1749264385,21.32000000,3.01000000,20.38
1749264385,21.33000000,8.66000000,20.38
1749264385,21.35000000,2.20000000,20.38
1749264385,21.36000000,0.37000000,20.38
1749264385,21.38000000,0.80000000,20.38
1749264385,21.40000000,4.69000000,20.38
1749264385,21.42000000,12.58000000,20.38
1749264385,21.43000000,51.06000000,20.38
1749264385,21.45000000,3.00000000,20.38
1749264385,21.46000000,0.74000000,20.38
1749264385,21.47000000,9.01000000,20.38
1749264385,21.48000000,0.46000000,20.38
1749264385,21.50000000,296.84000000,20.38
1749264687,20.42000000,79.83000000,20.42
1749264687,20.43000000,254.03000000,20.42
1749264687,20.44000000,328.71000000,20.42
1749264687,20.45000000,493.43000000,20.42
1749264687,20.46000000,692.45000000,20.42
1749264687,20.47000000,373.87000000,20.42
1749264687,20.48000000,268.18000000,20.42
1749264687,20.49000000,271.82000000,20.42
1749264687,20.50000000,148.28000000,20.42
1749264687,20.51000000,216.31000000,20.42
1749264687,20.52000000,181.20000000,20.42
1749264687,20.53000000,283.41000000,20.42
1749264687,20.54000000,30.23000000,20.42
1749264687,20.55000000,318.99000000,20.42
1749264687,20.56000000,197.87000000,20.42
1749264687,20.57000000,73.61000000,20.42
1749264687,20.58000000,187.84000000,20.42
1749264687,20.59000000,178.26000000,20.42
1749264687,20.60000000,3.17000000,20.42
1749264687,20.61000000,0.87000000,20.42
1749264687,20.62000000,176.84000000,20.42
1749264687,20.63000000,13.19000000,20.42
1749264687,20.64000000,176.78000000,20.42
1749264687,20.65000000,135.01000000,20.42
1749264687,20.66000000,77.69000000,20.42
1749264687,20.67000000,100.83000000,20.42
1749264687,20.68000000,82.69000000,20.42
1749264687,20.69000000,1.41000000,20.42
1749264687,20.70000000,553.73000000,20.42
1749264687,20.71000000,4.59000000,20.42
1749264687,20.72000000,340.90000000,20.42
1749264687,20.73000000,103.83000000,20.42
1749264687,20.74000000,0.50000000,20.42
1749264687,20.75000000,2.14000000,20.42
1749264687,20.76000000,0.80000000,20.42
1749264687,20.77000000,1.83000000,20.42
1749264687,20.78000000,0.50000000,20.42
1749264687,20.79000000,0.50000000,20.42
1749264687,20.80000000,184.22000000,20.42
1749264687,20.81000000,14.61000000,20.42
1749264687,20.82000000,5.80000000,20.42
1749264687,20.83000000,3.12000000,20.42
1749264687,20.84000000,1.87000000,20.42
1749264687,20.85000000,13.53000000,20.42
1749264687,20.86000000,0.96000000,20.42
1749264687,20.87000000,1.79000000,20.42
1749264687,20.88000000,0.93000000,20.42
1749264687,20.89000000,50.53000000,20.42
1749264687,20.90000000,11.39000000,20.42
1749264687,20.91000000,4.41000000,20.42
1749264687,20.92000000,0.50000000,20.42
1749264687,20.93000000,0.86000000,20.42
1749264687,20.94000000,1.25000000,20.42
1749264687,20.95000000,1.34000000,20.42
1749264687,20.96000000,0.50000000,20.42
1749264687,20.97000000,0.50000000,20.42
1749264687,20.98000000,7.11000000,20.42
1749264687,20.99000000,0.50000000,20.42
1749264687,21.00000000,7.49000000,20.42
1749264687,21.01000000,0.50000000,20.42
1749264687,21.02000000,65.00000000,20.42
1749264687,21.03000000,1.18000000,20.42
1749264687,21.04000000,0.50000000,20.42
1749264687,21.05000000,0.50000000,20.42
1749264687,21.06000000,0.50000000,20.42
1749264687,21.07000000,224.59000000,20.42
1749264687,21.08000000,0.50000000,20.42
1749264687,21.09000000,3.50000000,20.42
1749264687,21.10000000,0.50000000,20.42
1749264687,21.11000000,2.90000000,20.42
1749264687,21.12000000,0.50000000,20.42
1749264687,21.13000000,1.41000000,20.42
1749264687,21.14000000,2.41000000,20.42
1749264687,21.15000000,0.50000000,20.42
1749264687,21.16000000,0.50000000,20.42
1749264687,21.17000000,0.96000000,20.42
1749264687,21.18000000,51.24000000,20.42
1749264687,21.20000000,336.66000000,20.42
1749264687,21.22000000,51.05000000,20.42
1749264687,21.24000000,337.83000000,20.42
1749264687,21.25000000,2.00000000,20.42
1749264687,21.26000000,0.64000000,20.42
1749264687,21.27000000,3.00000000,20.42
1749264687,21.28000000,1.20000000,20.42
1749264687,21.29000000,2.23000000,20.42
1749264687,21.30000000,4.86000000,20.42
1749264687,21.32000000,3.01000000,20.42
1749264687,21.33000000,8.66000000,20.42
1749264687,21.35000000,2.20000000,20.42
1749264687,21.36000000,0.37000000,20.42
1749264687,21.38000000,0.80000000,20.42
1749264687,21.40000000,4.69000000,20.42
1749264687,21.42000000,12.02000000,20.42
1749264687,21.43000000,51.06000000,20.42
1749264687,21.45000000,3.00000000,20.42
1749264687,21.46000000,0.74000000,20.42
1749264687,21.47000000,9.01000000,20.42
1749264687,21.48000000,0.46000000,20.42
1749264687,21.50000000,296.84000000,20.42
1749264687,21.51000000,1.64000000,20.42
1749264988,20.51000000,82.49000000,20.51
1749264988,20.52000000,461.94000000,20.51
1749264988,20.53000000,239.95000000,20.51
1749264988,20.54000000,470.10000000,20.51
1749264988,20.55000000,646.07000000,20.51
1749264988,20.56000000,474.27000000,20.51
1749264988,20.57000000,192.66000000,20.51
1749264988,20.58000000,125.63000000,20.51
1749264988,20.59000000,223.40000000,20.51
1749264988,20.60000000,145.90000000,20.51
1749264988,20.61000000,42.81000000,20.51
1749264988,20.62000000,228.60000000,20.51
1749264988,20.63000000,529.72000000,20.51
1749264988,20.64000000,196.58000000,20.51
1749264988,20.65000000,73.33000000,20.51
1749264988,20.66000000,78.06000000,20.51
1749264988,20.67000000,101.20000000,20.51
1749264988,20.68000000,83.06000000,20.51
1749264988,20.69000000,74.46000000,20.51
1749264988,20.70000000,290.68000000,20.51
1749264988,20.71000000,77.44000000,20.51
1749264988,20.72000000,131.51000000,20.51
1749264988,20.73000000,103.83000000,20.51
1749264988,20.74000000,75.78000000,20.51
1749264988,20.75000000,2.14000000,20.51
1749264988,20.76000000,101.13000000,20.51
1749264988,20.77000000,79.91000000,20.51
1749264988,20.78000000,100.83000000,20.51
1749264988,20.79000000,200.50000000,20.51
1749264988,20.80000000,322.70000000,20.51
1749264988,20.81000000,101.92000000,20.51
1749264988,20.82000000,3.08000000,20.51
1749264988,20.83000000,0.50000000,20.51
1749264988,20.84000000,2.17000000,20.51
1749264988,20.85000000,13.53000000,20.51
1749264988,20.86000000,337.47000000,20.51
1749264988,20.87000000,14.81000000,20.51
1749264988,20.88000000,185.24000000,20.51
1749264988,20.89000000,53.15000000,20.51
1749264988,20.90000000,11.39000000,20.51
1749264988,20.91000000,4.41000000,20.51
1749264988,20.92000000,0.50000000,20.51
1749264988,20.93000000,0.86000000,20.51
1749264988,20.94000000,1.25000000,20.51
1749264988,20.95000000,1.34000000,20.51
1749264988,20.96000000,0.50000000,20.51
1749264988,20.97000000,0.50000000,20.51
1749264988,20.98000000,7.11000000,20.51
1749264988,20.99000000,0.50000000,20.51
1749264988,21.00000000,7.49000000,20.51
1749264988,21.01000000,0.50000000,20.51
1749264988,21.02000000,3.17000000,20.51
1749264988,21.03000000,1.18000000,20.51
1749264988,21.04000000,0.50000000,20.51
1749264988,21.05000000,0.50000000,20.51
1749264988,21.06000000,0.50000000,20.51
1749264988,21.07000000,224.59000000,20.51
1749264988,21.08000000,0.50000000,20.51
1749264988,21.09000000,65.33000000,20.51
1749264988,21.10000000,0.50000000,20.51
1749264988,21.11000000,2.90000000,20.51
1749264988,21.12000000,0.50000000,20.51
1749264988,21.13000000,1.41000000,20.51
1749264988,21.14000000,2.41000000,20.51
1749264988,21.15000000,0.50000000,20.51
1749264988,21.16000000,0.50000000,20.51
1749264988,21.17000000,0.96000000,20.51
1749264988,21.18000000,51.74000000,20.51
1749264988,21.19000000,0.50000000,20.51
1749264988,21.20000000,337.16000000,20.51
1749264988,21.21000000,0.50000000,20.51
1749264988,21.22000000,0.50000000,20.51
1749264988,21.23000000,0.49000000,20.51
1749264988,21.24000000,338.32000000,20.51
1749264988,21.25000000,2.49000000,20.51
1749264988,21.26000000,1.13000000,20.51
1749264988,21.27000000,3.00000000,20.51
1749264988,21.28000000,52.25000000,20.51
1749264988,21.29000000,2.23000000,20.51
1749264988,21.30000000,4.86000000,20.51
1749264988,21.32000000,3.01000000,20.51
1749264988,21.33000000,8.66000000,20.51
1749264988,21.35000000,2.20000000,20.51
1749264988,21.36000000,0.37000000,20.51
1749264988,21.38000000,0.80000000,20.51
1749264988,21.40000000,4.69000000,20.51
1749264988,21.43000000,0.48000000,20.51
1749264988,21.45000000,3.00000000,20.51
1749264988,21.46000000,0.74000000,20.51
1749264988,21.47000000,9.01000000,20.51
1749264988,21.48000000,12.48000000,20.51
1749264988,21.50000000,347.42000000,20.51
1749264988,21.51000000,1.64000000,20.51
1749264988,21.52000000,0.28000000,20.51
1749264988,21.53000000,3.15000000,20.51
1749264988,21.54000000,1.23000000,20.51
1749264988,21.56000000,0.36000000,20.51
1749264988,21.58000000,1.37000000,20.51
1749264988,21.59000000,47.33000000,20.51
1749264988,21.60000000,88.70000000,20.51
1749265290,20.48000000,46.43000000,20.47
1749265290,20.49000000,374.02000000,20.47
1749265290,20.50000000,317.58000000,20.47
1749265290,20.51000000,229.64000000,20.47
1749265290,20.52000000,509.70000000,20.47
1749265290,20.53000000,455.13000000,20.47
1749265290,20.54000000,325.76000000,20.47
1749265290,20.55000000,247.96000000,20.47
1749265290,20.56000000,222.57000000,20.47
1749265290,20.57000000,366.76000000,20.47
1749265290,20.58000000,99.55000000,20.47
1749265290,20.59000000,315.03000000,20.47
1749265290,20.60000000,248.74000000,20.47
1749265290,20.61000000,32.10000000,20.47
1749265290,20.62000000,228.60000000,20.47
1749265290,20.63000000,128.91000000,20.47
1749265290,20.64000000,176.78000000,20.47
1749265290,20.65000000,73.33000000,20.47
1749265290,20.66000000,336.12000000,20.47
1749265290,20.67000000,101.20000000,20.47
1749265290,20.68000000,83.06000000,20.47
1749265290,20.69000000,1.78000000,20.47
1749265290,20.70000000,107.20000000,20.47
1749265290,20.71000000,77.44000000,20.47
1749265290,20.72000000,131.51000000,20.47
1749265290,20.73000000,103.83000000,20.47
1749265290,20.74000000,75.78000000,20.47
1749265290,20.75000000,2.14000000,20.47
1749265290,20.76000000,301.13000000,20.47
1749265290,20.77000000,325.91000000,20.47
1749265290,20.78000000,100.83000000,20.47
1749265290,20.79000000,0.50000000,20.47
1749265290,20.80000000,77.00000000,20.47
1749265290,20.81000000,101.92000000,20.47
1749265290,20.82000000,3.08000000,20.47
1749265290,20.83000000,0.50000000,20.47
1749265290,20.84000000,2.17000000,20.47
1749265290,20.85000000,13.53000000,20.47
1749265290,20.86000000,337.47000000,20.47
1749265290,20.87000000,14.81000000,20.47
1749265290,20.88000000,185.24000000,20.47
1749265290,20.89000000,53.15000000,20.47
1749265290,20.90000000,11.39000000,20.47
1749265290,20.91000000,4.41000000,20.47
1749265290,20.92000000,0.80000000,20.47
1749265290,20.93000000,0.86000000,20.47
1749265290,20.94000000,1.25000000,20.47
1749265290,20.95000000,1.34000000,20.47
1749265290,20.96000000,0.50000000,20.47
1749265290,20.97000000,0.50000000,20.47
1749265290,20.98000000,7.11000000,20.47
1749265290,20.99000000,0.50000000,20.47
1749265290,21.00000000,7.49000000,20.47
1749265290,21.01000000,0.50000000,20.47
1749265290,21.02000000,3.17000000,20.47
1749265290,21.03000000,1.18000000,20.47
1749265290,21.04000000,0.50000000,20.47
1749265290,21.05000000,0.50000000,20.47
1749265290,21.06000000,0.50000000,20.47
1749265290,21.07000000,224.59000000,20.47
1749265290,21.08000000,0.50000000,20.47
1749265290,21.09000000,65.33000000,20.47
1749265290,21.10000000,0.50000000,20.47
1749265290,21.11000000,2.90000000,20.47
1749265290,21.12000000,0.50000000,20.47
1749265290,21.13000000,1.41000000,20.47
1749265290,21.14000000,2.41000000,20.47
1749265290,21.15000000,0.50000000,20.47
1749265290,21.16000000,0.50000000,20.47
1749265290,21.17000000,0.96000000,20.47
1749265290,21.18000000,51.74000000,20.47
1749265290,21.19000000,0.50000000,20.47
1749265290,21.20000000,337.16000000,20.47
1749265290,21.21000000,0.50000000,20.47
1749265290,21.22000000,0.50000000,20.47
1749265290,21.23000000,0.49000000,20.47
1749265290,21.24000000,337.83000000,20.47
1749265290,21.25000000,2.00000000,20.47
1749265290,21.26000000,0.64000000,20.47
1749265290,21.27000000,3.00000000,20.47
1749265290,21.28000000,52.25000000,20.47
1749265290,21.29000000,2.23000000,20.47
1749265290,21.30000000,4.86000000,20.47
1749265290,21.32000000,3.01000000,20.47
1749265290,21.33000000,8.66000000,20.47
1749265290,21.35000000,2.20000000,20.47
1749265290,21.36000000,0.37000000,20.47
1749265290,21.38000000,0.80000000,20.47
1749265290,21.40000000,4.69000000,20.47
1749265290,21.43000000,0.48000000,20.47
1749265290,21.45000000,3.00000000,20.47
1749265290,21.46000000,0.74000000,20.47
1749265290,21.47000000,9.01000000,20.47
1749265290,21.48000000,0.46000000,20.47
1749265290,21.50000000,347.42000000,20.47
1749265290,21.51000000,1.64000000,20.47
1749265290,21.52000000,0.28000000,20.47
1749265290,21.53000000,3.15000000,20.47
1749265290,21.54000000,13.25000000,20.47
1749265290,21.56000000,0.36000000,20.47
1749265596,20.57000000,52.01000000,20.56
1749265596,20.58000000,171.77000000,20.56
1749265596,20.59000000,458.36000000,20.56
1749265596,20.60000000,343.28000000,20.56
1749265596,20.61000000,693.21000000,20.56
1749265596,20.62000000,321.44000000,20.56
1749265596,20.63000000,273.57000000,20.56
1749265596,20.64000000,207.32000000,20.56
1749265596,20.65000000,143.45000000,20.56
1749265596,20.66000000,227.19000000,20.56
1749265596,20.67000000,158.39000000,20.56
1749265596,20.68000000,221.58000000,20.56
1749265596,20.69000000,398.75000000,20.56
1749265596,20.70000000,127.00000000,20.56
1749265596,20.71000000,97.24000000,20.56
1749265596,20.72000000,102.15000000,20.56
1749265596,20.73000000,124.00000000,20.56
1749265596,20.74000000,333.54000000,20.56
1749265596,20.75000000,2.51000000,20.56
1749265596,20.76000000,102.80000000,20.56
1749265596,20.77000000,77.48000000,20.56
1749265596,20.78000000,101.20000000,20.56
1749265596,20.79000000,130.84000000,20.56
1749265596,20.80000000,77.00000000,20.56
1749265596,20.81000000,101.92000000,20.56
1749265596,20.82000000,78.36000000,20.56
1749265596,20.83000000,3.30000000,20.56
1749265596,20.84000000,102.50000000,20.56
1749265596,20.85000000,458.63000000,20.56
1749265596,20.86000000,0.96000000,20.56
1749265596,20.87000000,102.12000000,20.56
1749265596,20.88000000,1.23000000,20.56
1749265596,20.89000000,50.53000000,20.56
1749265596,20.90000000,11.39000000,20.56
1749265596,20.91000000,4.41000000,20.56
1749265596,20.92000000,0.80000000,20.56
1749265596,20.93000000,359.61000000,20.56
1749265596,20.94000000,3.97000000,20.56
1749265596,20.95000000,3.96000000,20.56
1749265596,20.96000000,182.78000000,20.56
1749265596,20.97000000,0.50000000,20.56
1749265596,20.98000000,7.11000000,20.56
1749265596,20.99000000,1.50000000,20.56
1749265596,21.00000000,7.49000000,20.56
1749265596,21.01000000,0.50000000,20.56
1749265596,21.02000000,3.17000000,20.56
1749265596,21.03000000,1.18000000,20.56
1749265596,21.04000000,0.50000000,20.56
1749265596,21.05000000,0.50000000,20.56
1749265596,21.06000000,0.50000000,20.56
1749265596,21.07000000,224.59000000,20.56
1749265596,21.08000000,0.50000000,20.56
1749265596,21.09000000,3.50000000,20.56
1749265596,21.10000000,0.50000000,20.56
1749265596,21.11000000,2.90000000,20.56
1749265596,21.12000000,0.50000000,20.56
1749265596,21.13000000,1.41000000,20.56
1749265596,21.14000000,2.41000000,20.56
1749265596,21.15000000,49.80000000,20.56
1749265596,21.16000000,13.03000000,20.56
1749265596,21.17000000,0.96000000,20.56
1749265596,21.18000000,51.74000000,20.56
1749265596,21.19000000,0.50000000,20.56
1749265596,21.20000000,337.16000000,20.56
1749265596,21.21000000,0.50000000,20.56
1749265596,21.22000000,0.50000000,20.56
1749265596,21.23000000,0.49000000,20.56
1749265596,21.24000000,2.50000000,20.56
1749265596,21.25000000,2.49000000,20.56
1749265596,21.26000000,1.13000000,20.56
1749265596,21.27000000,3.49000000,20.56
1749265596,21.28000000,1.69000000,20.56
1749265596,21.29000000,2.72000000,20.56
1749265596,21.30000000,5.35000000,20.56
1749265596,21.31000000,0.49000000,20.56
1749265596,21.32000000,3.50000000,20.56
1749265596,21.33000000,8.66000000,20.56
1749265596,21.34000000,51.05000000,20.56
1749265596,21.35000000,2.20000000,20.56
1749265596,21.36000000,0.37000000,20.56
1749265596,21.37000000,0.56000000,20.56
1749265596,21.38000000,0.80000000,20.56
1749265596,21.40000000,4.69000000,20.56
1749265596,21.41000000,330.93000000,20.56
1749265596,21.43000000,0.48000000,20.56
1749265596,21.45000000,3.00000000,20.56
1749265596,21.46000000,0.74000000,20.56
1749265596,21.47000000,9.01000000,20.56
1749265596,21.48000000,0.46000000,20.56
1749265596,21.50000000,296.84000000,20.56
1749265596,21.51000000,1.64000000,20.56
1749265596,21.52000000,0.28000000,20.56
1749265596,21.53000000,3.15000000,20.56
1749265596,21.54000000,13.25000000,20.56
1749265596,21.56000000,50.94000000,20.56
1749265596,21.58000000,1.37000000,20.56
1749265596,21.59000000,47.33000000,20.56
1749265596,21.63000000,1.91000000,20.56
1749265596,21.64000000,3.61000000,20.56
1749265596,21.65000000,2.10000000,20.56
1749265898,20.56000000,54.92000000,20.55
1749265898,20.57000000,471.60000000,20.55
1749265898,20.58000000,174.12000000,20.55
1749265898,20.59000000,439.66000000,20.55
1749265898,20.60000000,564.97000000,20.55
1749265898,20.61000000,330.91000000,20.55
1749265898,20.62000000,347.33000000,20.55
1749265898,20.63000000,133.40000000,20.55
1749265898,20.64000000,274.43000000,20.55
1749265898,20.65000000,143.75000000,20.55
1749265898,20.66000000,147.09000000,20.55
1749265898,20.67000000,335.43000000,20.55
1749265898,20.68000000,446.28000000,20.55
1749265898,20.69000000,21.58000000,20.55
1749265898,20.70000000,127.00000000,20.55
1749265898,20.71000000,97.24000000,20.55
1749265898,20.72000000,102.15000000,20.55
1749265898,20.73000000,104.20000000,20.55
1749265898,20.74000000,333.54000000,20.55
1749265898,20.75000000,2.51000000,20.55
1749265898,20.76000000,102.80000000,20.55
1749265898,20.77000000,101.79000000,20.55
1749265898,20.78000000,101.20000000,20.55
1749265898,20.79000000,130.84000000,20.55
1749265898,20.80000000,77.00000000,20.55
1749265898,20.81000000,101.92000000,20.55
1749265898,20.82000000,278.36000000,20.55
1749265898,20.83000000,3.30000000,20.55
1749265898,20.84000000,347.60000000,20.55
1749265898,20.85000000,13.53000000,20.55
1749265898,20.86000000,0.96000000,20.55
1749265898,20.87000000,102.12000000,20.55
1749265898,20.88000000,1.23000000,20.55
1749265898,20.89000000,0.50000000,20.55
1749265898,20.90000000,11.39000000,20.55
1749265898,20.91000000,4.41000000,20.55
1749265898,20.92000000,0.80000000,20.55
1749265898,20.93000000,359.61000000,20.55
1749265898,20.94000000,3.97000000,20.55
1749265898,20.95000000,3.96000000,20.55
1749265898,20.96000000,182.78000000,20.55
1749265898,20.97000000,0.50000000,20.55
1749265898,20.98000000,7.11000000,20.55
1749265898,20.99000000,1.50000000,20.55
1749265898,21.00000000,7.49000000,20.55
1749265898,21.01000000,0.50000000,20.55
1749265898,21.02000000,3.17000000,20.55
1749265898,21.03000000,1.18000000,20.55
1749265898,21.04000000,0.50000000,20.55
1749265898,21.05000000,0.50000000,20.55
1749265898,21.06000000,0.50000000,20.55
1749265898,21.07000000,224.59000000,20.55
1749265898,21.08000000,0.50000000,20.55
1749265898,21.09000000,3.50000000,20.55
1749265898,21.10000000,0.50000000,20.55
1749265898,21.11000000,2.90000000,20.55
1749265898,21.12000000,0.50000000,20.55
1749265898,21.13000000,1.41000000,20.55
1749265898,21.14000000,2.41000000,20.55
1749265898,21.15000000,49.80000000,20.55
1749265898,21.16000000,13.03000000,20.55
1749265898,21.17000000,0.96000000,20.55
1749265898,21.18000000,51.74000000,20.55
1749265898,21.19000000,0.50000000,20.55
1749265898,21.20000000,337.16000000,20.55
1749265898,21.21000000,0.50000000,20.55
1749265898,21.22000000,0.50000000,20.55
1749265898,21.23000000,0.49000000,20.55
1749265898,21.24000000,2.50000000,20.55
1749265898,21.25000000,2.49000000,20.55
1749265898,21.26000000,1.13000000,20.55
1749265898,21.27000000,3.49000000,20.55
1749265898,21.28000000,1.69000000,20.55
1749265898,21.29000000,2.72000000,20.55
1749265898,21.30000000,5.35000000,20.55
1749265898,21.31000000,0.49000000,20.55
1749265898,21.32000000,3.01000000,20.55
1749265898,21.33000000,8.66000000,20.55
1749265898,21.34000000,51.05000000,20.55
1749265898,21.35000000,2.20000000,20.55
1749265898,21.36000000,0.37000000,20.55
1749265898,21.37000000,0.56000000,20.55
1749265898,21.38000000,0.80000000,20.55
1749265898,21.40000000,4.69000000,20.55
1749265898,21.41000000,330.93000000,20.55
1749265898,21.43000000,0.48000000,20.55
1749265898,21.45000000,3.00000000,20.55
1749265898,21.46000000,0.74000000,20.55
1749265898,21.47000000,9.01000000,20.55
1749265898,21.48000000,0.46000000,20.55
1749265898,21.50000000,296.84000000,20.55
1749265898,21.51000000,1.64000000,20.55
1749265898,21.52000000,0.28000000,20.55
1749265898,21.53000000,3.15000000,20.55
1749265898,21.54000000,13.25000000,20.55
1749265898,21.56000000,100.97000000,20.55
1749265898,21.58000000,1.37000000,20.55
1749265898,21.59000000,47.33000000,20.55
1749265898,21.63000000,1.91000000,20.55
1749265898,21.64000000,3.61000000,20.55
1749266199,20.61000000,35.32000000,20.6
1749266199,20.62000000,489.67000000,20.6
1749266199,20.63000000,382.85000000,20.6
1749266199,20.64000000,650.07000000,20.6
1749266199,20.65000000,257.78000000,20.6
1749266199,20.66000000,150.33000000,20.6
1749266199,20.67000000,377.43000000,20.6
1749266199,20.68000000,159.10000000,20.6
1749266199,20.69000000,299.49000000,20.6
1749266199,20.70000000,349.69000000,20.6
1749266199,20.71000000,144.38000000,20.6
1749266199,20.72000000,30.13000000,20.6
1749266199,20.73000000,417.65000000,20.6
1749266199,20.74000000,144.81000000,20.6
1749266199,20.75000000,2.51000000,20.6
1749266199,20.76000000,102.80000000,20.6
1749266199,20.77000000,101.79000000,20.6
1749266199,20.78000000,358.64000000,20.6
1749266199,20.79000000,131.21000000,20.6
1749266199,20.80000000,78.23000000,20.6
1749266199,20.81000000,102.29000000,20.6
1749266199,20.82000000,78.36000000,20.6
1749266199,20.83000000,0.50000000,20.6
1749266199,20.84000000,177.78000000,20.6
1749266199,20.85000000,13.53000000,20.6
1749266199,20.86000000,0.96000000,20.6
1749266199,20.87000000,177.40000000,20.6
1749266199,20.88000000,201.23000000,20.6
1749266199,20.89000000,3.30000000,20.6
1749266199,20.90000000,247.89000000,20.6
1749266199,20.91000000,4.41000000,20.6
1749266199,20.92000000,0.80000000,20.6
1749266199,20.93000000,346.59000000,20.6
1749266199,20.94000000,3.97000000,20.6
1749266199,20.95000000,3.96000000,20.6
1749266199,20.96000000,182.78000000,20.6
1749266199,20.97000000,0.50000000,20.6
1749266199,20.98000000,7.11000000,20.6
1749266199,20.99000000,14.52000000,20.6
1749266199,21.00000000,7.79000000,20.6
1749266199,21.01000000,0.50000000,20.6
1749266199,21.02000000,3.17000000,20.6
1749266199,21.03000000,1.18000000,20.6
1749266199,21.04000000,0.50000000,20.6
1749266199,21.05000000,0.50000000,20.6
1749266199,21.06000000,0.50000000,20.6
1749266199,21.07000000,224.59000000,20.6
1749266199,21.08000000,0.50000000,20.6
1749266199,21.09000000,3.50000000,20.6
1749266199,21.10000000,0.50000000,20.6
1749266199,21.11000000,2.90000000,20.6
1749266199,21.12000000,0.50000000,20.6
1749266199,21.13000000,1.41000000,20.6
1749266199,21.14000000,2.41000000,20.6
1749266199,21.15000000,0.50000000,20.6
1749266199,21.16000000,13.03000000,20.6
1749266199,21.17000000,0.96000000,20.6
1749266199,21.18000000,51.74000000,20.6
1749266199,21.19000000,0.50000000,20.6
1749266199,21.20000000,332.01000000,20.6
1749266199,21.21000000,49.80000000,20.6
1749266199,21.22000000,0.50000000,20.6
1749266199,21.23000000,0.49000000,20.6
1749266199,21.24000000,2.50000000,20.6
1749266199,21.25000000,2.49000000,20.6
1749266199,21.26000000,1.13000000,20.6
1749266199,21.27000000,3.49000000,20.6
1749266199,21.28000000,1.69000000,20.6
1749266199,21.29000000,2.72000000,20.6
1749266199,21.30000000,5.35000000,20.6
1749266199,21.31000000,0.49000000,20.6
1749266199,21.32000000,3.50000000,20.6
1749266199,21.33000000,9.15000000,20.6
1749266199,21.34000000,0.49000000,20.6
1749266199,21.35000000,2.69000000,20.6
1749266199,21.36000000,0.86000000,20.6
1749266199,21.37000000,0.56000000,20.6
1749266199,21.38000000,0.80000000,20.6
1749266199,21.40000000,55.74000000,20.6
1749266199,21.41000000,330.93000000,20.6
1749266199,21.43000000,0.48000000,20.6
1749266199,21.45000000,3.00000000,20.6
1749266199,21.46000000,0.74000000,20.6
1749266199,21.47000000,9.01000000,20.6
1749266199,21.48000000,0.46000000,20.6
1749266199,21.50000000,301.99000000,20.6
1749266199,21.51000000,1.64000000,20.6
1749266199,21.52000000,0.28000000,20.6
1749266199,21.53000000,3.15000000,20.6
1749266199,21.54000000,1.23000000,20.6
1749266199,21.56000000,50.39000000,20.6
1749266199,21.58000000,1.37000000,20.6
1749266199,21.59000000,47.33000000,20.6
1749266199,21.60000000,50.90000000,20.6
1749266199,21.62000000,50.58000000,20.6
1749266199,21.63000000,1.91000000,20.6
1749266199,21.64000000,3.61000000,20.6
1749266199,21.65000000,2.10000000,20.6
1749266199,21.66000000,3.55000000,20.6
1749266199,21.69000000,0.91000000,20.6
1749266501,20.53000000,40.09000000,20.53
1749266501,20.54000000,298.47000000,20.53
1749266501,20.55000000,230.57000000,20.53
1749266501,20.56000000,217.58000000,20.53
1749266501,20.57000000,356.12000000,20.53
1749266501,20.58000000,573.32000000,20.53
1749266501,20.59000000,293.77000000,20.53
1749266501,20.60000000,213.98000000,20.53
1749266501,20.61000000,306.93000000,20.53
1749266501,20.62000000,245.92000000,20.53
1749266501,20.63000000,87.21000000,20.53
1749266501,20.64000000,292.99000000,20.53
1749266501,20.65000000,253.91000000,20.53
1749266501,20.66000000,441.57000000,20.53
1749266501,20.67000000,154.92000000,20.53
1749266501,20.68000000,139.32000000,20.53
1749266501,20.69000000,26.44000000,20.53
1749266501,20.70000000,107.57000000,20.53
1749266501,20.71000000,102.09000000,20.53
1749266501,20.72000000,83.05000000,20.53
1749266501,20.73000000,189.51000000,20.53
1749266501,20.74000000,328.80000000,20.53
1749266501,20.75000000,2.80000000,20.53
1749266501,20.76000000,102.80000000,20.53
1749266501,20.77000000,101.79000000,20.53
1749266501,20.78000000,101.20000000,20.53
1749266501,20.79000000,0.87000000,20.53
1749266501,20.80000000,78.23000000,20.53
1749266501,20.81000000,102.29000000,20.53
1749266501,20.82000000,323.66000000,20.53
1749266501,20.83000000,0.50000000,20.53
1749266501,20.84000000,377.78000000,20.53
1749266501,20.85000000,13.53000000,20.53
1749266501,20.86000000,131.30000000,20.53
1749266501,20.87000000,177.40000000,20.53
1749266501,20.88000000,1.23000000,20.53
1749266501,20.89000000,3.30000000,20.53
1749266501,20.90000000,3.39000000,20.53
1749266501,20.91000000,4.41000000,20.53
1749266501,20.92000000,0.80000000,20.53
1749266501,20.93000000,359.61000000,20.53
1749266501,20.94000000,3.97000000,20.53
1749266501,20.95000000,3.96000000,20.53
1749266501,20.96000000,182.78000000,20.53
1749266501,20.97000000,0.50000000,20.53
1749266501,20.98000000,7.11000000,20.53
1749266501,20.99000000,1.50000000,20.53
1749266501,21.00000000,7.79000000,20.53
1749266501,21.01000000,0.50000000,20.53
1749266501,21.02000000,3.17000000,20.53
1749266501,21.03000000,1.18000000,20.53
1749266501,21.04000000,0.50000000,20.53
1749266501,21.05000000,0.50000000,20.53
1749266501,21.06000000,0.50000000,20.53
1749266501,21.07000000,224.59000000,20.53
1749266501,21.08000000,0.50000000,20.53
1749266501,21.09000000,3.50000000,20.53
1749266501,21.10000000,0.50000000,20.53
1749266501,21.11000000,2.90000000,20.53
1749266501,21.12000000,0.50000000,20.53
1749266501,21.13000000,1.41000000,20.53
1749266501,21.14000000,2.41000000,20.53
1749266501,21.15000000,49.80000000,20.53
1749266501,21.16000000,13.41000000,20.53
1749266501,21.17000000,0.96000000,20.53
1749266501,21.18000000,51.74000000,20.53
1749266501,21.19000000,0.50000000,20.53
1749266501,21.20000000,332.01000000,20.53
1749266501,21.21000000,0.50000000,20.53
1749266501,21.22000000,0.50000000,20.53
1749266501,21.23000000,0.49000000,20.53
1749266501,21.24000000,2.50000000,20.53
1749266501,21.25000000,2.49000000,20.53
1749266501,21.26000000,1.13000000,20.53
1749266501,21.27000000,3.49000000,20.53
1749266501,21.28000000,1.69000000,20.53
1749266501,21.29000000,2.23000000,20.53
1749266501,21.30000000,4.86000000,20.53
1749266501,21.32000000,3.01000000,20.53
1749266501,21.33000000,8.66000000,20.53
1749266501,21.35000000,2.20000000,20.53
1749266501,21.36000000,0.37000000,20.53
1749266501,21.37000000,0.56000000,20.53
1749266501,21.38000000,0.80000000,20.53
1749266501,21.40000000,55.74000000,20.53
1749266501,21.41000000,330.93000000,20.53
1749266501,21.43000000,0.48000000,20.53
1749266501,21.45000000,3.00000000,20.53
1749266501,21.46000000,0.74000000,20.53
1749266501,21.47000000,9.01000000,20.53
1749266501,21.48000000,0.46000000,20.53
1749266501,21.50000000,301.99000000,20.53
1749266501,21.51000000,1.64000000,20.53
1749266501,21.52000000,0.28000000,20.53
1749266501,21.53000000,3.15000000,20.53
1749266501,21.54000000,1.23000000,20.53
1749266501,21.56000000,100.97000000,20.53
1749266501,21.57000000,0.46000000,20.53
1749266501,21.58000000,1.37000000,20.53
1749266501,21.59000000,47.33000000,20.53
1749266802,20.63000000,114.68000000,20.63
1749266802,20.64000000,310.70000000,20.63
1749266802,20.65000000,477.39000000,20.63
1749266802,20.66000000,457.09000000,20.63
1749266802,20.67000000,651.28000000,20.63
1749266802,20.68000000,152.20000000,20.63
1749266802,20.69000000,164.29000000,20.63
1749266802,20.70000000,231.86000000,20.63
1749266802,20.71000000,281.14000000,20.63
1749266802,20.72000000,116.17000000,20.63
1749266802,20.73000000,594.18000000,20.63
1749266802,20.74000000,155.61000000,20.63
1749266802,20.75000000,2.80000000,20.63
1749266802,20.76000000,106.84000000,20.63
1749266802,20.77000000,101.79000000,20.63
1749266802,20.78000000,101.20000000,20.63
1749266802,20.79000000,73.49000000,20.63
1749266802,20.80000000,78.23000000,20.63
1749266802,20.81000000,126.55000000,20.63
1749266802,20.82000000,267.77000000,20.63
1749266802,20.83000000,0.87000000,20.63
1749266802,20.84000000,177.78000000,20.63
1749266802,20.85000000,13.53000000,20.63
1749266802,20.86000000,131.30000000,20.63
1749266802,20.87000000,177.40000000,20.63
1749266802,20.88000000,1.23000000,20.63
1749266802,20.89000000,178.91000000,20.63
1749266802,20.90000000,203.39000000,20.63
1749266802,20.91000000,4.41000000,20.63
1749266802,20.92000000,345.53000000,20.63
1749266802,20.93000000,346.59000000,20.63
1749266802,20.94000000,1.25000000,20.63
1749266802,20.95000000,1.34000000,20.63
1749266802,20.96000000,1.23000000,20.63
1749266802,20.97000000,0.50000000,20.63
1749266802,20.98000000,7.11000000,20.63
1749266802,20.99000000,14.52000000,20.63
1749266802,21.00000000,10.51000000,20.63
1749266802,21.01000000,3.12000000,20.63
1749266802,21.02000000,3.17000000,20.63
1749266802,21.03000000,1.18000000,20.63
1749266802,21.04000000,182.71000000,20.63
1749266802,21.05000000,0.50000000,20.63
1749266802,21.06000000,0.50000000,20.63
1749266802,21.07000000,224.59000000,20.63
1749266802,21.08000000,0.50000000,20.63
1749266802,21.09000000,3.50000000,20.63
1749266802,21.10000000,0.50000000,20.63
1749266802,21.11000000,2.90000000,20.63
1749266802,21.12000000,0.50000000,20.63
1749266802,21.13000000,1.41000000,20.63
1749266802,21.14000000,2.41000000,20.63
1749266802,21.15000000,0.50000000,20.63
1749266802,21.16000000,0.88000000,20.63
1749266802,21.17000000,0.96000000,20.63
1749266802,21.18000000,51.74000000,20.63
1749266802,21.19000000,0.50000000,20.63
1749266802,21.20000000,332.01000000,20.63
1749266802,21.21000000,49.80000000,20.63
1749266802,21.22000000,13.03000000,20.63
1749266802,21.23000000,0.49000000,20.63
1749266802,21.24000000,2.50000000,20.63
1749266802,21.25000000,2.49000000,20.63
1749266802,21.26000000,1.13000000,20.63
1749266802,21.27000000,3.49000000,20.63
1749266802,21.28000000,1.69000000,20.63
1749266802,21.29000000,2.72000000,20.63
1749266802,21.30000000,5.35000000,20.63
1749266802,21.31000000,0.49000000,20.63
1749266802,21.32000000,3.50000000,20.63
1749266802,21.33000000,9.15000000,20.63
1749266802,21.34000000,0.49000000,20.63
1749266802,21.35000000,2.69000000,20.63
1749266802,21.36000000,0.86000000,20.63
1749266802,21.37000000,1.05000000,20.63
1749266802,21.38000000,1.29000000,20.63
1749266802,21.40000000,55.74000000,20.63
1749266802,21.41000000,330.93000000,20.63
1749266802,21.43000000,0.48000000,20.63
1749266802,21.45000000,3.00000000,20.63
1749266802,21.46000000,0.74000000,20.63
1749266802,21.47000000,9.01000000,20.63
1749266802,21.48000000,0.46000000,20.63
1749266802,21.50000000,301.99000000,20.63
1749266802,21.51000000,1.64000000,20.63
1749266802,21.52000000,0.28000000,20.63
1749266802,21.53000000,3.15000000,20.63
1749266802,21.54000000,1.23000000,20.63
1749266802,21.56000000,50.39000000,20.63
1749266802,21.57000000,0.46000000,20.63
1749266802,21.58000000,1.37000000,20.63
1749266802,21.59000000,47.33000000,20.63
1749266802,21.60000000,50.90000000,20.63
1749266802,21.63000000,52.49000000,20.63
1749266802,21.64000000,3.61000000,20.63
1749266802,21.65000000,2.10000000,20.63
1749266802,21.66000000,3.55000000,20.63
1749266802,21.69000000,0.91000000,20.63
1749266802,21.74000000,2.89000000,20.63
1749266802,21.75000000,2.52000000,20.63
1749267104,20.58000000,221.27000000,20.57
1749267104,20.59000000,252.66000000,20.57
1749267104,20.60000000,230.58000000,20.57
1749267104,20.61000000,309.17000000,20.57
1749267104,20.62000000,655.48000000,20.57
1749267104,20.63000000,402.02000000,20.57
1749267104,20.64000000,242.23000000,20.57
1749267104,20.65000000,253.36000000,20.57
1749267104,20.66000000,349.91000000,20.57
1749267104,20.67000000,154.51000000,20.57
1749267104,20.68000000,236.89000000,20.57
1749267104,20.69000000,2.15000000,20.57
1749267104,20.70000000,429.95000000,20.57
1749267104,20.71000000,77.81000000,20.57
1749267104,20.72000000,59.20000000,20.57
1749267104,20.73000000,213.94000000,20.57
1749267104,20.74000000,144.81000000,20.57
1749267104,20.75000000,2.80000000,20.57
1749267104,20.76000000,174.89000000,20.57
1749267104,20.77000000,101.79000000,20.57
1749267104,20.78000000,285.40000000,20.57
1749267104,20.79000000,0.87000000,20.57
1749267104,20.80000000,78.23000000,20.57
1749267104,20.81000000,102.29000000,20.57
1749267104,20.82000000,78.73000000,20.57
1749267104,20.83000000,0.87000000,20.57
1749267104,20.84000000,177.78000000,20.57
1749267104,20.85000000,258.43000000,20.57
1749267104,20.86000000,131.30000000,20.57
1749267104,20.87000000,377.40000000,20.57
1749267104,20.88000000,1.23000000,20.57
1749267104,20.89000000,178.91000000,20.57
1749267104,20.90000000,3.39000000,20.57
1749267104,20.91000000,4.41000000,20.57
1749267104,20.92000000,101.13000000,20.57
1749267104,20.93000000,346.59000000,20.57
1749267104,20.94000000,1.25000000,20.57
1749267104,20.95000000,1.34000000,20.57
1749267104,20.96000000,1.23000000,20.57
1749267104,20.97000000,0.50000000,20.57
1749267104,20.98000000,7.11000000,20.57
1749267104,20.99000000,14.52000000,20.57
1749267104,21.00000000,106.81000000,20.57
1749267104,21.01000000,3.12000000,20.57
1749267104,21.02000000,3.17000000,20.57
1749267104,21.03000000,1.18000000,20.57
1749267104,21.04000000,182.71000000,20.57
1749267104,21.05000000,0.50000000,20.57
1749267104,21.06000000,0.50000000,20.57
1749267104,21.07000000,224.59000000,20.57
1749267104,21.08000000,0.50000000,20.57
1749267104,21.09000000,3.50000000,20.57
1749267104,21.10000000,0.50000000,20.57
1749267104,21.11000000,2.90000000,20.57
1749267104,21.12000000,0.50000000,20.57
1749267104,21.13000000,1.41000000,20.57
1749267104,21.14000000,2.41000000,20.57
1749267104,21.15000000,0.50000000,20.57
1749267104,21.16000000,0.88000000,20.57
1749267104,21.17000000,0.96000000,20.57
1749267104,21.18000000,51.74000000,20.57
1749267104,21.19000000,0.50000000,20.57
1749267104,21.20000000,332.01000000,20.57
1749267104,21.21000000,49.80000000,20.57
1749267104,21.22000000,13.03000000,20.57
1749267104,21.23000000,0.49000000,20.57
1749267104,21.24000000,2.50000000,20.57
1749267104,21.25000000,2.49000000,20.57
1749267104,21.26000000,1.13000000,20.57
1749267104,21.27000000,3.49000000,20.57
1749267104,21.28000000,1.69000000,20.57
1749267104,21.29000000,2.72000000,20.57
1749267104,21.30000000,5.35000000,20.57
1749267104,21.31000000,0.49000000,20.57
1749267104,21.32000000,3.50000000,20.57
1749267104,21.33000000,9.15000000,20.57
1749267104,21.35000000,2.20000000,20.57
1749267104,21.36000000,0.37000000,20.57
1749267104,21.37000000,0.56000000,20.57
1749267104,21.38000000,0.80000000,20.57
1749267104,21.40000000,55.74000000,20.57
1749267104,21.41000000,330.93000000,20.57
1749267104,21.43000000,0.48000000,20.57
1749267104,21.45000000,3.00000000,20.57
1749267104,21.46000000,0.74000000,20.57
1749267104,21.47000000,9.01000000,20.57
1749267104,21.48000000,0.46000000,20.57
1749267104,21.50000000,301.99000000,20.57
1749267104,21.51000000,1.64000000,20.57
1749267104,21.52000000,0.28000000,20.57
1749267104,21.53000000,3.15000000,20.57
1749267104,21.54000000,1.23000000,20.57
1749267104,21.56000000,50.39000000,20.57
1749267104,21.57000000,0.46000000,20.57
1749267104,21.58000000,1.37000000,20.57
1749267104,21.59000000,47.33000000,20.57
1749267104,21.60000000,50.90000000,20.57
1749267104,21.63000000,52.49000000,20.57
1749267104,21.64000000,3.61000000,20.57
1749267104,21.65000000,2.10000000,20.57
1749267405,20.61000000,65.71000000,20.61
1749267405,20.62000000,303.44000000,20.61
1749267405,20.63000000,255.26000000,20.61
1749267405,20.64000000,281.97000000,20.61
1749267405,20.65000000,350.32000000,20.61
1749267405,20.66000000,680.87000000,20.61
1749267405,20.67000000,291.92000000,20.61
1749267405,20.68000000,301.22000000,20.61
1749267405,20.69000000,28.56000000,20.61
1749267405,20.70000000,306.66000000,20.61
1749267405,20.71000000,345.49000000,20.61
1749267405,20.72000000,59.20000000,20.61
1749267405,20.73000000,217.98000000,20.61
1749267405,20.74000000,368.91000000,20.61
1749267405,20.75000000,2.80000000,20.61
1749267405,20.76000000,102.80000000,20.61
1749267405,20.77000000,101.79000000,20.61
1749267405,20.78000000,285.40000000,20.61
1749267405,20.79000000,96.66000000,20.61
1749267405,20.80000000,78.23000000,20.61
1749267405,20.81000000,102.29000000,20.61
1749267405,20.82000000,78.73000000,20.61
1749267405,20.83000000,0.87000000,20.61
1749267405,20.84000000,177.78000000,20.61
1749267405,20.85000000,13.53000000,20.61
1749267405,20.86000000,131.30000000,20.61
1749267405,20.87000000,177.40000000,20.61
1749267405,20.88000000,1.23000000,20.61
1749267405,20.89000000,178.91000000,20.61
1749267405,20.90000000,203.39000000,20.61
1749267405,20.91000000,248.91000000,20.61
1749267405,20.92000000,101.13000000,20.61
1749267405,20.93000000,346.59000000,20.61
1749267405,20.94000000,1.25000000,20.61
1749267405,20.95000000,1.34000000,20.61
1749267405,20.96000000,1.23000000,20.61
1749267405,20.97000000,0.50000000,20.61
1749267405,20.98000000,7.11000000,20.61
1749267405,20.99000000,14.52000000,20.61
1749267405,21.00000000,10.51000000,20.61
1749267405,21.01000000,3.12000000,20.61
1749267405,21.02000000,3.17000000,20.61
1749267405,21.03000000,1.18000000,20.61
1749267405,21.04000000,182.71000000,20.61
1749267405,21.05000000,0.50000000,20.61
1749267405,21.06000000,0.50000000,20.61
1749267405,21.07000000,224.59000000,20.61
1749267405,21.08000000,0.50000000,20.61
1749267405,21.09000000,3.50000000,20.61
1749267405,21.10000000,0.50000000,20.61
1749267405,21.11000000,2.90000000,20.61
1749267405,21.12000000,0.50000000,20.61
1749267405,21.13000000,1.41000000,20.61
1749267405,21.14000000,2.41000000,20.61
1749267405,21.15000000,0.50000000,20.61
1749267405,21.16000000,0.88000000,20.61
1749267405,21.17000000,0.96000000,20.61
1749267405,21.18000000,51.74000000,20.61
1749267405,21.19000000,0.50000000,20.61
1749267405,21.20000000,332.01000000,20.61
1749267405,21.21000000,49.80000000,20.61
1749267405,21.22000000,13.03000000,20.61
1749267405,21.23000000,0.49000000,20.61
1749267405,21.24000000,2.50000000,20.61
1749267405,21.25000000,2.49000000,20.61
1749267405,21.26000000,1.13000000,20.61
1749267405,21.27000000,3.49000000,20.61
1749267405,21.28000000,1.69000000,20.61
1749267405,21.29000000,2.72000000,20.61
1749267405,21.30000000,5.35000000,20.61
1749267405,21.31000000,0.49000000,20.61
1749267405,21.32000000,3.50000000,20.61
1749267405,21.33000000,9.15000000,20.61
1749267405,21.34000000,0.49000000,20.61
1749267405,21.35000000,2.69000000,20.61
1749267405,21.36000000,0.86000000,20.61
1749267405,21.37000000,0.56000000,20.61
1749267405,21.38000000,0.80000000,20.61
1749267405,21.40000000,55.74000000,20.61
1749267405,21.41000000,330.93000000,20.61
1749267405,21.43000000,0.48000000,20.61
1749267405,21.45000000,3.00000000,20.61
1749267405,21.46000000,0.74000000,20.61
1749267405,21.47000000,9.01000000,20.61
1749267405,21.48000000,0.46000000,20.61
1749267405,21.50000000,301.99000000,20.61
1749267405,21.51000000,1.64000000,20.61
1749267405,21.52000000,0.28000000,20.61
1749267405,21.53000000,3.15000000,20.61
1749267405,21.54000000,1.23000000,20.61
1749267405,21.56000000,50.39000000,20.61
1749267405,21.57000000,0.46000000,20.61
1749267405,21.58000000,1.37000000,20.61
1749267405,21.59000000,47.33000000,20.61
1749267405,21.60000000,50.90000000,20.61
1749267405,21.63000000,52.49000000,20.61
1749267405,21.64000000,3.61000000,20.61
1749267405,21.65000000,2.10000000,20.61
1749267405,21.66000000,3.55000000,20.61
1749267405,21.69000000,0.91000000,20.61
1749267707,20.62000000,58.06000000,20.62
1749267707,20.63000000,495.56000000,20.62
1749267707,20.64000000,529.52000000,20.62
1749267707,20.65000000,353.01000000,20.62
1749267707,20.66000000,495.52000000,20.62
1749267707,20.67000000,298.24000000,20.62
1749267707,20.68000000,124.85000000,20.62
1749267707,20.69000000,142.74000000,20.62
1749267707,20.70000000,390.93000000,20.62
1749267707,20.71000000,145.01000000,20.62
1749267707,20.72000000,254.47000000,20.62
1749267707,20.73000000,237.23000000,20.62
1749267707,20.74000000,175.41000000,20.62
1749267707,20.75000000,22.60000000,20.62
1749267707,20.76000000,346.60000000,20.62
1749267707,20.77000000,121.59000000,20.62
1749267707,20.78000000,305.20000000,20.62
1749267707,20.79000000,117.46000000,20.62
1749267707,20.80000000,98.03000000,20.62
1749267707,20.81000000,102.29000000,20.62
1749267707,20.82000000,78.73000000,20.62
1749267707,20.83000000,0.87000000,20.62
1749267707,20.84000000,177.78000000,20.62
1749267707,20.85000000,13.53000000,20.62
1749267707,20.86000000,131.30000000,20.62
1749267707,20.87000000,177.40000000,20.62
1749267707,20.88000000,1.23000000,20.62
1749267707,20.89000000,178.91000000,20.62
1749267707,20.90000000,203.39000000,20.62
1749267707,20.91000000,4.41000000,20.62
1749267707,20.92000000,101.13000000,20.62
1749267707,20.93000000,590.99000000,20.62
1749267707,20.94000000,1.25000000,20.62
1749267707,20.95000000,1.34000000,20.62
1749267707,20.96000000,1.23000000,20.62
1749267707,20.97000000,0.50000000,20.62
1749267707,20.98000000,7.11000000,20.62
1749267707,20.99000000,14.52000000,20.62
1749267707,21.00000000,10.51000000,20.62
1749267707,21.01000000,3.12000000,20.62
1749267707,21.02000000,3.17000000,20.62
1749267707,21.03000000,1.18000000,20.62
1749267707,21.04000000,182.71000000,20.62
1749267707,21.05000000,0.50000000,20.62
1749267707,21.06000000,0.50000000,20.62
1749267707,21.07000000,224.59000000,20.62
1749267707,21.08000000,0.50000000,20.62
1749267707,21.09000000,3.50000000,20.62
1749267707,21.10000000,0.50000000,20.62
1749267707,21.11000000,2.90000000,20.62
1749267707,21.12000000,0.50000000,20.62
1749267707,21.13000000,1.41000000,20.62
1749267707,21.14000000,2.41000000,20.62
1749267707,21.15000000,0.50000000,20.62
1749267707,21.16000000,0.88000000,20.62
1749267707,21.17000000,0.96000000,20.62
1749267707,21.18000000,51.74000000,20.62
1749267707,21.19000000,0.50000000,20.62
1749267707,21.20000000,332.01000000,20.62
1749267707,21.21000000,49.80000000,20.62
1749267707,21.22000000,13.03000000,20.62
1749267707,21.23000000,0.49000000,20.62
1749267707,21.24000000,2.50000000,20.62
1749267707,21.25000000,2.49000000,20.62
1749267707,21.26000000,1.13000000,20.62
1749267707,21.27000000,3.49000000,20.62
1749267707,21.28000000,1.69000000,20.62
1749267707,21.29000000,2.72000000,20.62
1749267707,21.30000000,5.35000000,20.62
1749267707,21.31000000,0.49000000,20.62
1749267707,21.32000000,3.50000000,20.62
1749267707,21.33000000,9.15000000,20.62
1749267707,21.34000000,0.49000000,20.62
1749267707,21.35000000,2.69000000,20.62
1749267707,21.36000000,0.86000000,20.62
1749267707,21.37000000,1.05000000,20.62
1749267707,21.38000000,0.80000000,20.62
1749267707,21.40000000,55.74000000,20.62
1749267707,21.41000000,330.93000000,20.62
1749267707,21.43000000,0.48000000,20.62
1749267707,21.45000000,3.00000000,20.62
1749267707,21.46000000,0.74000000,20.62
1749267707,21.47000000,9.01000000,20.62
1749267707,21.48000000,0.46000000,20.62
1749267707,21.50000000,301.99000000,20.62
1749267707,21.51000000,1.64000000,20.62
1749267707,21.52000000,0.28000000,20.62
1749267707,21.53000000,3.15000000,20.62
1749267707,21.54000000,1.23000000,20.62
1749267707,21.56000000,50.39000000,20.62
1749267707,21.57000000,0.46000000,20.62
1749267707,21.58000000,1.37000000,20.62
1749267707,21.59000000,47.33000000,20.62
1749267707,21.60000000,50.90000000,20.62
1749267707,21.63000000,52.49000000,20.62
1749267707,21.64000000,3.61000000,20.62
1749267707,21.65000000,2.10000000,20.62
1749267707,21.66000000,3.55000000,20.62
1749267707,21.69000000,0.91000000,20.62
1749267707,21.74000000,2.89000000,20.62
1749268008,20.60000000,92.69000000,20.6
1749268008,20.61000000,285.53000000,20.6
