timestamp,price,volume,current_price
1749258265,16.86000000,479.84000000,16.86
1749258265,16.87000000,1187.10000000,16.86
1749258265,16.88000000,1075.34000000,16.86
1749258265,16.89000000,1302.05000000,16.86
1749258265,16.90000000,2050.50000000,16.86
1749258265,16.91000000,2225.66000000,16.86
1749258265,16.92000000,2147.44000000,16.86
1749258265,16.93000000,218.16000000,16.86
1749258265,16.94000000,2183.67000000,16.86
1749258265,16.95000000,1001.26000000,16.86
1749258265,16.96000000,188.74000000,16.86
1749258265,16.97000000,220.34000000,16.86
1749258265,16.98000000,841.10000000,16.86
1749258265,16.99000000,398.04000000,16.86
1749258265,17.00000000,315.52000000,16.86
1749258265,17.01000000,285.25000000,16.86
1749258265,17.02000000,86.79000000,16.86
1749258265,17.03000000,69.42000000,16.86
1749258265,17.04000000,906.28000000,16.86
1749258265,17.05000000,102.53000000,16.86
1749258265,17.06000000,99.66000000,16.86
1749258265,17.07000000,2.77000000,16.86
1749258265,17.08000000,4.01000000,16.86
1749258265,17.09000000,65.66000000,16.86
1749258265,17.10000000,195.89000000,16.86
1749258265,17.11000000,64.76000000,16.86
1749258265,17.12000000,84.96000000,16.86
1749258265,17.13000000,4.74000000,16.86
1749258265,17.14000000,66.52000000,16.86
1749258265,17.15000000,74.99000000,16.86
1749258265,17.16000000,2.90000000,16.86
1749258265,17.17000000,81.75000000,16.86
1749258265,17.18000000,6.12000000,16.86
1749258265,17.19000000,64.76000000,16.86
1749258265,17.20000000,144.92000000,16.86
1749258265,17.21000000,96.15000000,16.86
1749258265,17.22000000,140.89000000,16.86
1749258265,17.23000000,84.67000000,16.86
1749258265,17.24000000,4.19000000,16.86
1749258265,17.25000000,105.72000000,16.86
1749258265,17.26000000,3.95000000,16.86
1749258265,17.27000000,68.02000000,16.86
1749258265,17.28000000,243.17000000,16.86
1749258265,17.29000000,2.52000000,16.86
1749258265,17.30000000,86.37000000,16.86
1749258265,17.31000000,9.04000000,16.86
1749258265,17.32000000,48.71000000,16.86
1749258265,17.33000000,14.80000000,16.86
1749258265,17.34000000,4.27000000,16.86
1749258265,17.35000000,35.88000000,16.86
1749258265,17.36000000,13.03000000,16.86
1749258265,17.37000000,6.15000000,16.86
1749258265,17.38000000,2.25000000,16.86
1749258265,17.39000000,2.11000000,16.86
1749258265,17.40000000,44.07000000,16.86
1749258265,17.41000000,1.30000000,16.86
1749258265,17.42000000,1.39000000,16.86
1749258265,17.43000000,20.63000000,16.86
1749258265,17.44000000,2.81000000,16.86
1749258265,17.45000000,51.89000000,16.86
1749258265,17.46000000,119.22000000,16.86
1749258265,17.47000000,11.83000000,16.86
1749258265,17.48000000,1.83000000,16.86
1749258265,17.49000000,4.52000000,16.86
1749258265,17.50000000,109.75000000,16.86
1749258265,17.51000000,1.49000000,16.86
1749258265,17.52000000,3.16000000,16.86
1749258265,17.53000000,132.38000000,16.86
1749258265,17.54000000,19.62000000,16.86
1749258265,17.55000000,57.59000000,16.86
1749258265,17.56000000,13.09000000,16.86
1749258265,17.57000000,3.15000000,16.86
1749258265,17.58000000,23.81000000,16.86
1749258265,17.59000000,4.48000000,16.86
1749258265,17.60000000,48.58000000,16.86
1749258265,17.61000000,0.91000000,16.86
1749258265,17.62000000,11.38000000,16.86
1749258265,17.63000000,3.41000000,16.86
1749258265,17.64000000,18.04000000,16.86
1749258265,17.65000000,13.43000000,16.86
1749258265,17.66000000,2.60000000,16.86
1749258265,17.67000000,1.16000000,16.86
1749258265,17.68000000,0.87000000,16.86
1749258265,17.69000000,3.70000000,16.86
1749258265,17.70000000,34.13000000,16.86
1749258265,17.71000000,1.85000000,16.86
1749258265,17.72000000,3.33000000,16.86
1749258265,17.73000000,2.55000000,16.86
1749258265,17.74000000,0.98000000,16.86
1749258265,17.75000000,159.98000000,16.86
1749258265,17.76000000,13.34000000,16.86
1749258265,17.77000000,19.33000000,16.86
1749258265,17.78000000,1.29000000,16.86
1749258265,17.79000000,38.58000000,16.86
1749258265,17.80000000,439.64000000,16.86
1749258265,17.81000000,50.61000000,16.86
1749258265,17.82000000,28.67000000,16.86
1749258265,17.83000000,28.01000000,16.86
1749258265,17.84000000,20.99000000,16.86
1749258265,17.85000000,35.51000000,16.86
1749258578,16.86000000,1042.89000000,16.85
1749258578,16.87000000,1498.62000000,16.85
1749258578,16.88000000,1932.26000000,16.85
1749258578,16.89000000,1711.54000000,16.85
1749258578,16.90000000,2000.31000000,16.85
1749258578,16.91000000,2236.18000000,16.85
1749258578,16.92000000,308.47000000,16.85
1749258578,16.93000000,2814.10000000,16.85
1749258578,16.94000000,337.09000000,16.85
1749258578,16.95000000,175.17000000,16.85
1749258578,16.96000000,187.26000000,16.85
1749258578,16.97000000,412.13000000,16.85
1749258578,16.98000000,1103.73000000,16.85
1749258578,16.99000000,206.74000000,16.85
1749258578,17.00000000,203.72000000,16.85
1749258578,17.01000000,279.33000000,16.85
1749258578,17.02000000,915.87000000,16.85
1749258578,17.03000000,69.42000000,16.85
1749258578,17.04000000,74.81000000,16.85
1749258578,17.05000000,220.11000000,16.85
1749258578,17.06000000,98.18000000,16.85
1749258578,17.07000000,2.77000000,16.85
1749258578,17.08000000,4.01000000,16.85
1749258578,17.09000000,65.66000000,16.85
1749258578,17.10000000,78.65000000,16.85
1749258578,17.11000000,64.76000000,16.85
1749258578,17.12000000,84.96000000,16.85
1749258578,17.13000000,4.74000000,16.85
1749258578,17.14000000,66.52000000,16.85
1749258578,17.15000000,74.99000000,16.85
1749258578,17.16000000,2.90000000,16.85
1749258578,17.17000000,81.75000000,16.85
1749258578,17.18000000,6.12000000,16.85
1749258578,17.19000000,64.76000000,16.85
1749258578,17.20000000,144.92000000,16.85
1749258578,17.21000000,96.15000000,16.85
1749258578,17.22000000,140.89000000,16.85
1749258578,17.23000000,84.67000000,16.85
1749258578,17.24000000,4.19000000,16.85
1749258578,17.25000000,105.72000000,16.85
1749258578,17.26000000,3.95000000,16.85
1749258578,17.27000000,68.02000000,16.85
1749258578,17.28000000,243.17000000,16.85
1749258578,17.29000000,2.52000000,16.85
1749258578,17.30000000,86.37000000,16.85
1749258578,17.31000000,9.04000000,16.85
1749258578,17.32000000,48.71000000,16.85
1749258578,17.33000000,14.80000000,16.85
1749258578,17.34000000,4.27000000,16.85
1749258578,17.35000000,35.88000000,16.85
1749258578,17.36000000,13.03000000,16.85
1749258578,17.37000000,6.15000000,16.85
1749258578,17.38000000,2.25000000,16.85
1749258578,17.39000000,2.11000000,16.85
1749258578,17.40000000,44.07000000,16.85
1749258578,17.41000000,1.30000000,16.85
1749258578,17.42000000,1.39000000,16.85
1749258578,17.43000000,20.63000000,16.85
1749258578,17.44000000,2.81000000,16.85
1749258578,17.45000000,51.89000000,16.85
1749258578,17.46000000,119.22000000,16.85
1749258578,17.47000000,11.83000000,16.85
1749258578,17.48000000,1.83000000,16.85
1749258578,17.49000000,4.52000000,16.85
1749258578,17.50000000,109.75000000,16.85
1749258578,17.51000000,1.49000000,16.85
1749258578,17.52000000,3.16000000,16.85
1749258578,17.53000000,132.38000000,16.85
1749258578,17.54000000,19.62000000,16.85
1749258578,17.55000000,57.59000000,16.85
1749258578,17.56000000,13.09000000,16.85
1749258578,17.57000000,3.15000000,16.85
1749258578,17.58000000,23.81000000,16.85
1749258578,17.59000000,4.48000000,16.85
1749258578,17.60000000,48.58000000,16.85
1749258578,17.61000000,0.91000000,16.85
1749258578,17.62000000,11.38000000,16.85
1749258578,17.63000000,3.41000000,16.85
1749258578,17.64000000,18.04000000,16.85
1749258578,17.65000000,13.43000000,16.85
1749258578,17.66000000,2.60000000,16.85
1749258578,17.67000000,1.16000000,16.85
1749258578,17.68000000,0.87000000,16.85
1749258578,17.69000000,3.70000000,16.85
1749258578,17.70000000,34.13000000,16.85
1749258578,17.71000000,1.85000000,16.85
1749258578,17.72000000,3.33000000,16.85
1749258578,17.73000000,2.55000000,16.85
1749258578,17.74000000,0.98000000,16.85
1749258578,17.75000000,159.98000000,16.85
1749258578,17.76000000,13.34000000,16.85
1749258578,17.77000000,19.33000000,16.85
1749258578,17.78000000,1.29000000,16.85
1749258578,17.79000000,38.58000000,16.85
1749258578,17.80000000,439.64000000,16.85
1749258578,17.81000000,50.61000000,16.85
1749258578,17.82000000,28.67000000,16.85
1749258578,17.83000000,28.01000000,16.85
1749258578,17.84000000,20.99000000,16.85
1749258578,17.85000000,35.51000000,16.85
1749258893,16.87000000,585.96000000,16.87
1749258893,16.88000000,1024.05000000,16.87
1749258893,16.89000000,2085.44000000,16.87
1749258893,16.90000000,3200.43000000,16.87
1749258893,16.91000000,2580.84000000,16.87
1749258893,16.92000000,304.02000000,16.87
1749258893,16.93000000,2533.52000000,16.87
1749258893,16.94000000,160.11000000,16.87
1749258893,16.95000000,825.83000000,16.87
1749258893,16.96000000,187.26000000,16.87
1749258893,16.97000000,411.53000000,16.87
1749258893,16.98000000,1094.98000000,16.87
1749258893,16.99000000,397.21000000,16.87
1749258893,17.00000000,203.72000000,16.87
1749258893,17.01000000,280.81000000,16.87
1749258893,17.02000000,85.31000000,16.87
1749258893,17.03000000,69.42000000,16.87
1749258893,17.04000000,906.22000000,16.87
1749258893,17.05000000,102.53000000,16.87
1749258893,17.06000000,98.18000000,16.87
1749258893,17.07000000,4.25000000,16.87
1749258893,17.08000000,67.01000000,16.87
1749258893,17.09000000,182.97000000,16.87
1749258893,17.10000000,80.13000000,16.87
1749258893,17.11000000,64.76000000,16.87
1749258893,17.12000000,84.96000000,16.87
1749258893,17.13000000,6.22000000,16.87
1749258893,17.14000000,66.52000000,16.87
1749258893,17.15000000,74.99000000,16.87
1749258893,17.16000000,4.38000000,16.87
1749258893,17.17000000,81.75000000,16.87
1749258893,17.18000000,6.12000000,16.87
1749258893,17.19000000,64.76000000,16.87
1749258893,17.20000000,144.92000000,16.87
1749258893,17.21000000,96.15000000,16.87
1749258893,17.22000000,140.89000000,16.87
1749258893,17.23000000,84.67000000,16.87
1749258893,17.24000000,4.19000000,16.87
1749258893,17.25000000,105.72000000,16.87
1749258893,17.26000000,3.95000000,16.87
1749258893,17.27000000,68.02000000,16.87
1749258893,17.28000000,243.17000000,16.87
1749258893,17.29000000,2.52000000,16.87
1749258893,17.30000000,86.37000000,16.87
1749258893,17.31000000,9.04000000,16.87
1749258893,17.32000000,48.71000000,16.87
1749258893,17.33000000,14.80000000,16.87
1749258893,17.34000000,4.27000000,16.87
1749258893,17.35000000,35.88000000,16.87
1749258893,17.36000000,13.03000000,16.87
1749258893,17.37000000,6.15000000,16.87
1749258893,17.38000000,2.25000000,16.87
1749258893,17.39000000,2.11000000,16.87
1749258893,17.40000000,44.07000000,16.87
1749258893,17.41000000,1.30000000,16.87
1749258893,17.42000000,1.39000000,16.87
1749258893,17.43000000,20.63000000,16.87
1749258893,17.44000000,2.81000000,16.87
1749258893,17.45000000,51.89000000,16.87
1749258893,17.46000000,119.22000000,16.87
1749258893,17.47000000,11.83000000,16.87
1749258893,17.48000000,1.83000000,16.87
1749258893,17.49000000,4.52000000,16.87
1749258893,17.50000000,109.75000000,16.87
1749258893,17.51000000,1.49000000,16.87
1749258893,17.52000000,3.16000000,16.87
1749258893,17.53000000,132.38000000,16.87
1749258893,17.54000000,19.62000000,16.87
1749258893,17.55000000,57.59000000,16.87
1749258893,17.56000000,13.09000000,16.87
1749258893,17.57000000,3.15000000,16.87
1749258893,17.58000000,23.81000000,16.87
1749258893,17.59000000,4.48000000,16.87
1749258893,17.60000000,48.58000000,16.87
1749258893,17.61000000,0.91000000,16.87
1749258893,17.62000000,11.98000000,16.87
1749258893,17.63000000,3.41000000,16.87
1749258893,17.64000000,18.04000000,16.87
1749258893,17.65000000,13.43000000,16.87
1749258893,17.66000000,2.60000000,16.87
1749258893,17.67000000,1.16000000,16.87
1749258893,17.68000000,0.87000000,16.87
1749258893,17.69000000,3.70000000,16.87
1749258893,17.70000000,34.13000000,16.87
1749258893,17.71000000,1.85000000,16.87
1749258893,17.72000000,3.33000000,16.87
1749258893,17.73000000,2.55000000,16.87
1749258893,17.74000000,0.98000000,16.87
1749258893,17.75000000,159.98000000,16.87
1749258893,17.76000000,13.34000000,16.87
1749258893,17.77000000,19.33000000,16.87
1749258893,17.78000000,1.29000000,16.87
1749258893,17.79000000,38.58000000,16.87
1749258893,17.80000000,439.64000000,16.87
1749258893,17.81000000,50.61000000,16.87
1749258893,17.82000000,28.67000000,16.87
1749258893,17.83000000,28.01000000,16.87
1749258893,17.84000000,20.99000000,16.87
1749258893,17.85000000,35.51000000,16.87
1749258893,17.86000000,147.47000000,16.87
1749259195,16.84000000,68.59000000,16.84
1749259195,16.85000000,1033.07000000,16.84
1749259195,16.86000000,1492.70000000,16.84
1749259195,16.87000000,1546.05000000,16.84
1749259195,16.88000000,1857.79000000,16.84
1749259195,16.89000000,2407.95000000,16.84
1749259195,16.90000000,374.38000000,16.84
1749259195,16.91000000,1885.07000000,16.84
1749259195,16.92000000,862.44000000,16.84
1749259195,16.93000000,2327.99000000,16.84
1749259195,16.94000000,353.05000000,16.84
1749259195,16.95000000,161.84000000,16.84
1749259195,16.96000000,160.05000000,16.84
1749259195,16.97000000,207.04000000,16.84
1749259195,16.98000000,1070.76000000,16.84
1749259195,16.99000000,206.74000000,16.84
1749259195,17.00000000,197.79000000,16.84
1749259195,17.01000000,398.67000000,16.84
1749259195,17.02000000,916.07000000,16.84
1749259195,17.03000000,69.42000000,16.84
1749259195,17.04000000,76.29000000,16.84
1749259195,17.05000000,102.53000000,16.84
1749259195,17.06000000,98.18000000,16.84
1749259195,17.07000000,4.25000000,16.84
1749259195,17.08000000,67.01000000,16.84
1749259195,17.09000000,65.66000000,16.84
1749259195,17.10000000,80.13000000,16.84
1749259195,17.11000000,64.76000000,16.84
1749259195,17.12000000,84.96000000,16.84
1749259195,17.13000000,6.22000000,16.84
1749259195,17.14000000,66.52000000,16.84
1749259195,17.15000000,74.99000000,16.84
1749259195,17.16000000,4.38000000,16.84
1749259195,17.17000000,81.75000000,16.84
1749259195,17.18000000,6.12000000,16.84
1749259195,17.19000000,64.76000000,16.84
1749259195,17.20000000,144.92000000,16.84
1749259195,17.21000000,96.15000000,16.84
1749259195,17.22000000,140.89000000,16.84
1749259195,17.23000000,84.67000000,16.84
1749259195,17.24000000,4.19000000,16.84
1749259195,17.25000000,105.72000000,16.84
1749259195,17.26000000,3.95000000,16.84
1749259195,17.27000000,5.02000000,16.84
1749259195,17.28000000,180.17000000,16.84
1749259195,17.29000000,2.52000000,16.84
1749259195,17.30000000,23.37000000,16.84
1749259195,17.31000000,9.04000000,16.84
1749259195,17.32000000,48.71000000,16.84
1749259195,17.33000000,14.80000000,16.84
1749259195,17.34000000,4.27000000,16.84
1749259195,17.35000000,35.88000000,16.84
1749259195,17.36000000,13.03000000,16.84
1749259195,17.37000000,6.15000000,16.84
1749259195,17.38000000,2.25000000,16.84
1749259195,17.39000000,2.11000000,16.84
1749259195,17.40000000,44.07000000,16.84
1749259195,17.41000000,1.30000000,16.84
1749259195,17.42000000,1.39000000,16.84
1749259195,17.43000000,20.63000000,16.84
1749259195,17.44000000,2.81000000,16.84
1749259195,17.45000000,51.89000000,16.84
1749259195,17.46000000,119.22000000,16.84
1749259195,17.47000000,11.83000000,16.84
1749259195,17.48000000,1.83000000,16.84
1749259195,17.49000000,4.52000000,16.84
1749259195,17.50000000,109.75000000,16.84
1749259195,17.51000000,1.49000000,16.84
1749259195,17.52000000,3.16000000,16.84
1749259195,17.53000000,132.38000000,16.84
1749259195,17.54000000,19.62000000,16.84
1749259195,17.55000000,57.59000000,16.84
1749259195,17.56000000,13.09000000,16.84
1749259195,17.57000000,3.15000000,16.84
1749259195,17.58000000,23.81000000,16.84
1749259195,17.59000000,4.48000000,16.84
1749259195,17.60000000,47.98000000,16.84
1749259195,17.61000000,0.31000000,16.84
1749259195,17.62000000,11.38000000,16.84
1749259195,17.63000000,3.41000000,16.84
1749259195,17.64000000,18.04000000,16.84
1749259195,17.65000000,13.43000000,16.84
1749259195,17.66000000,2.60000000,16.84
1749259195,17.67000000,1.16000000,16.84
1749259195,17.68000000,0.87000000,16.84
1749259195,17.69000000,3.70000000,16.84
1749259195,17.70000000,34.13000000,16.84
1749259195,17.71000000,1.85000000,16.84
1749259195,17.72000000,3.33000000,16.84
1749259195,17.73000000,2.55000000,16.84
1749259195,17.74000000,0.98000000,16.84
1749259195,17.75000000,350.20000000,16.84
1749259195,17.76000000,13.34000000,16.84
1749259195,17.77000000,19.33000000,16.84
1749259195,17.78000000,1.29000000,16.84
1749259195,17.79000000,38.58000000,16.84
1749259195,17.80000000,439.64000000,16.84
1749259195,17.81000000,50.61000000,16.84
1749259195,17.82000000,28.67000000,16.84
1749259195,17.83000000,28.01000000,16.84
