timestamp,price,volume,current_price
1749254450,2477.45000000,46.42250000,2477.45
1749254450,2477.46000000,7.06640000,2477.45
1749254450,2477.47000000,0.00220000,2477.45
1749254450,2477.48000000,0.00680000,2477.45
1749254450,2477.49000000,2.00880000,2477.45
1749254450,2477.50000000,2.29150000,2477.45
1749254450,2477.51000000,0.00460000,2477.45
1749254450,2477.52000000,0.00220000,2477.45
1749254450,2477.53000000,0.40920000,2477.45
1749254450,2477.54000000,0.00220000,2477.45
1749254450,2477.55000000,0.78200000,2477.45
1749254450,2477.56000000,0.00220000,2477.45
1749254450,2477.59000000,0.00220000,2477.45
1749254450,2477.60000000,2.29040000,2477.45
1749254450,2477.64000000,0.89490000,2477.45
1749254450,2477.67000000,0.05600000,2477.45
1749254450,2477.68000000,0.00220000,2477.45
1749254450,2477.69000000,2.19290000,2477.45
1749254450,2477.70000000,3.25990000,2477.45
1749254450,2477.72000000,0.03210000,2477.45
1749254450,2477.73000000,5.28000000,2477.45
1749254450,2477.74000000,0.01000000,2477.45
1749254450,2477.76000000,0.00410000,2477.45
1749254450,2477.79000000,0.78370000,2477.45
1749254450,2477.80000000,0.00540000,2477.45
1749254450,2477.81000000,8.34910000,2477.45
1749254450,2477.82000000,8.20550000,2477.45
1749254450,2477.83000000,0.00410000,2477.45
1749254450,2477.84000000,2.06400000,2477.45
1749254450,2477.85000000,1.27380000,2477.45
1749254450,2477.86000000,0.00310000,2477.45
1749254450,2477.87000000,12.86150000,2477.45
1749254450,2477.88000000,10.53420000,2477.45
1749254450,2477.89000000,6.46130000,2477.45
1749254450,2477.90000000,8.07660000,2477.45
1749254450,2477.91000000,0.86780000,2477.45
1749254450,2477.93000000,0.00530000,2477.45
1749254450,2477.94000000,0.88210000,2477.45
1749254450,2477.96000000,11.17610000,2477.45
1749254450,2477.97000000,0.40000000,2477.45
1749254450,2477.98000000,0.00420000,2477.45
1749254450,2478.00000000,12.50700000,2477.45
1749254450,2478.01000000,0.00410000,2477.45
1749254450,2478.02000000,6.64350000,2477.45
1749254450,2478.05000000,2.60180000,2477.45
1749254450,2478.06000000,6.06040000,2477.45
1749254450,2478.07000000,0.00410000,2477.45
1749254450,2478.10000000,0.10000000,2477.45
1749254450,2478.11000000,2.60620000,2477.45
1749254450,2478.12000000,10.61710000,2477.45
1749254450,2478.13000000,12.00000000,2477.45
1749254450,2478.14000000,19.49160000,2477.45
1749254450,2478.15000000,2.59010000,2477.45
1749254450,2478.16000000,12.47850000,2477.45
1749254450,2478.17000000,6.05740000,2477.45
1749254450,2478.18000000,14.12820000,2477.45
1749254450,2478.19000000,0.72460000,2477.45
1749254450,2478.20000000,0.20180000,2477.45
1749254450,2478.21000000,12.09890000,2477.45
1749254450,2478.24000000,6.30300000,2477.45
1749254450,2478.25000000,9.38950000,2477.45
1749254450,2478.26000000,6.05740000,2477.45
1749254450,2478.29000000,1.07100000,2477.45
1749254450,2478.31000000,0.00410000,2477.45
1749254450,2478.32000000,8.07660000,2477.45
1749254450,2478.33000000,2.01830000,2477.45
1749254450,2478.34000000,7.93020000,2477.45
1749254450,2478.36000000,12.34340000,2477.45
1749254450,2478.37000000,19.64570000,2477.45
1749254450,2478.38000000,10.05480000,2477.45
1749254450,2478.39000000,24.79180000,2477.45
1749254450,2478.40000000,1.91970000,2477.45
1749254450,2478.41000000,10.03840000,2477.45
1749254450,2478.42000000,12.11980000,2477.45
1749254450,2478.44000000,0.19540000,2477.45
1749254450,2478.45000000,0.04060000,2477.45
1749254450,2478.46000000,12.09480000,2477.45
1749254450,2478.47000000,0.10000000,2477.45
1749254450,2478.50000000,6.60950000,2477.45
1749254450,2478.51000000,7.22070000,2477.45
1749254450,2478.52000000,0.01500000,2477.45
1749254450,2478.53000000,0.48210000,2477.45
1749254450,2478.54000000,4.94810000,2477.45
1749254450,2478.55000000,0.89660000,2477.45
1749254450,2478.57000000,2.30000000,2477.45
1749254450,2478.59000000,10.42050000,2477.45
1749254450,2478.60000000,0.00710000,2477.45
1749254450,2478.61000000,6.05050000,2477.45
1749254450,2478.62000000,15.34280000,2477.45
1749254450,2478.64000000,0.95520000,2477.45
1749254450,2478.66000000,4.80690000,2477.45
1749254450,2478.67000000,9.28810000,2477.45
1749254450,2478.68000000,0.98460000,2477.45
1749254450,2478.70000000,7.73640000,2477.45
1749254450,2478.71000000,21.38290000,2477.45
1749254450,2478.72000000,0.00410000,2477.45
1749254450,2478.73000000,1.47470000,2477.45
1749254450,2478.74000000,0.00420000,2477.45
1749254450,2478.75000000,4.03280000,2477.45
1749254450,2478.76000000,6.30000000,2477.45
1749254752,2473.91000000,158.95470000,2473.9
1749254752,2473.92000000,5.95340000,2473.9
1749254752,2473.93000000,0.00430000,2473.9
1749254752,2473.94000000,0.00220000,2473.9
1749254752,2473.95000000,0.00460000,2473.9
1749254752,2473.98000000,0.95780000,2473.9
1749254752,2473.99000000,0.00650000,2473.9
1749254752,2474.00000000,12.11940000,2473.9
1749254752,2474.01000000,4.05900000,2473.9
1749254752,2474.02000000,1.67420000,2473.9
1749254752,2474.03000000,0.01170000,2473.9
1749254752,2474.04000000,0.00220000,2473.9
1749254752,2474.06000000,0.00240000,2473.9
1749254752,2474.08000000,0.41170000,2473.9
1749254752,2474.09000000,0.00450000,2473.9
1749254752,2474.10000000,0.44460000,2473.9
1749254752,2474.12000000,0.00210000,2473.9
1749254752,2474.16000000,0.40480000,2473.9
1749254752,2474.17000000,0.77410000,2473.9
1749254752,2474.18000000,0.00420000,2473.9
1749254752,2474.19000000,0.50530000,2473.9
1749254752,2474.21000000,0.00410000,2473.9
1749254752,2474.22000000,0.41270000,2473.9
1749254752,2474.23000000,19.34900000,2473.9
1749254752,2474.25000000,64.64450000,2473.9
1749254752,2474.26000000,0.02160000,2473.9
1749254752,2474.27000000,0.05070000,2473.9
1749254752,2474.28000000,6.06020000,2473.9
1749254752,2474.30000000,17.54960000,2473.9
1749254752,2474.31000000,16.13210000,2473.9
1749254752,2474.33000000,6.76080000,2473.9
1749254752,2474.34000000,20.28300000,2473.9
1749254752,2474.35000000,16.19060000,2473.9
1749254752,2474.36000000,0.00310000,2473.9
1749254752,2474.37000000,6.63620000,2473.9
1749254752,2474.39000000,6.05640000,2473.9
1749254752,2474.40000000,17.50370000,2473.9
1749254752,2474.41000000,25.80220000,2473.9
1749254752,2474.42000000,17.07240000,2473.9
1749254752,2474.43000000,0.00410000,2473.9
1749254752,2474.46000000,16.65140000,2473.9
1749254752,2474.47000000,0.41270000,2473.9
1749254752,2474.48000000,0.53340000,2473.9
1749254752,2474.50000000,0.40000000,2473.9
1749254752,2474.51000000,0.08060000,2473.9
1749254752,2474.54000000,7.62970000,2473.9
1749254752,2474.55000000,0.00410000,2473.9
1749254752,2474.56000000,0.41490000,2473.9
1749254752,2474.57000000,0.05060000,2473.9
1749254752,2474.58000000,1.42910000,2473.9
1749254752,2474.60000000,0.04040000,2473.9
1749254752,2474.61000000,0.00310000,2473.9
1749254752,2474.62000000,1.43950000,2473.9
1749254752,2474.63000000,4.45120000,2473.9
1749254752,2474.64000000,33.36610000,2473.9
1749254752,2474.65000000,0.00410000,2473.9
1749254752,2474.67000000,1.17170000,2473.9
1749254752,2474.68000000,1.90910000,2473.9
1749254752,2474.70000000,6.74500000,2473.9
1749254752,2474.71000000,8.07790000,2473.9
1749254752,2474.72000000,7.59870000,2473.9
1749254752,2474.75000000,23.14230000,2473.9
1749254752,2474.76000000,13.20770000,2473.9
1749254752,2474.77000000,1.37100000,2473.9
1749254752,2474.78000000,7.06580000,2473.9
1749254752,2474.79000000,0.16400000,2473.9
1749254752,2474.80000000,3.20700000,2473.9
1749254752,2474.81000000,0.00210000,2473.9
1749254752,2474.82000000,13.59060000,2473.9
1749254752,2474.83000000,4.81680000,2473.9
1749254752,2474.84000000,1.00410000,2473.9
1749254752,2474.85000000,4.18630000,2473.9
1749254752,2474.86000000,1.71520000,2473.9
1749254752,2474.87000000,0.39960000,2473.9
1749254752,2474.88000000,2.98720000,2473.9
1749254752,2474.89000000,8.68350000,2473.9
1749254752,2474.90000000,6.12730000,2473.9
1749254752,2474.92000000,1.32490000,2473.9
1749254752,2474.94000000,7.30290000,2473.9
1749254752,2474.95000000,3.22460000,2473.9
1749254752,2474.96000000,10.67200000,2473.9
1749254752,2474.97000000,0.57600000,2473.9
1749254752,2474.98000000,1.77790000,2473.9
1749254752,2474.99000000,0.83250000,2473.9
1749254752,2475.00000000,20.19650000,2473.9
1749254752,2475.01000000,0.00620000,2473.9
1749254752,2475.03000000,5.78210000,2473.9
1749254752,2475.04000000,0.40000000,2473.9
1749254752,2475.05000000,0.84060000,2473.9
1749254752,2475.08000000,1.77810000,2473.9
1749254752,2475.09000000,12.93140000,2473.9
1749254752,2475.11000000,10.73630000,2473.9
1749254752,2475.12000000,7.11880000,2473.9
1749254752,2475.13000000,13.31750000,2473.9
1749254752,2475.14000000,4.14350000,2473.9
1749254752,2475.17000000,0.91740000,2473.9
1749254752,2475.18000000,0.00300000,2473.9
1749254752,2475.19000000,0.04590000,2473.9
1749254752,2475.20000000,0.20410000,2473.9
1749254752,2475.24000000,9.55670000,2473.9
1749255082,2469.14000000,39.06130000,2468.65
1749255082,2469.15000000,0.14470000,2468.65
1749255082,2469.17000000,0.00440000,2468.65
1749255082,2469.18000000,0.83880000,2468.65
1749255082,2469.19000000,0.00440000,2468.65
1749255082,2469.20000000,2.75150000,2468.65
1749255082,2469.21000000,0.00460000,2468.65
1749255082,2469.23000000,0.00440000,2468.65
1749255082,2469.24000000,0.98040000,2468.65
1749255082,2469.25000000,7.92710000,2468.65
1749255082,2469.26000000,0.00980000,2468.65
1749255082,2469.27000000,0.55200000,2468.65
1749255082,2469.28000000,6.07450000,2468.65
1749255082,2469.29000000,4.01460000,2468.65
1749255082,2469.30000000,2.74750000,2468.65
1749255082,2469.31000000,0.14980000,2468.65
1749255082,2469.32000000,12.14250000,2468.65
1749255082,2469.33000000,0.40790000,2468.65
1749255082,2469.36000000,0.00240000,2468.65
1749255082,2469.38000000,6.42830000,2468.65
1749255082,2469.39000000,4.01030000,2468.65
1749255082,2469.40000000,3.09310000,2468.65
1749255082,2469.41000000,1.26040000,2468.65
1749255082,2469.42000000,0.78590000,2468.65
1749255082,2469.43000000,8.60410000,2468.65
1749255082,2469.45000000,0.49060000,2468.65
1749255082,2469.49000000,8.95670000,2468.65
1749255082,2469.50000000,11.28540000,2468.65
1749255082,2469.51000000,0.02890000,2468.65
1749255082,2469.53000000,4.67450000,2468.65
1749255082,2469.54000000,0.00210000,2468.65
1749255082,2469.58000000,7.05070000,2468.65
1749255082,2469.59000000,12.14040000,2468.65
1749255082,2469.60000000,14.37010000,2468.65
1749255082,2469.61000000,0.00720000,2468.65
1749255082,2469.62000000,4.04090000,2468.65
1749255082,2469.63000000,28.03680000,2468.65
1749255082,2469.64000000,0.80980000,2468.65
1749255082,2469.65000000,1.33100000,2468.65
1749255082,2469.66000000,1.42000000,2468.65
1749255082,2469.68000000,0.05030000,2468.65
1749255082,2469.70000000,9.01450000,2468.65
1749255082,2469.71000000,0.00410000,2468.65
1749255082,2469.73000000,6.06900000,2468.65
1749255082,2469.74000000,0.00210000,2468.65
1749255082,2469.75000000,0.41110000,2468.65
1749255082,2469.77000000,0.40500000,2468.65
1749255082,2469.78000000,0.68030000,2468.65
1749255082,2469.80000000,4.32060000,2468.65
1749255082,2469.81000000,0.10000000,2468.65
1749255082,2469.82000000,0.52800000,2468.65
1749255082,2469.83000000,0.40770000,2468.65
1749255082,2469.85000000,0.05030000,2468.65
1749255082,2469.86000000,8.09510000,2468.65
1749255082,2469.87000000,13.25340000,2468.65
1749255082,2469.88000000,20.49620000,2468.65
1749255082,2469.89000000,2.02450000,2468.65
1749255082,2469.90000000,3.16600000,2468.65
1749255082,2469.91000000,0.00410000,2468.65
1749255082,2469.92000000,0.59960000,2468.65
1749255082,2469.93000000,8.09410000,2468.65
1749255082,2469.95000000,7.30800000,2468.65
1749255082,2469.96000000,0.00300000,2468.65
1749255082,2469.99000000,5.96100000,2468.65
1749255082,2470.00000000,15.82920000,2468.65
1749255082,2470.01000000,8.09200000,2468.65
1749255082,2470.03000000,8.25060000,2468.65
1749255082,2470.04000000,9.30580000,2468.65
1749255082,2470.06000000,12.14260000,2468.65
1749255082,2470.08000000,9.04930000,2468.65
1749255082,2470.09000000,0.10000000,2468.65
1749255082,2470.10000000,1.76500000,2468.65
1749255082,2470.11000000,0.00310000,2468.65
1749255082,2470.12000000,12.44370000,2468.65
1749255082,2470.13000000,0.00210000,2468.65
1749255082,2470.14000000,0.00300000,2468.65
1749255082,2470.15000000,12.14040000,2468.65
1749255082,2470.16000000,11.11220000,2468.65
1749255082,2470.17000000,18.61160000,2468.65
1749255082,2470.18000000,0.73880000,2468.65
1749255082,2470.19000000,0.57470000,2468.65
1749255082,2470.20000000,0.20240000,2468.65
1749255082,2470.21000000,1.76510000,2468.65
1749255082,2470.22000000,1.21520000,2468.65
1749255082,2470.23000000,33.88740000,2468.65
1749255082,2470.24000000,12.83990000,2468.65
1749255082,2470.25000000,1.76500000,2468.65
1749255082,2470.26000000,12.59960000,2468.65
1749255082,2470.28000000,10.43230000,2468.65
1749255082,2470.30000000,0.16810000,2468.65
1749255082,2470.31000000,1.98700000,2468.65
1749255082,2470.32000000,32.59940000,2468.65
1749255082,2470.33000000,2.50150000,2468.65
1749255082,2470.34000000,0.57600000,2468.65
1749255082,2470.35000000,1.99690000,2468.65
1749255082,2470.36000000,0.39030000,2468.65
1749255082,2470.38000000,0.40940000,2468.65
1749255082,2470.39000000,0.44530000,2468.65
1749255082,2470.40000000,0.00410000,2468.65
1749255082,2470.41000000,4.03670000,2468.65
