timestamp,price,volume,current_price
1749260635,2470.12000000,11.26740000,2470.11
1749260635,2470.13000000,1.22140000,2470.11
1749260635,2470.14000000,0.00440000,2470.11
1749260635,2470.15000000,0.57270000,2470.11
1749260635,2470.16000000,0.00220000,2470.11
1749260635,2470.17000000,0.00670000,2470.11
1749260635,2470.18000000,0.00440000,2470.11
1749260635,2470.19000000,3.23810000,2470.11
1749260635,2470.20000000,11.72350000,2470.11
1749260635,2470.21000000,0.00620000,2470.11
1749260635,2470.22000000,0.00670000,2470.11
1749260635,2470.23000000,0.00440000,2470.11
1749260635,2470.24000000,6.82200000,2470.11
1749260635,2470.27000000,0.00220000,2470.11
1749260635,2470.28000000,4.42310000,2470.11
1749260635,2470.30000000,0.40720000,2470.11
1749260635,2470.31000000,12.15880000,2470.11
1749260635,2470.32000000,7.23110000,2470.11
1749260635,2470.33000000,0.02660000,2470.11
1749260635,2470.35000000,2.96860000,2470.11
1749260635,2470.36000000,2.41670000,2470.11
1749260635,2470.37000000,6.74450000,2470.11
1749260635,2470.38000000,0.00420000,2470.11
1749260635,2470.40000000,2.28600000,2470.11
1749260635,2470.41000000,0.00410000,2470.11
1749260635,2470.43000000,1.12290000,2470.11
1749260635,2470.44000000,0.00210000,2470.11
1749260635,2470.45000000,1.96800000,2470.11
1749260635,2470.47000000,1.48440000,2470.11
1749260635,2470.49000000,11.63520000,2470.11
1749260635,2470.50000000,2.28900000,2470.11
1749260635,2470.51000000,8.50790000,2470.11
1749260635,2470.52000000,0.76800000,2470.11
1749260635,2470.53000000,0.08100000,2470.11
1749260635,2470.54000000,0.00950000,2470.11
1749260635,2470.55000000,13.11020000,2470.11
1749260635,2470.56000000,25.75960000,2470.11
1749260635,2470.57000000,2.99610000,2470.11
1749260635,2470.58000000,14.97890000,2470.11
1749260635,2470.59000000,0.81600000,2470.11
1749260635,2470.60000000,2.96610000,2470.11
1749260635,2470.61000000,0.00310000,2470.11
1749260635,2470.62000000,0.00410000,2470.11
1749260635,2470.63000000,10.78830000,2470.11
1749260635,2470.64000000,2.56810000,2470.11
1749260635,2470.66000000,6.30000000,2470.11
1749260635,2470.67000000,12.15760000,2470.11
1749260635,2470.68000000,0.00510000,2470.11
1749260635,2470.69000000,6.66060000,2470.11
1749260635,2470.70000000,2.48840000,2470.11
1749260635,2470.71000000,0.16150000,2470.11
1749260635,2470.74000000,0.05570000,2470.11
1749260635,2470.76000000,0.00420000,2470.11
1749260635,2470.77000000,0.20000000,2470.11
1749260635,2470.78000000,3.86150000,2470.11
1749260635,2470.79000000,6.04890000,2470.11
1749260635,2470.80000000,32.56720000,2470.11
1749260635,2470.81000000,0.02020000,2470.11
1749260635,2470.82000000,0.11000000,2470.11
1749260635,2470.83000000,4.04900000,2470.11
1749260635,2470.84000000,6.48160000,2470.11
1749260635,2470.86000000,2.42720000,2470.11
1749260635,2470.87000000,12.15450000,2470.11
1749260635,2470.90000000,22.32800000,2470.11
1749260635,2470.91000000,16.26970000,2470.11
1749260635,2470.92000000,9.32290000,2470.11
1749260635,2470.93000000,15.12830000,2470.11
1749260635,2470.94000000,17.41670000,2470.11
1749260635,2470.96000000,0.12160000,2470.11
1749260635,2470.97000000,11.39700000,2470.11
1749260635,2470.98000000,8.10500000,2470.11
1749260635,2470.99000000,9.90430000,2470.11
1749260635,2471.00000000,4.10460000,2470.11
1749260635,2471.02000000,5.04190000,2470.11
1749260635,2471.03000000,1.86720000,2470.11
1749260635,2471.04000000,14.18410000,2470.11
1749260635,2471.07000000,0.62400000,2470.11
1749260635,2471.09000000,3.65970000,2470.11
1749260635,2471.10000000,5.44870000,2470.11
1749260635,2471.11000000,5.00750000,2470.11
1749260635,2471.12000000,12.15450000,2470.11
1749260635,2471.13000000,0.40000000,2470.11
1749260635,2471.14000000,0.77220000,2470.11
1749260635,2471.15000000,0.17010000,2470.11
1749260635,2471.16000000,12.00770000,2470.11
1749260635,2471.18000000,3.79740000,2470.11
1749260635,2471.19000000,0.96000000,2470.11
1749260635,2471.20000000,12.35660000,2470.11
1749260635,2471.22000000,2.70760000,2470.11
1749260635,2471.23000000,2.94180000,2470.11
1749260635,2471.24000000,9.32080000,2470.11
1749260635,2471.26000000,11.70690000,2470.11
1749260635,2471.27000000,0.00410000,2470.11
1749260635,2471.28000000,0.00210000,2470.11
1749260635,2471.29000000,0.01500000,2470.11
1749260635,2471.30000000,3.82670000,2470.11
1749260635,2471.31000000,6.30000000,2470.11
1749260635,2471.32000000,0.16190000,2470.11
1749260635,2471.33000000,0.00570000,2470.11
1749260635,2471.34000000,3.79900000,2470.11
1749260938,2473.37000000,60.34660000,2473.37
1749260938,2473.38000000,6.84630000,2473.37
1749260938,2473.39000000,0.53100000,2473.37
1749260938,2473.40000000,0.00460000,2473.37
1749260938,2473.41000000,0.00430000,2473.37
1749260938,2473.44000000,0.00890000,2473.37
1749260938,2473.45000000,1.26160000,2473.37
1749260938,2473.46000000,0.00220000,2473.37
1749260938,2473.47000000,0.00830000,2473.37
1749260938,2473.48000000,0.00220000,2473.37
1749260938,2473.49000000,0.00430000,2473.37
1749260938,2473.50000000,0.00440000,2473.37
1749260938,2473.51000000,16.18580000,2473.37
1749260938,2473.52000000,1.52070000,2473.37
1749260938,2473.53000000,1.45890000,2473.37
1749260938,2473.55000000,2.67210000,2473.37
1749260938,2473.56000000,0.40470000,2473.37
1749260938,2473.57000000,0.57510000,2473.37
1749260938,2473.63000000,0.10140000,2473.37
1749260938,2473.64000000,0.40870000,2473.37
1749260938,2473.67000000,0.00410000,2473.37
1749260938,2473.68000000,5.57220000,2473.37
1749260938,2473.70000000,0.59840000,2473.37
1749260938,2473.72000000,2.02140000,2473.37
1749260938,2473.73000000,1.45580000,2473.37
1749260938,2473.74000000,0.07370000,2473.37
1749260938,2473.76000000,6.30000000,2473.37
1749260938,2473.77000000,12.15450000,2473.37
1749260938,2473.78000000,0.43440000,2473.37
1749260938,2473.79000000,2.70150000,2473.37
1749260938,2473.80000000,10.58320000,2473.37
1749260938,2473.81000000,12.14640000,2473.37
1749260938,2473.83000000,0.40450000,2473.37
1749260938,2473.84000000,9.30910000,2473.37
1749260938,2473.85000000,0.79830000,2473.37
1749260938,2473.86000000,0.00310000,2473.37
1749260938,2473.87000000,0.10000000,2473.37
1749260938,2473.88000000,0.67200000,2473.37
1749260938,2473.90000000,0.40000000,2473.37
1749260938,2473.91000000,14.49420000,2473.37
1749260938,2473.92000000,12.42820000,2473.37
1749260938,2473.93000000,6.88710000,2473.37
1749260938,2473.96000000,0.00410000,2473.37
1749260938,2473.97000000,2.00220000,2473.37
1749260938,2473.98000000,0.77010000,2473.37
1749260938,2474.00000000,2.94900000,2473.37
1749260938,2474.01000000,16.18980000,2473.37
1749260938,2474.03000000,1.73420000,2473.37
1749260938,2474.04000000,24.54120000,2473.37
1749260938,2474.05000000,2.05570000,2473.37
1749260938,2474.06000000,6.30000000,2473.37
1749260938,2474.07000000,8.09490000,2473.37
1749260938,2474.08000000,0.81560000,2473.37
1749260938,2474.09000000,3.96720000,2473.37
1749260938,2474.10000000,0.40130000,2473.37
1749260938,2474.11000000,9.31630000,2473.37
1749260938,2474.12000000,0.54050000,2473.37
1749260938,2474.13000000,0.12160000,2473.37
1749260938,2474.15000000,11.43440000,2473.37
1749260938,2474.16000000,1.52030000,2473.37
1749260938,2474.17000000,13.10360000,2473.37
1749260938,2474.18000000,0.00420000,2473.37
1749260938,2474.19000000,0.00230000,2473.37
1749260938,2474.20000000,0.20210000,2473.37
1749260938,2474.21000000,0.02430000,2473.37
1749260938,2474.22000000,0.01000000,2473.37
1749260938,2474.23000000,13.27450000,2473.37
1749260938,2474.24000000,21.85350000,2473.37
1749260938,2474.25000000,7.08940000,2473.37
1749260938,2474.27000000,9.86900000,2473.37
1749260938,2474.28000000,19.39980000,2473.37
1749260938,2474.29000000,10.66630000,2473.37
1749260938,2474.30000000,6.07110000,2473.37
1749260938,2474.31000000,6.07110000,2473.37
1749260938,2474.33000000,6.07110000,2473.37
1749260938,2474.34000000,12.15450000,2473.37
1749260938,2474.35000000,0.00410000,2473.37
1749260938,2474.36000000,6.30310000,2473.37
1749260938,2474.37000000,8.41650000,2473.37
1749260938,2474.38000000,3.54790000,2473.37
1749260938,2474.40000000,2.55810000,2473.37
1749260938,2474.41000000,18.45520000,2473.37
1749260938,2474.42000000,0.00210000,2473.37
1749260938,2474.44000000,0.73930000,2473.37
1749260938,2474.45000000,0.00410000,2473.37
1749260938,2474.46000000,0.67630000,2473.37
1749260938,2474.47000000,1.99690000,2473.37
1749260938,2474.48000000,3.52600000,2473.37
1749260938,2474.49000000,12.33610000,2473.37
1749260938,2474.50000000,2.19680000,2473.37
1749260938,2474.51000000,25.64570000,2473.37
1749260938,2474.52000000,3.80990000,2473.37
1749260938,2474.53000000,0.40410000,2473.37
1749260938,2474.54000000,12.54700000,2473.37
1749260938,2474.56000000,0.82080000,2473.37
1749260938,2474.57000000,5.95540000,2473.37
1749260938,2474.60000000,16.16480000,2473.37
1749260938,2474.61000000,0.79950000,2473.37
1749260938,2474.62000000,1.36200000,2473.37
1749260938,2474.63000000,10.86060000,2473.37
1749261239,2473.11000000,32.00510000,2473.1
1749261239,2473.12000000,7.08940000,2473.1
1749261239,2473.13000000,0.00220000,2473.1
1749261239,2473.14000000,0.00650000,2473.1
1749261239,2473.15000000,0.70240000,2473.1
1749261239,2473.16000000,0.00430000,2473.1
1749261239,2473.17000000,0.00430000,2473.1
1749261239,2473.18000000,0.00220000,2473.1
1749261239,2473.19000000,0.00440000,2473.1
1749261239,2473.20000000,2.29950000,2473.1
1749261239,2473.21000000,3.69610000,2473.1
1749261239,2473.22000000,0.00670000,2473.1
1749261239,2473.23000000,0.00220000,2473.1
1749261239,2473.24000000,4.04200000,2473.1
1749261239,2473.25000000,0.00240000,2473.1
1749261239,2473.27000000,0.02900000,2473.1
1749261239,2473.29000000,0.00220000,2473.1
1749261239,2473.30000000,2.85590000,2473.1
1749261239,2473.31000000,1.08330000,2473.1
1749261239,2473.32000000,5.69310000,2473.1
1749261239,2473.33000000,0.00410000,2473.1
1749261239,2473.34000000,0.40000000,2473.1
1749261239,2473.36000000,6.30310000,2473.1
1749261239,2473.37000000,4.50400000,2473.1
1749261239,2473.38000000,0.00300000,2473.1
1749261239,2473.40000000,12.00250000,2473.1
1749261239,2473.41000000,1.46410000,2473.1
1749261239,2473.42000000,0.06670000,2473.1
1749261239,2473.43000000,0.40110000,2473.1
1749261239,2473.44000000,0.00210000,2473.1
1749261239,2473.46000000,0.40000000,2473.1
1749261239,2473.47000000,0.04660000,2473.1
1749261239,2473.49000000,0.69180000,2473.1
1749261239,2473.50000000,2.28600000,2473.1
1749261239,2473.51000000,0.00950000,2473.1
1749261239,2473.52000000,0.41000000,2473.1
1749261239,2473.56000000,0.68240000,2473.1
1749261239,2473.57000000,0.20000000,2473.1
1749261239,2473.58000000,1.14120000,2473.1
1749261239,2473.59000000,1.97810000,2473.1
1749261239,2473.61000000,10.05900000,2473.1
1749261239,2473.62000000,12.13410000,2473.1
1749261239,2473.63000000,0.00410000,2473.1
1749261239,2473.64000000,9.30490000,2473.1
1749261239,2473.65000000,0.24260000,2473.1
1749261239,2473.66000000,1.16910000,2473.1
1749261239,2473.67000000,8.08940000,2473.1
1749261239,2473.68000000,0.96620000,2473.1
1749261239,2473.69000000,0.00410000,2473.1
1749261239,2473.70000000,20.55830000,2473.1
1749261239,2473.71000000,14.54400000,2473.1
1749261239,2473.72000000,6.47830000,2473.1
1749261239,2473.73000000,6.06700000,2473.1
1749261239,2473.74000000,28.28160000,2473.1
1749261239,2473.75000000,2.16670000,2473.1
1749261239,2473.76000000,0.00410000,2473.1
1749261239,2473.77000000,0.20000000,2473.1
1749261239,2473.78000000,9.30280000,2473.1
1749261239,2473.79000000,0.80100000,2473.1
1749261239,2473.80000000,0.00840000,2473.1
1749261239,2473.81000000,6.09720000,2473.1
1749261239,2473.83000000,15.33810000,2473.1
1749261239,2473.84000000,4.64600000,2473.1
1749261239,2473.85000000,0.40430000,2473.1
1749261239,2473.86000000,0.00310000,2473.1
1749261239,2473.87000000,0.00410000,2473.1
1749261239,2473.88000000,8.08940000,2473.1
1749261239,2473.90000000,4.96520000,2473.1
1749261239,2473.91000000,0.02020000,2473.1
1749261239,2473.92000000,0.40490000,2473.1
1749261239,2473.93000000,6.45320000,2473.1
1749261239,2473.94000000,16.93270000,2473.1
1749261239,2473.96000000,2.18060000,2473.1
1749261239,2473.97000000,6.57720000,2473.1
1749261239,2473.98000000,6.11330000,2473.1
1749261239,2474.00000000,0.42740000,2473.1
1749261239,2474.01000000,7.42200000,2473.1
1749261239,2474.02000000,15.84660000,2473.1
1749261239,2474.03000000,26.86380000,2473.1
1749261239,2474.04000000,16.11230000,2473.1
1749261239,2474.05000000,7.07070000,2473.1
1749261239,2474.06000000,6.30000000,2473.1
1749261239,2474.07000000,4.91790000,2473.1
1749261239,2474.09000000,0.15320000,2473.1
1749261239,2474.10000000,8.09240000,2473.1
1749261239,2474.11000000,0.00720000,2473.1
1749261239,2474.12000000,8.08940000,2473.1
1749261239,2474.13000000,0.01500000,2473.1
1749261239,2474.14000000,0.73930000,2473.1
1749261239,2474.16000000,20.49830000,2473.1
1749261239,2474.18000000,13.04540000,2473.1
1749261239,2474.19000000,11.72580000,2473.1
1749261239,2474.20000000,2.62510000,2473.1
1749261239,2474.21000000,0.00410000,2473.1
1749261239,2474.23000000,6.23480000,2473.1
1749261239,2474.24000000,4.12980000,2473.1
1749261239,2474.25000000,9.43910000,2473.1
1749261239,2474.27000000,9.30690000,2473.1
1749261239,2474.28000000,0.00510000,2473.1
1749261239,2474.31000000,7.06730000,2473.1
1749261541,2470.98000000,94.45390000,2470.98
1749261541,2470.99000000,11.77890000,2470.98
1749261541,2471.00000000,2.35710000,2470.98
1749261541,2471.01000000,4.01460000,2470.98
1749261541,2471.02000000,0.62130000,2470.98
1749261541,2471.03000000,4.04100000,2470.98
1749261541,2471.04000000,0.00430000,2470.98
1749261541,2471.05000000,0.05490000,2470.98
1749261541,2471.06000000,0.00430000,2470.98
1749261541,2471.07000000,0.00220000,2470.98
1749261541,2471.08000000,0.00620000,2470.98
1749261541,2471.09000000,0.04260000,2470.98
1749261541,2471.10000000,2.30370000,2470.98
1749261541,2471.14000000,0.68460000,2470.98
1749261541,2471.15000000,0.13940000,2470.98
1749261541,2471.16000000,0.00210000,2470.98
1749261541,2471.17000000,0.00220000,2470.98
1749261541,2471.18000000,9.51170000,2470.98
1749261541,2471.19000000,0.20220000,2470.98
1749261541,2471.20000000,6.32930000,2470.98
1749261541,2471.21000000,0.40980000,2470.98
1749261541,2471.22000000,12.13880000,2470.98
1749261541,2471.23000000,0.02920000,2470.98
1749261541,2471.24000000,0.40000000,2470.98
1749261541,2471.25000000,5.24230000,2470.98
1749261541,2471.26000000,0.08090000,2470.98
1749261541,2471.27000000,7.55000000,2470.98
1749261541,2471.28000000,0.00210000,2470.98
1749261541,2471.30000000,0.00210000,2470.98
1749261541,2471.31000000,8.23400000,2470.98
1749261541,2471.32000000,0.00410000,2470.98
1749261541,2471.33000000,0.72000000,2470.98
1749261541,2471.34000000,0.40750000,2470.98
1749261541,2471.35000000,6.17030000,2470.98
1749261541,2471.36000000,2.08990000,2470.98
1749261541,2471.37000000,14.85350000,2470.98
1749261541,2471.38000000,0.68760000,2470.98
1749261541,2471.40000000,14.30520000,2470.98
1749261541,2471.41000000,0.00410000,2470.98
1749261541,2471.42000000,0.77330000,2470.98
1749261541,2471.45000000,7.02940000,2470.98
1749261541,2471.46000000,0.40750000,2470.98
1749261541,2471.47000000,10.63660000,2470.98
1749261541,2471.49000000,24.69540000,2470.98
1749261541,2471.50000000,2.60000000,2470.98
1749261541,2471.51000000,0.00410000,2470.98
1749261541,2471.52000000,8.39680000,2470.98
1749261541,2471.53000000,18.26940000,2470.98
1749261541,2471.55000000,1.03150000,2470.98
1749261541,2471.56000000,1.99690000,2470.98
1749261541,2471.61000000,7.40310000,2470.98
1749261541,2471.62000000,1.40040000,2470.98
1749261541,2471.64000000,0.00210000,2470.98
1749261541,2471.65000000,0.01010000,2470.98
1749261541,2471.66000000,6.94800000,2470.98
1749261541,2471.67000000,3.02190000,2470.98
1749261541,2471.68000000,0.12800000,2470.98
1749261541,2471.69000000,0.00210000,2470.98
1749261541,2471.70000000,0.20230000,2470.98
1749261541,2471.71000000,8.09250000,2470.98
1749261541,2471.72000000,9.30640000,2470.98
1749261541,2471.75000000,0.40000000,2470.98
1749261541,2471.76000000,0.00510000,2470.98
1749261541,2471.78000000,0.52200000,2470.98
1749261541,2471.80000000,16.37340000,2470.98
1749261541,2471.81000000,6.04890000,2470.98
1749261541,2471.82000000,26.28560000,2470.98
1749261541,2471.83000000,22.13420000,2470.98
1749261541,2471.84000000,20.41120000,2470.98
1749261541,2471.85000000,12.15020000,2470.98
1749261541,2471.86000000,10.35210000,2470.98
1749261541,2471.87000000,16.18500000,2470.98
1749261541,2471.88000000,23.62360000,2470.98
1749261541,2471.90000000,0.00420000,2470.98
1749261541,2471.91000000,4.62350000,2470.98
1749261541,2471.92000000,2.40150000,2470.98
1749261541,2471.94000000,0.00300000,2470.98
1749261541,2471.95000000,9.30640000,2470.98
1749261541,2471.97000000,3.81590000,2470.98
1749261541,2471.99000000,7.07390000,2470.98
1749261541,2472.00000000,19.13830000,2470.98
1749261541,2472.01000000,4.44890000,2470.98
1749261541,2472.03000000,1.66300000,2470.98
1749261541,2472.04000000,0.80000000,2470.98
1749261541,2472.06000000,1.72620000,2470.98
1749261541,2472.08000000,12.15660000,2470.98
1749261541,2472.09000000,9.30640000,2470.98
1749261541,2472.11000000,3.66580000,2470.98
1749261541,2472.12000000,4.64430000,2470.98
1749261541,2472.14000000,9.30640000,2470.98
1749261541,2472.15000000,3.34940000,2470.98
1749261541,2472.16000000,2.40150000,2470.98
1749261541,2472.17000000,0.00410000,2470.98
1749261541,2472.19000000,1.11350000,2470.98
1749261541,2472.20000000,1.20640000,2470.98
1749261541,2472.21000000,2.04900000,2470.98
1749261541,2472.24000000,13.06200000,2470.98
1749261541,2472.26000000,1.72620000,2470.98
1749261541,2472.27000000,3.65400000,2470.98
1749261541,2472.28000000,0.00830000,2470.98
1749261842,2471.71000000,97.07100000,2471.71
1749261842,2471.72000000,0.30400000,2471.71
1749261842,2471.80000000,25.70180000,2471.71
1749261842,2471.81000000,19.11590000,2471.71
1749261842,2471.82000000,0.00220000,2471.71
1749261842,2471.83000000,0.00220000,2471.71
1749261842,2471.84000000,0.00220000,2471.71
1749261842,2471.85000000,0.00220000,2471.71
1749261842,2471.86000000,0.00220000,2471.71
1749261842,2471.87000000,0.16380000,2471.71
1749261842,2471.88000000,30.25570000,2471.71
1749261842,2471.89000000,0.81130000,2471.71
1749261842,2471.90000000,2.28820000,2471.71
1749261842,2471.91000000,0.00220000,2471.71
1749261842,2471.95000000,5.77540000,2471.71
1749261842,2471.96000000,1.80040000,2471.71
1749261842,2471.97000000,0.05050000,2471.71
1749261842,2471.98000000,0.07920000,2471.71
1749261842,2471.99000000,8.09290000,2471.71
1749261842,2472.00000000,6.51570000,2471.71
1749261842,2472.02000000,2.39420000,2471.71
1749261842,2472.03000000,12.46390000,2471.71
1749261842,2472.04000000,4.35660000,2471.71
1749261842,2472.05000000,0.02010000,2471.71
1749261842,2472.06000000,0.03140000,2471.71
1749261842,2472.08000000,14.17300000,2471.71
1749261842,2472.09000000,12.81140000,2471.71
1749261842,2472.10000000,2.28600000,2471.71
1749261842,2472.11000000,12.15760000,2471.71
1749261842,2472.12000000,12.91230000,2471.71
1749261842,2472.13000000,7.08980000,2471.71
1749261842,2472.14000000,1.92500000,2471.71
1749261842,2472.20000000,3.90870000,2471.71
1749261842,2472.22000000,1.61600000,2471.71
1749261842,2472.24000000,10.17500000,2471.71
1749261842,2472.25000000,0.16990000,2471.71
1749261842,2472.26000000,8.65130000,2471.71
1749261842,2472.27000000,1.60540000,2471.71
1749261842,2472.28000000,0.00420000,2471.71
1749261842,2472.30000000,2.99250000,2471.71
1749261842,2472.31000000,0.04850000,2471.71
1749261842,2472.32000000,1.99690000,2471.71
1749261842,2472.33000000,0.39720000,2471.71
1749261842,2472.34000000,0.12160000,2471.71
1749261842,2472.35000000,8.10710000,2471.71
1749261842,2472.36000000,9.33210000,2471.71
1749261842,2472.38000000,25.10490000,2471.71
1749261842,2472.40000000,3.63000000,2471.71
1749261842,2472.41000000,0.15320000,2471.71
1749261842,2472.44000000,0.02020000,2471.71
1749261842,2472.45000000,6.70000000,2471.71
1749261842,2472.46000000,9.32690000,2471.71
1749261842,2472.47000000,7.15220000,2471.71
1749261842,2472.48000000,16.03050000,2471.71
1749261842,2472.49000000,15.52250000,2471.71
1749261842,2472.50000000,0.87240000,2471.71
1749261842,2472.52000000,1.89280000,2471.71
1749261842,2472.53000000,6.07380000,2471.71
1749261842,2472.57000000,3.78870000,2471.71
1749261842,2472.58000000,12.15450000,2471.71
1749261842,2472.59000000,0.10000000,2471.71
1749261842,2472.60000000,12.89190000,2471.71
1749261842,2472.61000000,13.09440000,2471.71
1749261842,2472.62000000,9.70550000,2471.71
1749261842,2472.63000000,1.32720000,2471.71
1749261842,2472.64000000,4.22780000,2471.71
1749261842,2472.65000000,0.02020000,2471.71
1749261842,2472.66000000,0.00930000,2471.71
1749261842,2472.67000000,7.54940000,2471.71
1749261842,2472.68000000,12.73620000,2471.71
1749261842,2472.69000000,0.90280000,2471.71
1749261842,2472.70000000,1.06830000,2471.71
1749261842,2472.71000000,4.07870000,2471.71
1749261842,2472.72000000,12.15230000,2471.71
1749261842,2472.73000000,12.26710000,2471.71
1749261842,2472.74000000,3.79360000,2471.71
1749261842,2472.75000000,0.02020000,2471.71
1749261842,2472.76000000,6.30000000,2471.71
1749261842,2472.77000000,8.09290000,2471.71
1749261842,2472.80000000,5.32600000,2471.71
1749261842,2472.81000000,0.00410000,2471.71
1749261842,2472.83000000,12.15450000,2471.71
1749261842,2472.84000000,11.29750000,2471.71
1749261842,2472.85000000,3.77470000,2471.71
1749261842,2472.86000000,1.21920000,2471.71
1749261842,2472.87000000,10.03080000,2471.71
1749261842,2472.89000000,11.85240000,2471.71
1749261842,2472.91000000,0.00240000,2471.71
1749261842,2472.92000000,0.40450000,2471.71
1749261842,2472.93000000,4.70520000,2471.71
1749261842,2472.94000000,0.08090000,2471.71
1749261842,2472.95000000,6.04890000,2471.71
1749261842,2472.96000000,8.33830000,2471.71
1749261842,2472.97000000,6.06970000,2471.71
1749261842,2472.98000000,14.88100000,2471.71
1749261842,2472.99000000,0.90280000,2471.71
1749261842,2473.00000000,3.78070000,2471.71
1749261842,2473.01000000,6.30410000,2471.71
1749261842,2473.02000000,0.96300000,2471.71
1749261842,2473.03000000,13.95640000,2471.71
1749262144,2468.94000000,24.53860000,2468.94
1749262144,2468.95000000,7.29190000,2468.94
1749262144,2468.96000000,0.05470000,2468.94
1749262144,2468.97000000,0.62060000,2468.94
1749262144,2468.98000000,0.00430000,2468.94
1749262144,2468.99000000,0.03130000,2468.94
1749262144,2469.00000000,2.29240000,2468.94
1749262144,2469.01000000,4.00140000,2468.94
1749262144,2469.02000000,11.74930000,2468.94
1749262144,2469.03000000,0.00220000,2468.94
1749262144,2469.04000000,0.00620000,2468.94
1749262144,2469.05000000,0.00220000,2468.94
1749262144,2469.08000000,0.68110000,2468.94
1749262144,2469.09000000,0.07930000,2468.94
1749262144,2469.10000000,2.29050000,2468.94
1749262144,2469.12000000,4.05090000,2468.94
1749262144,2469.13000000,0.40140000,2468.94
1749262144,2469.15000000,0.00210000,2468.94
1749262144,2469.16000000,0.00410000,2468.94
1749262144,2469.17000000,3.23400000,2468.94
1749262144,2469.18000000,1.07220000,2468.94
1749262144,2469.19000000,6.32900000,2468.94
1749262144,2469.20000000,2.48850000,2468.94
1749262144,2469.21000000,0.40510000,2468.94
1749262144,2469.22000000,2.56200000,2468.94
1749262144,2469.24000000,3.27080000,2468.94
1749262144,2469.26000000,0.01850000,2468.94
1749262144,2469.27000000,0.72430000,2468.94
1749262144,2469.29000000,0.60650000,2468.94
1749262144,2469.30000000,2.28830000,2468.94
1749262144,2469.31000000,0.02910000,2468.94
1749262144,2469.34000000,0.00210000,2468.94
1749262144,2469.35000000,3.32270000,2468.94
1749262144,2469.36000000,0.00520000,2468.94
1749262144,2469.37000000,0.41670000,2468.94
1749262144,2469.38000000,11.70580000,2468.94
1749262144,2469.39000000,0.40910000,2468.94
1749262144,2469.40000000,11.59920000,2468.94
1749262144,2469.41000000,0.00540000,2468.94
1749262144,2469.42000000,0.00300000,2468.94
1749262144,2469.44000000,9.30910000,2468.94
1749262144,2469.45000000,0.00530000,2468.94
1749262144,2469.46000000,6.30000000,2468.94
1749262144,2469.47000000,2.22400000,2468.94
1749262144,2469.48000000,18.34240000,2468.94
1749262144,2469.49000000,6.67110000,2468.94
1749262144,2469.50000000,4.02920000,2468.94
1749262144,2469.51000000,0.01420000,2468.94
1749262144,2469.52000000,9.39080000,2468.94
1749262144,2469.54000000,0.00210000,2468.94
1749262144,2469.55000000,18.24340000,2468.94
1749262144,2469.56000000,6.15210000,2468.94
1749262144,2469.58000000,0.10000000,2468.94
1749262144,2469.59000000,0.72000000,2468.94
1749262144,2469.60000000,0.00510000,2468.94
1749262144,2469.61000000,0.00310000,2468.94
1749262144,2469.62000000,13.14950000,2468.94
1749262144,2469.63000000,6.07110000,2468.94
1749262144,2469.64000000,2.54400000,2468.94
1749262144,2469.66000000,3.86840000,2468.94
1749262144,2469.67000000,0.40500000,2468.94
1749262144,2469.70000000,8.39890000,2468.94
1749262144,2469.71000000,9.83980000,2468.94
1749262144,2469.72000000,16.38040000,2468.94
1749262144,2469.73000000,6.30000000,2468.94
1749262144,2469.74000000,0.00210000,2468.94
1749262144,2469.76000000,8.89480000,2468.94
1749262144,2469.77000000,1.99690000,2468.94
1749262144,2469.78000000,0.40300000,2468.94
1749262144,2469.79000000,0.00410000,2468.94
1749262144,2469.81000000,12.15450000,2468.94
1749262144,2469.83000000,3.88760000,2468.94
1749262144,2469.84000000,8.53660000,2468.94
1749262144,2469.85000000,1.84510000,2468.94
1749262144,2469.86000000,0.00310000,2468.94
1749262144,2469.87000000,9.41320000,2468.94
1749262144,2469.88000000,4.02160000,2468.94
1749262144,2469.89000000,1.10830000,2468.94
1749262144,2469.90000000,1.78910000,2468.94
1749262144,2469.92000000,13.07380000,2468.94
1749262144,2469.93000000,1.21970000,2468.94
1749262144,2469.95000000,2.64320000,2468.94
1749262144,2469.96000000,3.57920000,2468.94
1749262144,2469.98000000,13.40220000,2468.94
1749262144,2469.99000000,24.59740000,2468.94
1749262144,2470.00000000,4.92040000,2468.94
1749262144,2470.01000000,0.00410000,2468.94
1749262144,2470.02000000,2.01600000,2468.94
1749262144,2470.03000000,1.34900000,2468.94
1749262144,2470.04000000,4.06400000,2468.94
1749262144,2470.06000000,13.44110000,2468.94
1749262144,2470.07000000,18.11140000,2468.94
1749262144,2470.08000000,30.49650000,2468.94
1749262144,2470.09000000,17.52800000,2468.94
1749262144,2470.11000000,5.77610000,2468.94
1749262144,2470.12000000,19.56460000,2468.94
1749262144,2470.13000000,2.96500000,2468.94
1749262144,2470.14000000,7.61990000,2468.94
1749262144,2470.16000000,5.24420000,2468.94
1749262144,2470.17000000,1.77300000,2468.94
1749262446,2470.81000000,6.24190000,2470.8
1749262446,2470.82000000,0.00640000,2470.8
1749262446,2470.83000000,0.00220000,2470.8
1749262446,2470.84000000,0.05280000,2470.8
1749262446,2470.85000000,0.00220000,2470.8
1749262446,2470.86000000,0.00220000,2470.8
1749262446,2470.87000000,0.00430000,2470.8
1749262446,2470.88000000,0.00460000,2470.8
1749262446,2470.89000000,0.00220000,2470.8
1749262446,2470.91000000,0.00620000,2470.8
1749262446,2470.92000000,0.00430000,2470.8
1749262446,2470.93000000,0.05280000,2470.8
1749262446,2470.96000000,0.91740000,2470.8
1749262446,2471.00000000,0.61940000,2470.8
1749262446,2471.02000000,0.16500000,2470.8
1749262446,2471.05000000,4.77310000,2470.8
1749262446,2471.06000000,6.56950000,2470.8
1749262446,2471.07000000,0.00240000,2470.8
1749262446,2471.08000000,2.05600000,2470.8
1749262446,2471.10000000,1.25360000,2470.8
1749262446,2471.11000000,4.05090000,2470.8
1749262446,2471.12000000,0.38360000,2470.8
1749262446,2471.13000000,1.60000000,2470.8
1749262446,2471.14000000,0.00420000,2470.8
1749262446,2471.15000000,0.22610000,2470.8
1749262446,2471.16000000,0.00210000,2470.8
1749262446,2471.17000000,0.08080000,2470.8
1749262446,2471.18000000,1.68960000,2470.8
1749262446,2471.20000000,0.41990000,2470.8
1749262446,2471.21000000,0.67900000,2470.8
1749262446,2471.22000000,0.82700000,2470.8
1749262446,2471.23000000,0.02250000,2470.8
1749262446,2471.24000000,0.62400000,2470.8
1749262446,2471.25000000,1.34400000,2470.8
1749262446,2471.26000000,0.04040000,2470.8
1749262446,2471.27000000,2.85050000,2470.8
1749262446,2471.28000000,16.14750000,2470.8
1749262446,2471.29000000,20.37580000,2470.8
1749262446,2471.30000000,0.10630000,2470.8
1749262446,2471.31000000,6.30940000,2470.8
1749262446,2471.33000000,9.36350000,2470.8
1749262446,2471.34000000,0.40000000,2470.8
1749262446,2471.35000000,6.07480000,2470.8
1749262446,2471.36000000,2.66700000,2470.8
1749262446,2471.37000000,1.15160000,2470.8
1749262446,2471.38000000,0.00620000,2470.8
1749262446,2471.40000000,8.43310000,2470.8
1749262446,2471.41000000,0.72000000,2470.8
1749262446,2471.42000000,0.00240000,2470.8
1749262446,2471.43000000,0.86400000,2470.8
1749262446,2471.44000000,0.00410000,2470.8
1749262446,2471.45000000,6.07480000,2470.8
1749262446,2471.46000000,1.63200000,2470.8
1749262446,2471.49000000,0.38560000,2470.8
1749262446,2471.51000000,20.25340000,2470.8
1749262446,2471.52000000,0.10630000,2470.8
1749262446,2471.53000000,13.10780000,2470.8
1749262446,2471.55000000,16.19940000,2470.8
1749262446,2471.57000000,0.00210000,2470.8
1749262446,2471.58000000,0.00710000,2470.8
1749262446,2471.59000000,0.81600000,2470.8
1749262446,2471.61000000,6.07790000,2470.8
1749262446,2471.62000000,12.15450000,2470.8
1749262446,2471.64000000,13.62280000,2470.8
1749262446,2471.65000000,0.16200000,2470.8
1749262446,2471.66000000,17.63230000,2470.8
1749262446,2471.67000000,0.00410000,2470.8
1749262446,2471.68000000,6.07480000,2470.8
1749262446,2471.69000000,0.00210000,2470.8
1749262446,2471.70000000,0.25830000,2470.8
1749262446,2471.71000000,0.01000000,2470.8
1749262446,2471.73000000,1.24790000,2470.8
1749262446,2471.75000000,1.86120000,2470.8
1749262446,2471.76000000,18.92520000,2470.8
1749262446,2471.78000000,1.30060000,2470.8
1749262446,2471.79000000,0.00410000,2470.8
1749262446,2471.80000000,0.25320000,2470.8
1749262446,2471.83000000,1.21460000,2470.8
1749262446,2471.84000000,0.63410000,2470.8
1749262446,2471.86000000,1.35020000,2470.8
1749262446,2471.87000000,16.32640000,2470.8
1749262446,2471.88000000,12.10660000,2470.8
1749262446,2471.89000000,9.36350000,2470.8
1749262446,2471.90000000,0.00420000,2470.8
1749262446,2471.91000000,0.08330000,2470.8
1749262446,2471.94000000,0.00300000,2470.8
1749262446,2471.95000000,9.36490000,2470.8
1749262446,2471.98000000,6.05120000,2470.8
1749262446,2471.99000000,12.20060000,2470.8
1749262446,2472.00000000,7.87080000,2470.8
1749262446,2472.03000000,3.17200000,2470.8
1749262446,2472.05000000,4.04900000,2470.8
1749262446,2472.06000000,6.30000000,2470.8
1749262446,2472.08000000,3.83310000,2470.8
1749262446,2472.09000000,0.80130000,2470.8
1749262446,2472.10000000,1.99690000,2470.8
1749262446,2472.11000000,2.30310000,2470.8
1749262446,2472.12000000,25.53770000,2470.8
1749262446,2472.13000000,9.31470000,2470.8
1749262446,2472.15000000,1.34970000,2470.8
1749262747,2474.38000000,1.24520000,2474.37
1749262747,2474.39000000,0.79490000,2474.37
1749262747,2474.40000000,0.00430000,2474.37
1749262747,2474.41000000,0.00220000,2474.37
1749262747,2474.42000000,0.00220000,2474.37
1749262747,2474.43000000,0.03580000,2474.37
1749262747,2474.44000000,0.00220000,2474.37
1749262747,2474.45000000,0.00670000,2474.37
1749262747,2474.46000000,0.00920000,2474.37
1749262747,2474.47000000,0.00220000,2474.37
1749262747,2474.48000000,0.00460000,2474.37
1749262747,2474.50000000,0.00430000,2474.37
1749262747,2474.51000000,0.00410000,2474.37
1749262747,2474.52000000,0.46730000,2474.37
1749262747,2474.53000000,0.06980000,2474.37
1749262747,2474.55000000,0.36550000,2474.37
1749262747,2474.56000000,0.00660000,2474.37
1749262747,2474.57000000,0.00540000,2474.37
1749262747,2474.60000000,2.28600000,2474.37
1749262747,2474.61000000,0.00310000,2474.37
1749262747,2474.62000000,0.00210000,2474.37
1749262747,2474.63000000,0.36750000,2474.37
1749262747,2474.64000000,0.00510000,2474.37
1749262747,2474.65000000,4.35800000,2474.37
1749262747,2474.66000000,0.67900000,2474.37
1749262747,2474.68000000,0.47110000,2474.37
1749262747,2474.70000000,0.20200000,2474.37
1749262747,2474.71000000,0.00410000,2474.37
1749262747,2474.72000000,13.23820000,2474.37
1749262747,2474.73000000,1.22710000,2474.37
1749262747,2474.75000000,0.05910000,2474.37
1749262747,2474.76000000,0.00210000,2474.37
1749262747,2474.77000000,0.54810000,2474.37
1749262747,2474.79000000,0.36340000,2474.37
1749262747,2474.81000000,0.85290000,2474.37
1749262747,2474.82000000,0.00950000,2474.37
1749262747,2474.86000000,0.68210000,2474.37
1749262747,2474.88000000,0.36550000,2474.37
1749262747,2474.89000000,8.71450000,2474.37
1749262747,2474.90000000,12.16460000,2474.37
1749262747,2474.91000000,0.00210000,2474.37
1749262747,2474.94000000,6.10160000,2474.37
1749262747,2474.95000000,0.00410000,2474.37
1749262747,2474.96000000,2.64540000,2474.37
1749262747,2474.97000000,0.00240000,2474.37
1749262747,2474.99000000,0.00760000,2474.37
1749262747,2475.00000000,6.30880000,2474.37
1749262747,2475.01000000,7.61170000,2474.37
1749262747,2475.02000000,8.19610000,2474.37
1749262747,2475.03000000,0.01630000,2474.37
1749262747,2475.04000000,0.48500000,2474.37
1749262747,2475.05000000,5.25030000,2474.37
1749262747,2475.06000000,8.10540000,2474.37
1749262747,2475.09000000,1.61770000,2474.37
1749262747,2475.10000000,0.52800000,2474.37
1749262747,2475.11000000,0.00310000,2474.37
1749262747,2475.12000000,19.96210000,2474.37
1749262747,2475.14000000,8.50020000,2474.37
1749262747,2475.15000000,6.07210000,2474.37
1749262747,2475.16000000,1.21290000,2474.37
1749262747,2475.18000000,0.00300000,2474.37
1749262747,2475.19000000,12.20020000,2474.37
1749262747,2475.20000000,0.73210000,2474.37
1749262747,2475.21000000,6.24760000,2474.37
1749262747,2475.22000000,0.53720000,2474.37
1749262747,2475.23000000,9.91210000,2474.37
1749262747,2475.24000000,22.26190000,2474.37
1749262747,2475.25000000,0.00410000,2474.37
1749262747,2475.27000000,0.40000000,2474.37
1749262747,2475.29000000,17.37970000,2474.37
1749262747,2475.30000000,6.07210000,2474.37
1749262747,2475.31000000,15.61050000,2474.37
1749262747,2475.32000000,0.16390000,2474.37
1749262747,2475.33000000,0.20000000,2474.37
1749262747,2475.35000000,10.59650000,2474.37
1749262747,2475.36000000,10.14140000,2474.37
1749262747,2475.37000000,4.79780000,2474.37
1749262747,2475.38000000,2.42240000,2474.37
1749262747,2475.39000000,9.31050000,2474.37
1749262747,2475.41000000,2.40040000,2474.37
1749262747,2475.43000000,0.00410000,2474.37
1749262747,2475.44000000,0.08070000,2474.37
1749262747,2475.45000000,8.09610000,2474.37
1749262747,2475.46000000,0.76800000,2474.37
1749262747,2475.47000000,12.15020000,2474.37
1749262747,2475.48000000,1.58610000,2474.37
1749262747,2475.49000000,23.55860000,2474.37
1749262747,2475.51000000,14.15550000,2474.37
1749262747,2475.52000000,0.08060000,2474.37
1749262747,2475.53000000,11.99180000,2474.37
1749262747,2475.54000000,0.00300000,2474.37
1749262747,2475.55000000,5.90590000,2474.37
1749262747,2475.56000000,13.17890000,2474.37
1749262747,2475.57000000,1.85690000,2474.37
1749262747,2475.59000000,9.31460000,2474.37
1749262747,2475.60000000,5.34970000,2474.37
1749262747,2475.61000000,11.60890000,2474.37
1749262747,2475.62000000,11.06320000,2474.37
1749262747,2475.63000000,2.48140000,2474.37
1749262747,2475.64000000,1.77180000,2474.37
1749263049,2472.82000000,5.75080000,2472.82
1749263049,2472.83000000,0.01480000,2472.82
1749263049,2472.84000000,0.00430000,2472.82
1749263049,2472.85000000,0.63230000,2472.82
1749263049,2472.86000000,0.00220000,2472.82
1749263049,2472.87000000,0.00220000,2472.82
1749263049,2472.88000000,0.00220000,2472.82
1749263049,2472.89000000,0.00670000,2472.82
1749263049,2472.90000000,13.93030000,2472.82
1749263049,2472.91000000,0.00620000,2472.82
1749263049,2472.92000000,0.05270000,2472.82
1749263049,2472.93000000,0.00460000,2472.82
1749263049,2472.99000000,4.04250000,2472.82
1749263049,2473.00000000,2.65190000,2472.82
1749263049,2473.01000000,0.33640000,2472.82
1749263049,2473.02000000,0.02930000,2472.82
1749263049,2473.03000000,0.41110000,2472.82
1749263049,2473.04000000,0.31860000,2472.82
1749263049,2473.06000000,0.03140000,2472.82
1749263049,2473.07000000,0.34420000,2472.82
1749263049,2473.08000000,2.94550000,2472.82
1749263049,2473.09000000,0.36380000,2472.82
1749263049,2473.10000000,2.28600000,2472.82
1749263049,2473.11000000,0.00410000,2472.82
1749263049,2473.13000000,0.05600000,2472.82
1749263049,2473.15000000,6.30000000,2472.82
1749263049,2473.17000000,0.00240000,2472.82
1749263049,2473.19000000,0.03140000,2472.82
1749263049,2473.20000000,2.29520000,2472.82
1749263049,2473.21000000,0.04850000,2472.82
1749263049,2473.22000000,3.98770000,2472.82
1749263049,2473.23000000,1.04280000,2472.82
1749263049,2473.24000000,1.20000000,2472.82
1749263049,2473.26000000,1.28930000,2472.82
1749263049,2473.27000000,4.24900000,2472.82
1749263049,2473.30000000,3.39000000,2472.82
1749263049,2473.32000000,0.00210000,2472.82
1749263049,2473.33000000,0.61510000,2472.82
1749263049,2473.34000000,12.16130000,2472.82
1749263049,2473.35000000,0.00410000,2472.82
1749263049,2473.36000000,13.41720000,2472.82
1749263049,2473.37000000,4.15800000,2472.82
1749263049,2473.38000000,0.20710000,2472.82
1749263049,2473.40000000,3.05930000,2472.82
1749263049,2473.42000000,2.54820000,2472.82
1749263049,2473.43000000,0.40000000,2472.82
1749263049,2473.44000000,0.98060000,2472.82
1749263049,2473.45000000,1.05110000,2472.82
1749263049,2473.46000000,6.30000000,2472.82
1749263049,2473.47000000,10.48460000,2472.82
1749263049,2473.48000000,6.42690000,2472.82
1749263049,2473.50000000,3.50800000,2472.82
1749263049,2473.51000000,2.21050000,2472.82
1749263049,2473.53000000,1.14940000,2472.82
1749263049,2473.54000000,14.38700000,2472.82
1749263049,2473.56000000,6.06830000,2472.82
1749263049,2473.57000000,8.08430000,2472.82
1749263049,2473.59000000,19.39730000,2472.82
1749263049,2473.60000000,14.41250000,2472.82
1749263049,2473.61000000,0.00310000,2472.82
1749263049,2473.62000000,4.03730000,2472.82
1749263049,2473.63000000,12.33610000,2472.82
1749263049,2473.64000000,12.15230000,2472.82
1749263049,2473.65000000,2.62900000,2472.82
1749263049,2473.66000000,3.48620000,2472.82
1749263049,2473.67000000,0.53720000,2472.82
1749263049,2473.68000000,13.23260000,2472.82
1749263049,2473.69000000,0.00410000,2472.82
1749263049,2473.70000000,1.07370000,2472.82
1749263049,2473.73000000,9.18620000,2472.82
1749263049,2473.74000000,10.67990000,2472.82
1749263049,2473.75000000,8.02910000,2472.82
1749263049,2473.77000000,14.12720000,2472.82
1749263049,2473.78000000,17.97210000,2472.82
1749263049,2473.79000000,1.74300000,2472.82
1749263049,2473.80000000,0.00630000,2472.82
1749263049,2473.81000000,1.91720000,2472.82
1749263049,2473.82000000,0.40410000,2472.82
1749263049,2473.83000000,6.66580000,2472.82
1749263049,2473.84000000,8.08640000,2472.82
1749263049,2473.85000000,1.93380000,2472.82
1749263049,2473.86000000,11.31990000,2472.82
1749263049,2473.87000000,0.57600000,2472.82
1749263049,2473.89000000,1.84310000,2472.82
1749263049,2473.90000000,2.97010000,2472.82
1749263049,2473.91000000,1.63770000,2472.82
1749263049,2473.92000000,4.25390000,2472.82
1749263049,2473.94000000,14.14270000,2472.82
1749263049,2473.95000000,10.64930000,2472.82
1749263049,2473.96000000,0.52910000,2472.82
1749263049,2473.97000000,24.31220000,2472.82
1749263049,2473.99000000,0.76800000,2472.82
1749263049,2474.00000000,11.04320000,2472.82
1749263049,2474.01000000,3.24620000,2472.82
1749263049,2474.03000000,0.74910000,2472.82
1749263049,2474.04000000,7.63850000,2472.82
1749263049,2474.05000000,5.32810000,2472.82
1749263049,2474.06000000,3.88250000,2472.82
1749263049,2474.07000000,0.00410000,2472.82
1749263049,2474.08000000,0.82290000,2472.82
1749263351,2474.06000000,6.12400000,2474.06
1749263351,2474.07000000,0.01060000,2474.06
1749263351,2474.08000000,0.00430000,2474.06
1749263351,2474.09000000,0.05250000,2474.06
1749263351,2474.10000000,2.29030000,2474.06
1749263351,2474.11000000,0.00220000,2474.06
1749263351,2474.12000000,0.00220000,2474.06
1749263351,2474.13000000,0.00430000,2474.06
1749263351,2474.14000000,0.00220000,2474.06
1749263351,2474.15000000,0.00620000,2474.06
1749263351,2474.16000000,0.00220000,2474.06
1749263351,2474.17000000,0.03130000,2474.06
1749263351,2474.18000000,0.00870000,2474.06
1749263351,2474.19000000,0.37470000,2474.06
1749263351,2474.20000000,3.15590000,2474.06
1749263351,2474.24000000,0.00240000,2474.06
1749263351,2474.25000000,0.01010000,2474.06
1749263351,2474.27000000,0.24540000,2474.06
1749263351,2474.28000000,0.00300000,2474.06
1749263351,2474.29000000,4.58710000,2474.06
1749263351,2474.30000000,2.28600000,2474.06
1749263351,2474.31000000,6.30000000,2474.06
1749263351,2474.35000000,0.37660000,2474.06
1749263351,2474.37000000,1.08370000,2474.06
1749263351,2474.38000000,1.93260000,2474.06
1749263351,2474.39000000,0.14220000,2474.06
1749263351,2474.40000000,0.39070000,2474.06
1749263351,2474.42000000,0.07950000,2474.06
1749263351,2474.44000000,1.70670000,2474.06
1749263351,2474.45000000,2.20690000,2474.06
1749263351,2474.46000000,0.00300000,2474.06
1749263351,2474.47000000,1.08700000,2474.06
1749263351,2474.48000000,0.07900000,2474.06
1749263351,2474.49000000,0.37260000,2474.06
1749263351,2474.50000000,2.28600000,2474.06
1749263351,2474.51000000,0.00410000,2474.06
1749263351,2474.52000000,0.00440000,2474.06
1749263351,2474.56000000,0.37670000,2474.06
1749263351,2474.57000000,2.54430000,2474.06
1749263351,2474.59000000,4.04660000,2474.06
1749263351,2474.60000000,5.30050000,2474.06
1749263351,2474.61000000,8.18260000,2474.06
1749263351,2474.64000000,0.05610000,2474.06
1749263351,2474.65000000,12.49100000,2474.06
1749263351,2474.66000000,6.30000000,2474.06
1749263351,2474.67000000,0.20000000,2474.06
1749263351,2474.68000000,1.07980000,2474.06
1749263351,2474.69000000,4.66270000,2474.06
1749263351,2474.70000000,15.24320000,2474.06
1749263351,2474.71000000,0.04450000,2474.06
1749263351,2474.72000000,15.37090000,2474.06
1749263351,2474.73000000,8.08740000,2474.06
1749263351,2474.74000000,1.84800000,2474.06
1749263351,2474.75000000,0.99000000,2474.06
1749263351,2474.76000000,15.23180000,2474.06
1749263351,2474.77000000,0.04040000,2474.06
1749263351,2474.78000000,1.08690000,2474.06
1749263351,2474.79000000,8.20900000,2474.06
1749263351,2474.80000000,1.13460000,2474.06
1749263351,2474.81000000,0.00210000,2474.06
1749263351,2474.82000000,6.07270000,2474.06
1749263351,2474.86000000,0.00310000,2474.06
1749263351,2474.87000000,8.85540000,2474.06
1749263351,2474.88000000,5.92760000,2474.06
1749263351,2474.89000000,5.67270000,2474.06
1749263351,2474.90000000,24.10970000,2474.06
1749263351,2474.91000000,19.09620000,2474.06
1749263351,2474.92000000,6.06560000,2474.06
1749263351,2474.93000000,0.40410000,2474.06
1749263351,2474.94000000,17.39210000,2474.06
1749263351,2474.95000000,0.00410000,2474.06
1749263351,2474.96000000,12.13120000,2474.06
1749263351,2474.98000000,6.45310000,2474.06
1749263351,2474.99000000,18.22010000,2474.06
1749263351,2475.00000000,7.06310000,2474.06
1749263351,2475.01000000,1.08900000,2474.06
1749263351,2475.02000000,0.69020000,2474.06
1749263351,2475.04000000,3.83770000,2474.06
1749263351,2475.05000000,4.07230000,2474.06
1749263351,2475.06000000,7.37100000,2474.06
1749263351,2475.08000000,9.30050000,2474.06
1749263351,2475.09000000,0.83670000,2474.06
1749263351,2475.11000000,0.00310000,2474.06
1749263351,2475.12000000,1.21490000,2474.06
1749263351,2475.13000000,12.54330000,2474.06
1749263351,2475.14000000,9.30460000,2474.06
1749263351,2475.16000000,0.08060000,2474.06
1749263351,2475.17000000,0.56060000,2474.06
1749263351,2475.18000000,1.48830000,2474.06
1749263351,2475.19000000,9.30050000,2474.06
1749263351,2475.20000000,0.20410000,2474.06
1749263351,2475.21000000,2.80040000,2474.06
1749263351,2475.22000000,4.03320000,2474.06
1749263351,2475.23000000,4.92690000,2474.06
1749263351,2475.24000000,12.23740000,2474.06
1749263351,2475.25000000,0.00410000,2474.06
1749263351,2475.26000000,0.66150000,2474.06
1749263351,2475.27000000,14.39550000,2474.06
1749263351,2475.29000000,0.13780000,2474.06
1749263351,2475.30000000,0.88140000,2474.06
1749263652,2472.51000000,9.01550000,2472.5
1749263652,2472.52000000,0.18670000,2472.5
1749263652,2472.53000000,0.97370000,2472.5
1749263652,2472.54000000,0.00660000,2472.5
1749263652,2472.55000000,0.72650000,2472.5
1749263652,2472.56000000,0.00220000,2472.5
1749263652,2472.57000000,0.00460000,2472.5
1749263652,2472.58000000,0.00900000,2472.5
1749263652,2472.59000000,11.65080000,2472.5
1749263652,2472.60000000,2.29850000,2472.5
1749263652,2472.61000000,0.00220000,2472.5
1749263652,2472.62000000,0.00220000,2472.5
1749263652,2472.65000000,2.02640000,2472.5
1749263652,2472.66000000,0.00930000,2472.5
1749263652,2472.67000000,0.33730000,2472.5
1749263652,2472.68000000,2.62150000,2472.5
1749263652,2472.69000000,0.04040000,2472.5
1749263652,2472.70000000,2.54890000,2472.5
1749263652,2472.71000000,0.69120000,2472.5
1749263652,2472.72000000,6.39330000,2472.5
1749263652,2472.74000000,0.40450000,2472.5
1749263652,2472.75000000,0.80800000,2472.5
1749263652,2472.76000000,0.06010000,2472.5
1749263652,2472.77000000,1.02910000,2472.5
1749263652,2472.79000000,0.32870000,2472.5
1749263652,2472.82000000,12.15450000,2472.5
1749263652,2472.83000000,6.30410000,2472.5
1749263652,2472.84000000,0.78530000,2472.5
1749263652,2472.85000000,1.67190000,2472.5
1749263652,2472.86000000,2.17410000,2472.5
1749263652,2472.87000000,0.02900000,2472.5
1749263652,2472.88000000,1.16510000,2472.5
1749263652,2472.91000000,0.00410000,2472.5
1749263652,2472.93000000,0.53040000,2472.5
1749263652,2472.94000000,0.39500000,2472.5
1749263652,2472.96000000,3.89450000,2472.5
1749263652,2472.98000000,5.46280000,2472.5
1749263652,2472.99000000,0.62400000,2472.5
1749263652,2473.00000000,17.45180000,2472.5
1749263652,2473.01000000,2.57000000,2472.5
1749263652,2473.02000000,0.00300000,2472.5
1749263652,2473.04000000,4.45050000,2472.5
1749263652,2473.05000000,22.24770000,2472.5
1749263652,2473.06000000,6.42460000,2472.5
1749263652,2473.07000000,12.17210000,2472.5
1749263652,2473.08000000,9.74420000,2472.5
1749263652,2473.09000000,0.40470000,2472.5
1749263652,2473.10000000,0.00410000,2472.5
1749263652,2473.11000000,0.40620000,2472.5
1749263652,2473.13000000,18.56480000,2472.5
1749263652,2473.15000000,1.24590000,2472.5
1749263652,2473.17000000,2.79690000,2472.5
1749263652,2473.18000000,1.81690000,2472.5
1749263652,2473.19000000,13.53080000,2472.5
1749263652,2473.20000000,12.18400000,2472.5
1749263652,2473.21000000,18.00750000,2472.5
1749263652,2473.22000000,8.08660000,2472.5
1749263652,2473.25000000,8.21440000,2472.5
1749263652,2473.26000000,0.84600000,2472.5
1749263652,2473.30000000,6.10470000,2472.5
1749263652,2473.31000000,6.06500000,2472.5
1749263652,2473.32000000,0.50870000,2472.5
1749263652,2473.33000000,11.93350000,2472.5
1749263652,2473.34000000,21.45390000,2472.5
1749263652,2473.36000000,0.00310000,2472.5
1749263652,2473.37000000,12.39950000,2472.5
1749263652,2473.38000000,0.00300000,2472.5
1749263652,2473.39000000,0.64820000,2472.5
1749263652,2473.40000000,1.14780000,2472.5
1749263652,2473.41000000,0.00410000,2472.5
1749263652,2473.42000000,2.02550000,2472.5
1749263652,2473.44000000,19.23790000,2472.5
1749263652,2473.45000000,17.43920000,2472.5
1749263652,2473.46000000,6.30000000,2472.5
1749263652,2473.47000000,12.15450000,2472.5
1749263652,2473.50000000,0.25320000,2472.5
1749263652,2473.51000000,0.00410000,2472.5
1749263652,2473.53000000,0.01500000,2472.5
1749263652,2473.56000000,0.00510000,2472.5
1749263652,2473.57000000,1.30450000,2472.5
1749263652,2473.58000000,10.35670000,2472.5
1749263652,2473.59000000,4.08020000,2472.5
1749263652,2473.60000000,2.17390000,2472.5
1749263652,2473.61000000,0.00310000,2472.5
1749263652,2473.62000000,4.04900000,2472.5
1749263652,2473.63000000,2.46990000,2472.5
1749263652,2473.64000000,1.38040000,2472.5
1749263652,2473.65000000,0.00410000,2472.5
1749263652,2473.66000000,0.57600000,2472.5
1749263652,2473.67000000,1.91340000,2472.5
1749263652,2473.68000000,4.82850000,2472.5
1749263652,2473.69000000,0.17750000,2472.5
1749263652,2473.70000000,0.20210000,2472.5
1749263652,2473.71000000,11.95440000,2472.5
1749263652,2473.72000000,16.80350000,2472.5
1749263652,2473.73000000,7.05020000,2472.5
1749263652,2473.74000000,0.00300000,2472.5
1749263652,2473.77000000,0.08080000,2472.5
1749263652,2473.78000000,12.15860000,2472.5
1749263652,2473.80000000,2.08830000,2472.5
1749263954,2474.60000000,61.29440000,2474.6
1749263954,2474.61000000,0.69530000,2474.6
1749263954,2474.62000000,0.00220000,2474.6
1749263954,2474.63000000,8.16430000,2474.6
1749263954,2474.64000000,7.58080000,2474.6
1749263954,2474.65000000,0.56840000,2474.6
1749263954,2474.67000000,0.00220000,2474.6
1749263954,2474.68000000,0.00430000,2474.6
1749263954,2474.69000000,11.68930000,2474.6
1749263954,2474.70000000,4.49320000,2474.6
1749263954,2474.71000000,0.00220000,2474.6
1749263954,2474.72000000,0.00220000,2474.6
1749263954,2474.73000000,1.04130000,2474.6
1749263954,2474.75000000,0.03000000,2474.6
1749263954,2474.77000000,1.01800000,2474.6
1749263954,2474.78000000,0.40800000,2474.6
1749263954,2474.80000000,2.31030000,2474.6
1749263954,2474.81000000,0.00210000,2474.6
1749263954,2474.82000000,0.68820000,2474.6
1749263954,2474.84000000,0.36920000,2474.6
1749263954,2474.85000000,0.03150000,2474.6
1749263954,2474.86000000,0.00310000,2474.6
1749263954,2474.88000000,0.00210000,2474.6
1749263954,2474.89000000,7.61770000,2474.6
1749263954,2474.91000000,1.01450000,2474.6
1749263954,2474.94000000,6.07280000,2474.6
1749263954,2474.95000000,6.07270000,2474.6
1749263954,2474.96000000,6.04890000,2474.6
1749263954,2474.97000000,1.28440000,2474.6
1749263954,2474.98000000,1.99690000,2474.6
1749263954,2474.99000000,12.78140000,2474.6
1749263954,2475.00000000,21.62390000,2474.6
1749263954,2475.01000000,12.13940000,2474.6
1749263954,2475.02000000,6.47270000,2474.6
1749263954,2475.03000000,0.76270000,2474.6
1749263954,2475.04000000,8.61950000,2474.6
1749263954,2475.05000000,0.08030000,2474.6
1749263954,2475.06000000,7.75600000,2474.6
1749263954,2475.07000000,0.64130000,2474.6
1749263954,2475.08000000,0.48000000,2474.6
1749263954,2475.10000000,0.48000000,2474.6
1749263954,2475.11000000,0.16280000,2474.6
1749263954,2475.12000000,11.64750000,2474.6
1749263954,2475.14000000,0.01420000,2474.6
1749263954,2475.16000000,0.36740000,2474.6
1749263954,2475.17000000,4.12870000,2474.6
1749263954,2475.18000000,0.00300000,2474.6
1749263954,2475.20000000,2.88030000,2474.6
1749263954,2475.21000000,1.45600000,2474.6
1749263954,2475.22000000,4.03320000,2474.6
1749263954,2475.23000000,12.94750000,2474.6
1749263954,2475.24000000,30.71210000,2474.6
1749263954,2475.25000000,0.00410000,2474.6
1749263954,2475.28000000,7.29740000,2474.6
1749263954,2475.29000000,0.10000000,2474.6
1749263954,2475.30000000,9.41260000,2474.6
1749263954,2475.31000000,7.11990000,2474.6
1749263954,2475.32000000,0.40420000,2474.6
1749263954,2475.33000000,8.61950000,2474.6
1749263954,2475.34000000,0.72000000,2474.6
1749263954,2475.36000000,13.23070000,2474.6
1749263954,2475.37000000,10.64960000,2474.6
1749263954,2475.38000000,7.05420000,2474.6
1749263954,2475.40000000,1.21470000,2474.6
1749263954,2475.41000000,9.30530000,2474.6
1749263954,2475.43000000,0.00410000,2474.6
1749263954,2475.44000000,6.71130000,2474.6
1749263954,2475.45000000,0.00540000,2474.6
1749263954,2475.46000000,3.22630000,2474.6
1749263954,2475.47000000,13.31020000,2474.6
1749263954,2475.48000000,0.00210000,2474.6
1749263954,2475.50000000,19.13200000,2474.6
1749263954,2475.51000000,14.23610000,2474.6
1749263954,2475.52000000,1.21250000,2474.6
1749263954,2475.53000000,9.30530000,2474.6
1749263954,2475.54000000,0.00300000,2474.6
1749263954,2475.55000000,11.11260000,2474.6
1749263954,2475.56000000,11.48680000,2474.6
1749263954,2475.57000000,0.15320000,2474.6
1749263954,2475.59000000,0.10410000,2474.6
1749263954,2475.60000000,0.57550000,2474.6
1749263954,2475.61000000,0.00620000,2474.6
1749263954,2475.62000000,0.40410000,2474.6
1749263954,2475.65000000,4.37370000,2474.6
1749263954,2475.66000000,0.00410000,2474.6
1749263954,2475.67000000,0.68460000,2474.6
1749263954,2475.68000000,1.24070000,2474.6
1749263954,2475.69000000,4.32070000,2474.6
1749263954,2475.70000000,11.16990000,2474.6
1749263954,2475.71000000,0.51040000,2474.6
1749263954,2475.72000000,2.03040000,2474.6
1749263954,2475.74000000,0.16980000,2474.6
1749263954,2475.75000000,11.21870000,2474.6
1749263954,2475.76000000,12.15450000,2474.6
1749263954,2475.77000000,0.00580000,2474.6
1749263954,2475.78000000,11.16290000,2474.6
1749263954,2475.79000000,0.00210000,2474.6
1749263954,2475.81000000,6.34990000,2474.6
1749263954,2475.82000000,9.30530000,2474.6
1749263954,2475.83000000,2.67210000,2474.6
1749264255,2472.93000000,4.99820000,2472.71
1749264255,2472.94000000,4.10960000,2472.71
1749264255,2472.95000000,1.64260000,2472.71
1749264255,2472.96000000,9.84130000,2472.71
1749264255,2472.97000000,1.60960000,2472.71
1749264255,2472.98000000,3.29180000,2472.71
1749264255,2472.99000000,1.64920000,2472.71
1749264255,2473.00000000,44.53400000,2472.71
1749264255,2473.01000000,11.02800000,2472.71
1749264255,2473.02000000,17.72640000,2472.71
1749264255,2473.03000000,34.81910000,2472.71
1749264255,2473.04000000,17.34570000,2472.71
1749264255,2473.05000000,39.06120000,2472.71
1749264255,2473.06000000,2.11110000,2472.71
1749264255,2473.07000000,2.07540000,2472.71
1749264255,2473.08000000,0.70230000,2472.71
1749264255,2473.09000000,0.51390000,2472.71
1749264255,2473.10000000,0.00620000,2472.71
1749264255,2473.11000000,0.00220000,2472.71
1749264255,2473.13000000,0.00210000,2472.71
1749264255,2473.14000000,0.00240000,2472.71
1749264255,2473.17000000,0.02330000,2472.71
1749264255,2473.18000000,0.20210000,2472.71
1749264255,2473.19000000,4.04210000,2472.71
1749264255,2473.22000000,2.60000000,2472.71
1749264255,2473.23000000,0.05600000,2472.71
1749264255,2473.24000000,5.28280000,2472.71
1749264255,2473.25000000,2.37880000,2472.71
1749264255,2473.29000000,0.02010000,2472.71
1749264255,2473.30000000,10.15320000,2472.71
1749264255,2473.31000000,0.48000000,2472.71
1749264255,2473.32000000,0.46010000,2472.71
1749264255,2473.34000000,1.07610000,2472.71
1749264255,2473.36000000,7.50570000,2472.71
1749264255,2473.37000000,2.61840000,2472.71
1749264255,2473.38000000,0.03150000,2472.71
1749264255,2473.39000000,12.15860000,2472.71
1749264255,2473.40000000,1.82900000,2472.71
1749264255,2473.41000000,9.70000000,2472.71
1749264255,2473.42000000,0.00420000,2472.71
1749264255,2473.44000000,11.25330000,2472.71
1749264255,2473.45000000,12.18110000,2472.71
1749264255,2473.47000000,0.40000000,2472.71
1749264255,2473.48000000,0.00410000,2472.71
1749264255,2473.50000000,10.31620000,2472.71
1749264255,2473.51000000,0.02010000,2472.71
1749264255,2473.52000000,0.08090000,2472.71
1749264255,2473.53000000,1.33680000,2472.71
1749264255,2473.54000000,0.16110000,2472.71
1749264255,2473.55000000,4.05310000,2472.71
1749264255,2473.56000000,0.10510000,2472.71
1749264255,2473.57000000,19.81260000,2472.71
1749264255,2473.58000000,6.06520000,2472.71
1749264255,2473.60000000,1.82900000,2472.71
1749264255,2473.61000000,0.00310000,2472.71
1749264255,2473.63000000,4.63740000,2472.71
1749264255,2473.64000000,18.21970000,2472.71
1749264255,2473.65000000,2.42580000,2472.71
1749264255,2473.67000000,0.58830000,2472.71
1749264255,2473.68000000,0.00210000,2472.71
1749264255,2473.69000000,0.04070000,2472.71
1749264255,2473.70000000,2.03110000,2472.71
1749264255,2473.71000000,11.65180000,2472.71
1749264255,2473.72000000,0.52800000,2472.71
1749264255,2473.73000000,0.00230000,2472.71
1749264255,2473.74000000,1.52460000,2472.71
1749264255,2473.75000000,0.72000000,2472.71
1749264255,2473.76000000,6.30000000,2472.71
1749264255,2473.77000000,4.11860000,2472.71
1749264255,2473.79000000,12.53190000,2472.71
1749264255,2473.80000000,23.87100000,2472.71
1749264255,2473.81000000,6.92130000,2472.71
1749264255,2473.82000000,0.00530000,2472.71
1749264255,2473.84000000,2.75160000,2472.71
1749264255,2473.85000000,4.34890000,2472.71
1749264255,2473.86000000,3.92540000,2472.71
1749264255,2473.87000000,1.76120000,2472.71
1749264255,2473.88000000,1.38120000,2472.71
1749264255,2473.89000000,13.91570000,2472.71
1749264255,2473.90000000,15.70250000,2472.71
1749264255,2473.91000000,0.71610000,2472.71
1749264255,2473.92000000,17.47610000,2472.71
1749264255,2473.93000000,8.08700000,2472.71
1749264255,2473.94000000,0.01010000,2472.71
1749264255,2473.95000000,0.00410000,2472.71
1749264255,2473.96000000,11.02950000,2472.71
1749264255,2473.97000000,20.49620000,2472.71
1749264255,2473.98000000,8.50970000,2472.71
1749264255,2473.99000000,9.30000000,2472.71
1749264255,2474.00000000,3.62860000,2472.71
1749264255,2474.01000000,6.30000000,2472.71
1749264255,2474.02000000,0.15730000,2472.71
1749264255,2474.03000000,2.57610000,2472.71
1749264255,2474.04000000,12.71590000,2472.71
1749264255,2474.05000000,4.06990000,2472.71
1749264255,2474.06000000,1.99690000,2472.71
1749264255,2474.07000000,13.38690000,2472.71
1749264255,2474.09000000,3.88620000,2472.71
1749264255,2474.10000000,0.00300000,2472.71
1749264255,2474.11000000,20.43840000,2472.71
1749264559,2474.61000000,78.08800000,2474.61
1749264559,2474.62000000,0.00220000,2474.61
1749264559,2474.63000000,0.00440000,2474.61
1749264559,2474.64000000,1.09990000,2474.61
1749264559,2474.65000000,0.00430000,2474.61
1749264559,2474.66000000,0.00220000,2474.61
1749264559,2474.67000000,0.00220000,2474.61
1749264559,2474.70000000,0.00220000,2474.61
1749264559,2474.71000000,0.00620000,2474.61
1749264559,2474.72000000,0.00430000,2474.61
1749264559,2474.73000000,0.01430000,2474.61
1749264559,2474.74000000,0.00220000,2474.61
1749264559,2474.75000000,0.00220000,2474.61
1749264559,2474.76000000,10.16860000,2474.61
1749264559,2474.78000000,0.00220000,2474.61
1749264559,2474.79000000,4.69570000,2474.61
1749264559,2474.80000000,5.75300000,2474.61
1749264559,2474.81000000,2.65040000,2474.61
1749264559,2474.83000000,0.05600000,2474.61
1749264559,2474.85000000,0.00220000,2474.61
1749264559,2474.86000000,8.83670000,2474.61
1749264559,2474.87000000,2.40040000,2474.61
1749264559,2474.88000000,0.00210000,2474.61
1749264559,2474.89000000,4.01030000,2474.61
1749264559,2474.90000000,5.48230000,2474.61
1749264559,2474.91000000,3.00410000,2474.61
1749264559,2474.92000000,0.40000000,2474.61
1749264559,2474.94000000,0.00420000,2474.61
1749264559,2474.95000000,2.92270000,2474.61
1749264559,2474.97000000,0.68000000,2474.61
1749264559,2474.99000000,12.15450000,2474.61
1749264559,2475.00000000,8.91670000,2474.61
1749264559,2475.01000000,8.57000000,2474.61
1749264559,2475.05000000,0.05100000,2474.61
1749264559,2475.07000000,0.84120000,2474.61
1749264559,2475.09000000,0.62810000,2474.61
1749264559,2475.10000000,2.39690000,2474.61
1749264559,2475.11000000,9.40860000,2474.61
1749264559,2475.12000000,2.51410000,2474.61
1749264559,2475.14000000,5.80350000,2474.61
1749264559,2475.15000000,12.13760000,2474.61
1749264559,2475.16000000,0.40410000,2474.61
1749264559,2475.17000000,8.09170000,2474.61
1749264559,2475.20000000,0.56530000,2474.61
1749264559,2475.21000000,0.00410000,2474.61
1749264559,2475.24000000,0.00210000,2474.61
1749264559,2475.25000000,0.00540000,2474.61
1749264559,2475.26000000,12.12150000,2474.61
1749264559,2475.27000000,13.82880000,2474.61
1749264559,2475.28000000,18.77950000,2474.61
1749264559,2475.30000000,6.07890000,2474.61
1749264559,2475.31000000,0.00410000,2474.61
1749264559,2475.32000000,9.68670000,2474.61
1749264559,2475.34000000,7.53370000,2474.61
1749264559,2475.35000000,1.71820000,2474.61
1749264559,2475.36000000,1.34950000,2474.61
1749264559,2475.38000000,1.89510000,2474.61
1749264559,2475.40000000,0.20490000,2474.61
1749264559,2475.41000000,12.65130000,2474.61
1749264559,2475.42000000,13.55490000,2474.61
1749264559,2475.43000000,5.01440000,2474.61
1749264559,2475.45000000,8.21660000,2474.61
1749264559,2475.46000000,11.28480000,2474.61
1749264559,2475.48000000,1.40250000,2474.61
1749264559,2475.49000000,14.83470000,2474.61
1749264559,2475.51000000,0.10410000,2474.61
1749264559,2475.52000000,9.30550000,2474.61
1749264559,2475.53000000,6.70380000,2474.61
1749264559,2475.55000000,2.02010000,2474.61
1749264559,2475.56000000,0.40410000,2474.61
1749264559,2475.57000000,0.12160000,2474.61
1749264559,2475.58000000,14.91770000,2474.61
1749264559,2475.59000000,9.82160000,2474.61
1749264559,2475.60000000,17.20730000,2474.61
1749264559,2475.61000000,4.04760000,2474.61
1749264559,2475.62000000,10.32920000,2474.61
1749264559,2475.63000000,6.69280000,2474.61
1749264559,2475.65000000,0.00230000,2474.61
1749264559,2475.66000000,0.77210000,2474.61
1749264559,2475.67000000,0.01500000,2474.61
1749264559,2475.68000000,13.84580000,2474.61
1749264559,2475.70000000,0.20620000,2474.61
1749264559,2475.71000000,8.46920000,2474.61
1749264559,2475.72000000,15.05690000,2474.61
1749264559,2475.73000000,0.00410000,2474.61
1749264559,2475.74000000,0.82830000,2474.61
1749264559,2475.75000000,15.21950000,2474.61
1749264559,2475.77000000,6.04890000,2474.61
1749264559,2475.78000000,14.31380000,2474.61
1749264559,2475.79000000,18.76880000,2474.61
1749264559,2475.81000000,0.56500000,2474.61
1749264559,2475.83000000,9.42710000,2474.61
1749264559,2475.84000000,7.24380000,2474.61
1749264559,2475.85000000,8.17240000,2474.61
1749264559,2475.86000000,4.56180000,2474.61
1749264559,2475.87000000,2.45520000,2474.61
1749264559,2475.88000000,2.36850000,2474.61
1749264559,2475.89000000,1.65920000,2474.61
1749264559,2475.90000000,0.90810000,2474.61
1749264559,2475.91000000,0.05600000,2474.61
1749264861,2478.73000000,26.83400000,2478.72
1749264861,2478.74000000,0.01910000,2478.72
1749264861,2478.75000000,3.42450000,2478.72
1749264861,2478.76000000,0.80320000,2478.72
1749264861,2478.77000000,0.03120000,2478.72
1749264861,2478.78000000,0.31310000,2478.72
1749264861,2478.79000000,0.01090000,2478.72
1749264861,2478.80000000,1.83790000,2478.72
1749264861,2478.81000000,7.05860000,2478.72
1749264861,2478.82000000,0.00620000,2478.72
1749264861,2478.83000000,0.00220000,2478.72
1749264861,2478.84000000,0.00220000,2478.72
1749264861,2478.86000000,0.33550000,2478.72
1749264861,2478.87000000,0.00360000,2478.72
1749264861,2478.88000000,0.05050000,2478.72
1749264861,2478.89000000,0.00220000,2478.72
1749264861,2478.90000000,1.83330000,2478.72
1749264861,2478.91000000,5.07910000,2478.72
1749264861,2478.92000000,0.00210000,2478.72
1749264861,2478.93000000,1.34470000,2478.72
1749264861,2478.94000000,13.39700000,2478.72
1749264861,2478.95000000,0.41300000,2478.72
1749264861,2478.96000000,0.01140000,2478.72
1749264861,2478.97000000,5.53870000,2478.72
1749264861,2478.98000000,4.38230000,2478.72
1749264861,2478.99000000,1.44860000,2478.72
1749264861,2479.00000000,11.40850000,2478.72
1749264861,2479.01000000,0.56480000,2478.72
1749264861,2479.03000000,0.00410000,2478.72
1749264861,2479.04000000,0.42930000,2478.72
1749264861,2479.08000000,6.52660000,2478.72
1749264861,2479.09000000,0.00270000,2478.72
1749264861,2479.10000000,4.31020000,2478.72
1749264861,2479.11000000,0.02170000,2478.72
1749264861,2479.12000000,0.68910000,2478.72
1749264861,2479.14000000,0.00300000,2478.72
1749264861,2479.16000000,0.20650000,2478.72
1749264861,2479.19000000,13.11450000,2478.72
1749264861,2479.20000000,7.59450000,2478.72
1749264861,2479.21000000,0.17920000,2478.72
1749264861,2479.22000000,0.67870000,2478.72
1749264861,2479.23000000,0.99240000,2478.72
1749264861,2479.25000000,15.75840000,2478.72
1749264861,2479.26000000,0.48000000,2478.72
1749264861,2479.27000000,0.49000000,2478.72
1749264861,2479.28000000,2.62610000,2478.72
1749264861,2479.29000000,0.52800000,2478.72
1749264861,2479.30000000,1.99830000,2478.72
1749264861,2479.31000000,0.62880000,2478.72
1749264861,2479.32000000,0.00510000,2478.72
1749264861,2479.33000000,17.69860000,2478.72
1749264861,2479.34000000,8.07840000,2478.72
1749264861,2479.36000000,0.00620000,2478.72
1749264861,2479.37000000,0.00320000,2478.72
1749264861,2479.38000000,0.00410000,2478.72
1749264861,2479.39000000,8.07840000,2478.72
1749264861,2479.40000000,1.90500000,2478.72
1749264861,2479.41000000,1.83400000,2478.72
1749264861,2479.42000000,0.17270000,2478.72
1749264861,2479.43000000,6.05270000,2478.72
1749264861,2479.44000000,35.03730000,2478.72
1749264861,2479.45000000,0.79970000,2478.72
1749264861,2479.46000000,0.03960000,2478.72
1749264861,2479.48000000,8.87840000,2478.72
1749264861,2479.50000000,6.30990000,2478.72
1749264861,2479.51000000,0.00420000,2478.72
1749264861,2479.52000000,12.34090000,2478.72
1749264861,2479.54000000,18.20900000,2478.72
1749264861,2479.55000000,0.40000000,2478.72
1749264861,2479.56000000,0.04240000,2478.72
1749264861,2479.57000000,3.91510000,2478.72
1749264861,2479.58000000,0.00340000,2478.72
1749264861,2479.59000000,0.40810000,2478.72
1749264861,2479.60000000,1.38700000,2478.72
1749264861,2479.61000000,3.96060000,2478.72
1749264861,2479.63000000,0.00410000,2478.72
1749264861,2479.64000000,0.79970000,2478.72
1749264861,2479.66000000,2.41510000,2478.72
1749264861,2479.67000000,4.05360000,2478.72
1749264861,2479.68000000,1.20880000,2478.72
1749264861,2479.70000000,17.02010000,2478.72
1749264861,2479.71000000,6.06090000,2478.72
1749264861,2479.72000000,18.63800000,2478.72
1749264861,2479.73000000,0.00650000,2478.72
1749264861,2479.74000000,0.55040000,2478.72
1749264861,2479.75000000,6.31090000,2478.72
1749264861,2479.77000000,6.06200000,2478.72
1749264861,2479.78000000,12.15450000,2478.72
1749264861,2479.79000000,3.33220000,2478.72
1749264861,2479.80000000,0.00860000,2478.72
1749264861,2479.81000000,0.00240000,2478.72
1749264861,2479.82000000,5.58890000,2478.72
1749264861,2479.83000000,0.27610000,2478.72
1749264861,2479.84000000,0.04440000,2478.72
1749264861,2479.85000000,3.95750000,2478.72
1749264861,2479.86000000,1.87120000,2478.72
1749264861,2479.87000000,1.15460000,2478.72
1749264861,2479.88000000,7.05880000,2478.72
1749264861,2479.90000000,0.53810000,2478.72
1749264861,2479.91000000,9.37390000,2478.72
1749265164,2481.38000000,82.20560000,2481.37
1749265164,2481.39000000,13.46950000,2481.37
1749265164,2481.40000000,8.89250000,2481.37
1749265164,2481.41000000,1.78610000,2481.37
1749265164,2481.42000000,0.00670000,2481.37
1749265164,2481.43000000,0.00220000,2481.37
1749265164,2481.44000000,0.00220000,2481.37
1749265164,2481.45000000,0.00430000,2481.37
1749265164,2481.46000000,0.00220000,2481.37
1749265164,2481.47000000,0.00440000,2481.37
1749265164,2481.48000000,2.76080000,2481.37
1749265164,2481.49000000,0.05650000,2481.37
1749265164,2481.50000000,0.19280000,2481.37
1749265164,2481.51000000,0.02140000,2481.37
1749265164,2481.52000000,0.00210000,2481.37
1749265164,2481.53000000,0.51300000,2481.37
1749265164,2481.55000000,0.18790000,2481.37
1749265164,2481.56000000,0.09360000,2481.37
1749265164,2481.57000000,4.03110000,2481.37
1749265164,2481.58000000,0.33810000,2481.37
1749265164,2481.60000000,1.83110000,2481.37
1749265164,2481.61000000,6.20190000,2481.37
1749265164,2481.62000000,12.09000000,2481.37
1749265164,2481.64000000,6.30240000,2481.37
1749265164,2481.68000000,0.45900000,2481.37
1749265164,2481.69000000,4.03060000,2481.37
1749265164,2481.70000000,1.82900000,2481.37
1749265164,2481.71000000,0.02010000,2481.37
1749265164,2481.72000000,12.49180000,2481.37
1749265164,2481.74000000,8.39980000,2481.37
1749265164,2481.75000000,12.09280000,2481.37
1749265164,2481.76000000,2.40040000,2481.37
1749265164,2481.78000000,0.00420000,2481.37
1749265164,2481.79000000,9.27110000,2481.37
1749265164,2481.80000000,2.26050000,2481.37
1749265164,2481.81000000,0.00410000,2481.37
1749265164,2481.82000000,3.41840000,2481.37
1749265164,2481.83000000,12.09000000,2481.37
1749265164,2481.84000000,12.33300000,2481.37
1749265164,2481.85000000,1.92000000,2481.37
1749265164,2481.86000000,0.00310000,2481.37
1749265164,2481.87000000,7.28920000,2481.37
1749265164,2481.88000000,2.50070000,2481.37
1749265164,2481.89000000,12.09000000,2481.37
1749265164,2481.90000000,1.85150000,2481.37
1749265164,2481.91000000,6.04640000,2481.37
1749265164,2481.92000000,6.93230000,2481.37
1749265164,2481.93000000,0.06460000,2481.37
1749265164,2481.94000000,2.76670000,2481.37
1749265164,2481.95000000,0.83590000,2481.37
1749265164,2481.96000000,15.00560000,2481.37
1749265164,2481.97000000,12.85530000,2481.37
1749265164,2481.98000000,18.04640000,2481.37
1749265164,2481.99000000,0.10950000,2481.37
1749265164,2482.00000000,13.92260000,2481.37
1749265164,2482.01000000,0.07030000,2481.37
1749265164,2482.02000000,0.41430000,2481.37
1749265164,2482.03000000,0.67610000,2481.37
1749265164,2482.04000000,8.06180000,2481.37
1749265164,2482.05000000,0.10000000,2481.37
1749265164,2482.06000000,2.04170000,2481.37
1749265164,2482.08000000,10.68290000,2481.37
1749265164,2482.09000000,7.95930000,2481.37
1749265164,2482.11000000,1.55400000,2481.37
1749265164,2482.13000000,2.00950000,2481.37
1749265164,2482.14000000,8.06180000,2481.37
1749265164,2482.16000000,0.00630000,2481.37
1749265164,2482.18000000,0.93560000,2481.37
1749265164,2482.19000000,12.09000000,2481.37
1749265164,2482.20000000,13.56530000,2481.37
1749265164,2482.21000000,9.28070000,2481.37
1749265164,2482.22000000,4.04550000,2481.37
1749265164,2482.23000000,11.56370000,2481.37
1749265164,2482.25000000,6.30000000,2481.37
1749265164,2482.26000000,8.07340000,2481.37
1749265164,2482.27000000,0.00330000,2481.37
1749265164,2482.29000000,7.06380000,2481.37
1749265164,2482.32000000,3.62960000,2481.37
1749265164,2482.33000000,9.21420000,2481.37
1749265164,2482.35000000,0.02530000,2481.37
1749265164,2482.36000000,0.00720000,2481.37
1749265164,2482.38000000,0.00300000,2481.37
1749265164,2482.41000000,0.04050000,2481.37
1749265164,2482.43000000,0.40290000,2481.37
1749265164,2482.44000000,0.00210000,2481.37
1749265164,2482.45000000,0.01300000,2481.37
1749265164,2482.46000000,10.11190000,2481.37
1749265164,2482.47000000,4.71030000,2481.37
1749265164,2482.48000000,0.00410000,2481.37
1749265164,2482.49000000,1.49620000,2481.37
1749265164,2482.50000000,8.18800000,2481.37
1749265164,2482.51000000,1.92290000,2481.37
1749265164,2482.52000000,0.40000000,2481.37
1749265164,2482.54000000,9.51680000,2481.37
1749265164,2482.56000000,0.00510000,2481.37
1749265164,2482.57000000,8.69260000,2481.37
1749265164,2482.58000000,9.27750000,2481.37
1749265164,2482.59000000,0.48000000,2481.37
1749265164,2482.60000000,9.34300000,2481.37
1749265164,2482.61000000,1.45910000,2481.37
1749265465,2484.13000000,0.98150000,2484.12
1749265465,2484.14000000,0.01270000,2484.12
1749265465,2484.15000000,0.00220000,2484.12
1749265465,2484.16000000,0.15900000,2484.12
1749265465,2484.17000000,0.00430000,2484.12
1749265465,2484.18000000,0.00220000,2484.12
1749265465,2484.19000000,0.00650000,2484.12
1749265465,2484.20000000,1.83330000,2484.12
1749265465,2484.21000000,0.00650000,2484.12
1749265465,2484.22000000,12.09430000,2484.12
1749265465,2484.23000000,0.00620000,2484.12
1749265465,2484.24000000,0.00220000,2484.12
1749265465,2484.25000000,0.00210000,2484.12
1749265465,2484.27000000,0.02900000,2484.12
1749265465,2484.28000000,0.00240000,2484.12
1749265465,2484.29000000,0.00220000,2484.12
1749265465,2484.30000000,1.83110000,2484.12
1749265465,2484.32000000,0.34920000,2484.12
1749265465,2484.33000000,0.50530000,2484.12
1749265465,2484.35000000,0.00220000,2484.12
1749265465,2484.36000000,4.02400000,2484.12
1749265465,2484.37000000,2.53660000,2484.12
1749265465,2484.40000000,2.17370000,2484.12
1749265465,2484.41000000,0.50320000,2484.12
1749265465,2484.42000000,0.00240000,2484.12
1749265465,2484.43000000,1.75290000,2484.12
1749265465,2484.44000000,0.00830000,2484.12
1749265465,2484.47000000,0.00220000,2484.12
1749265465,2484.48000000,7.67320000,2484.12
1749265465,2484.49000000,12.09240000,2484.12
1749265465,2484.50000000,2.01270000,2484.12
1749265465,2484.51000000,4.02900000,2484.12
1749265465,2484.53000000,6.64470000,2484.12
1749265465,2484.58000000,0.00410000,2484.12
1749265465,2484.60000000,10.09900000,2484.12
1749265465,2484.61000000,0.00520000,2484.12
1749265465,2484.62000000,0.40000000,2484.12
1749265465,2484.63000000,0.01780000,2484.12
1749265465,2484.65000000,0.01820000,2484.12
1749265465,2484.67000000,0.40250000,2484.12
1749265465,2484.69000000,0.34460000,2484.12
1749265465,2484.70000000,20.36660000,2484.12
1749265465,2484.71000000,6.04680000,2484.12
1749265465,2484.72000000,13.76450000,2484.12
1749265465,2484.73000000,0.00240000,2484.12
1749265465,2484.74000000,8.06450000,2484.12
1749265465,2484.75000000,12.13020000,2484.12
1749265465,2484.76000000,0.60250000,2484.12
1749265465,2484.77000000,7.72350000,2484.12
1749265465,2484.78000000,15.68170000,2484.12
1749265465,2484.79000000,0.48000000,2484.12
1749265465,2484.80000000,3.23130000,2484.12
1749265465,2484.81000000,8.40910000,2484.12
1749265465,2484.82000000,0.00420000,2484.12
1749265465,2484.84000000,21.86350000,2484.12
1749265465,2484.85000000,26.44900000,2484.12
1749265465,2484.86000000,0.48310000,2484.12
1749265465,2484.87000000,6.08870000,2484.12
1749265465,2484.88000000,0.04020000,2484.12
1749265465,2484.89000000,2.02680000,2484.12
1749265465,2484.90000000,1.83200000,2484.12
1749265465,2484.91000000,1.05600000,2484.12
1749265465,2484.92000000,6.04840000,2484.12
1749265465,2484.94000000,9.33020000,2484.12
1749265465,2484.95000000,26.88770000,2484.12
1749265465,2484.96000000,12.89160000,2484.12
1749265465,2484.99000000,9.21600000,2484.12
1749265465,2485.00000000,6.04840000,2484.12
1749265465,2485.01000000,14.49020000,2484.12
1749265465,2485.03000000,9.27830000,2484.12
1749265465,2485.05000000,0.80500000,2484.12
1749265465,2485.06000000,1.49540000,2484.12
1749265465,2485.08000000,2.17960000,2484.12
1749265465,2485.10000000,0.12160000,2484.12
1749265465,2485.11000000,8.70740000,2484.12
1749265465,2485.14000000,1.49540000,2484.12
1749265465,2485.15000000,4.51320000,2484.12
1749265465,2485.16000000,3.87910000,2484.12
1749265465,2485.17000000,2.91820000,2484.12
1749265465,2485.20000000,12.60290000,2484.12
1749265465,2485.21000000,3.89560000,2484.12
1749265465,2485.22000000,2.37930000,2484.12
1749265465,2485.28000000,3.85550000,2484.12
1749265465,2485.29000000,14.65370000,2484.12
1749265465,2485.30000000,12.57000000,2484.12
1749265465,2485.31000000,0.10000000,2484.12
1749265465,2485.32000000,0.00210000,2484.12
1749265465,2485.33000000,0.40250000,2484.12
1749265465,2485.34000000,3.37700000,2484.12
1749265465,2485.35000000,0.00410000,2484.12
1749265465,2485.36000000,0.00310000,2484.12
1749265465,2485.39000000,0.84870000,2484.12
1749265465,2485.41000000,1.69530000,2484.12
1749265465,2485.42000000,3.85320000,2484.12
1749265465,2485.44000000,3.24650000,2484.12
1749265465,2485.45000000,3.19690000,2484.12
1749265465,2485.48000000,1.60000000,2484.12
1749265465,2485.49000000,1.71420000,2484.12
1749265465,2485.51000000,3.21370000,2484.12
1749265465,2485.54000000,9.27420000,2484.12
1749265767,2485.16000000,121.40790000,2485.16
1749265767,2485.20000000,1.82900000,2485.16
1749265767,2485.22000000,56.64210000,2485.16
1749265767,2485.23000000,15.20680000,2485.16
1749265767,2485.24000000,0.69260000,2485.16
1749265767,2485.26000000,0.00610000,2485.16
1749265767,2485.28000000,0.00220000,2485.16
1749265767,2485.29000000,9.72430000,2485.16
1749265767,2485.30000000,3.59210000,2485.16
1749265767,2485.31000000,0.15160000,2485.16
1749265767,2485.32000000,0.00220000,2485.16
1749265767,2485.33000000,2.05060000,2485.16
1749265767,2485.34000000,4.01460000,2485.16
1749265767,2485.36000000,0.00220000,2485.16
1749265767,2485.40000000,1.83540000,2485.16
1749265767,2485.43000000,0.75590000,2485.16
1749265767,2485.45000000,0.40450000,2485.16
1749265767,2485.46000000,0.00410000,2485.16
1749265767,2485.48000000,0.03150000,2485.16
1749265767,2485.49000000,0.48000000,2485.16
1749265767,2485.50000000,17.86480000,2485.16
1749265767,2485.52000000,9.15490000,2485.16
1749265767,2485.53000000,8.05840000,2485.16
1749265767,2485.56000000,0.00210000,2485.16
1749265767,2485.57000000,10.91640000,2485.16
1749265767,2485.58000000,4.01450000,2485.16
1749265767,2485.59000000,2.85670000,2485.16
1749265767,2485.60000000,2.78900000,2485.16
1749265767,2485.61000000,0.48720000,2485.16
1749265767,2485.62000000,21.34150000,2485.16
1749265767,2485.63000000,0.05050000,2485.16
1749265767,2485.65000000,2.60000000,2485.16
1749265767,2485.68000000,6.37020000,2485.16
1749265767,2485.69000000,16.10030000,2485.16
1749265767,2485.70000000,2.03020000,2485.16
1749265767,2485.71000000,0.40000000,2485.16
1749265767,2485.72000000,0.48000000,2485.16
1749265767,2485.73000000,0.10410000,2485.16
1749265767,2485.77000000,6.03920000,2485.16
1749265767,2485.79000000,3.21350000,2485.16
1749265767,2485.80000000,2.74440000,2485.16
1749265767,2485.81000000,0.95300000,2485.16
1749265767,2485.82000000,8.35250000,2485.16
1749265767,2485.84000000,0.01000000,2485.16
1749265767,2485.85000000,8.03460000,2485.16
1749265767,2485.86000000,0.00310000,2485.16
1749265767,2485.87000000,0.68000000,2485.16
1749265767,2485.89000000,13.08740000,2485.16
1749265767,2485.90000000,6.03920000,2485.16
1749265767,2485.91000000,6.06920000,2485.16
1749265767,2485.92000000,9.48950000,2485.16
1749265767,2485.93000000,0.80000000,2485.16
1749265767,2485.94000000,0.40650000,2485.16
1749265767,2485.95000000,6.78000000,2485.16
1749265767,2485.96000000,0.00420000,2485.16
1749265767,2485.97000000,0.48000000,2485.16
1749265767,2485.98000000,0.00510000,2485.16
1749265767,2486.00000000,12.09000000,2485.16
1749265767,2486.03000000,8.18960000,2485.16
1749265767,2486.04000000,0.57810000,2485.16
1749265767,2486.05000000,7.01050000,2485.16
1749265767,2486.07000000,8.53080000,2485.16
1749265767,2486.10000000,0.03090000,2485.16
1749265767,2486.11000000,0.00720000,2485.16
1749265767,2486.13000000,4.07720000,2485.16
1749265767,2486.14000000,11.60330000,2485.16
1749265767,2486.15000000,4.03320000,2485.16
1749265767,2486.16000000,12.40250000,2485.16
1749265767,2486.17000000,3.96120000,2485.16
1749265767,2486.18000000,7.78530000,2485.16
1749265767,2486.19000000,0.00410000,2485.16
1749265767,2486.20000000,0.20110000,2485.16
1749265767,2486.21000000,8.57010000,2485.16
1749265767,2486.22000000,2.01150000,2485.16
1749265767,2486.25000000,1.75520000,2485.16
1749265767,2486.26000000,12.09410000,2485.16
1749265767,2486.27000000,0.02920000,2485.16
1749265767,2486.28000000,0.00210000,2485.16
1749265767,2486.29000000,10.93920000,2485.16
1749265767,2486.30000000,4.89790000,2485.16
1749265767,2486.31000000,11.56570000,2485.16
1749265767,2486.32000000,7.79440000,2485.16
1749265767,2486.34000000,11.02250000,2485.16
1749265767,2486.36000000,0.00310000,2485.16
1749265767,2486.37000000,5.50790000,2485.16
1749265767,2486.38000000,1.59240000,2485.16
1749265767,2486.40000000,0.00210000,2485.16
1749265767,2486.41000000,14.49110000,2485.16
1749265767,2486.43000000,9.29210000,2485.16
1749265767,2486.45000000,9.26420000,2485.16
1749265767,2486.46000000,9.18770000,2485.16
1749265767,2486.48000000,1.72320000,2485.16
1749265767,2486.51000000,12.07550000,2485.16
1749265767,2486.52000000,16.13920000,2485.16
1749265767,2486.53000000,12.09000000,2485.16
1749265767,2486.55000000,3.55880000,2485.16
1749265767,2486.56000000,6.30000000,2485.16
1749265767,2486.57000000,0.97850000,2485.16
1749265767,2486.59000000,10.51090000,2485.16
1749265767,2486.61000000,0.00720000,2485.16
1749266069,2487.10000000,6.89290000,2487.1
1749266069,2487.11000000,0.00220000,2487.1
1749266069,2487.12000000,0.00440000,2487.1
1749266069,2487.13000000,0.54300000,2487.1
1749266069,2487.18000000,0.00220000,2487.1
1749266069,2487.19000000,0.00650000,2487.1
1749266069,2487.20000000,1.83730000,2487.1
1749266069,2487.21000000,0.00220000,2487.1
1749266069,2487.22000000,0.00220000,2487.1
1749266069,2487.24000000,0.03360000,2487.1
1749266069,2487.25000000,0.01300000,2487.1
1749266069,2487.26000000,4.07190000,2487.1
1749266069,2487.27000000,0.41900000,2487.1
1749266069,2487.28000000,0.00220000,2487.1
1749266069,2487.29000000,2.85410000,2487.1
1749266069,2487.30000000,0.34350000,2487.1
1749266069,2487.31000000,3.87620000,2487.1
1749266069,2487.32000000,0.00430000,2487.1
1749266069,2487.33000000,6.30000000,2487.1
1749266069,2487.35000000,0.01510000,2487.1
1749266069,2487.36000000,1.34910000,2487.1
1749266069,2487.38000000,0.00410000,2487.1
1749266069,2487.39000000,7.02990000,2487.1
1749266069,2487.40000000,1.85900000,2487.1
1749266069,2487.41000000,0.00230000,2487.1
1749266069,2487.42000000,0.34440000,2487.1
1749266069,2487.44000000,1.69030000,2487.1
1749266069,2487.45000000,0.50260000,2487.1
1749266069,2487.47000000,0.01000000,2487.1
1749266069,2487.48000000,1.14550000,2487.1
1749266069,2487.50000000,1.83310000,2487.1
1749266069,2487.51000000,0.01760000,2487.1
1749266069,2487.55000000,0.00210000,2487.1
1749266069,2487.56000000,0.34130000,2487.1
1749266069,2487.58000000,0.00410000,2487.1
1749266069,2487.59000000,0.67580000,2487.1
1749266069,2487.60000000,9.61570000,2487.1
1749266069,2487.61000000,0.00310000,2487.1
1749266069,2487.63000000,0.40210000,2487.1
1749266069,2487.67000000,1.93100000,2487.1
1749266069,2487.68000000,12.45370000,2487.1
1749266069,2487.69000000,20.38820000,2487.1
1749266069,2487.70000000,3.16110000,2487.1
1749266069,2487.72000000,0.10210000,2487.1
1749266069,2487.73000000,9.76050000,2487.1
1749266069,2487.74000000,6.30000000,2487.1
1749266069,2487.75000000,0.00210000,2487.1
1749266069,2487.76000000,9.19190000,2487.1
1749266069,2487.78000000,0.00300000,2487.1
1749266069,2487.79000000,0.00410000,2487.1
1749266069,2487.80000000,9.88110000,2487.1
1749266069,2487.81000000,0.40210000,2487.1
1749266069,2487.83000000,9.30820000,2487.1
1749266069,2487.84000000,0.05810000,2487.1
1749266069,2487.85000000,15.79210000,2487.1
1749266069,2487.86000000,0.00730000,2487.1
1749266069,2487.87000000,6.03910000,2487.1
1749266069,2487.89000000,6.03910000,2487.1
1749266069,2487.91000000,9.26000000,2487.1
1749266069,2487.92000000,0.00410000,2487.1
1749266069,2487.93000000,0.28030000,2487.1
1749266069,2487.94000000,12.09000000,2487.1
1749266069,2487.95000000,0.96000000,2487.1
1749266069,2487.96000000,19.05230000,2487.1
1749266069,2487.97000000,8.13240000,2487.1
1749266069,2487.98000000,4.37210000,2487.1
1749266069,2488.00000000,1.63910000,2487.1
1749266069,2488.01000000,0.96000000,2487.1
1749266069,2488.03000000,0.48000000,2487.1
1749266069,2488.04000000,0.00410000,2487.1
1749266069,2488.08000000,0.93220000,2487.1
1749266069,2488.09000000,18.78860000,2487.1
1749266069,2488.10000000,27.45860000,2487.1
1749266069,2488.11000000,0.00620000,2487.1
1749266069,2488.13000000,1.43000000,2487.1
1749266069,2488.14000000,10.04290000,2487.1
1749266069,2488.15000000,1.99690000,2487.1
1749266069,2488.17000000,9.26000000,2487.1
1749266069,2488.19000000,5.33630000,2487.1
1749266069,2488.20000000,2.69520000,2487.1
1749266069,2488.21000000,10.19620000,2487.1
1749266069,2488.22000000,0.04040000,2487.1
1749266069,2488.24000000,1.14950000,2487.1
1749266069,2488.26000000,1.40400000,2487.1
1749266069,2488.28000000,0.80000000,2487.1
1749266069,2488.29000000,1.60410000,2487.1
1749266069,2488.32000000,0.00510000,2487.1
1749266069,2488.33000000,0.00740000,2487.1
1749266069,2488.34000000,6.23920000,2487.1
1749266069,2488.35000000,6.44940000,2487.1
1749266069,2488.36000000,3.89450000,2487.1
1749266069,2488.37000000,12.10870000,2487.1
1749266069,2488.40000000,0.00550000,2487.1
1749266069,2488.41000000,0.09030000,2487.1
1749266069,2488.42000000,0.00320000,2487.1
1749266069,2488.43000000,0.01170000,2487.1
1749266069,2488.44000000,12.66150000,2487.1
1749266069,2488.45000000,0.82010000,2487.1
1749266069,2488.46000000,15.51960000,2487.1
1749266069,2488.47000000,0.01830000,2487.1
1749266370,2484.80000000,5.58640000,2484.79
1749266370,2484.81000000,0.00440000,2484.79
1749266370,2484.82000000,0.85310000,2484.79
1749266370,2484.83000000,0.00440000,2484.79
1749266370,2484.84000000,1.13880000,2484.79
1749266370,2484.85000000,0.00220000,2484.79
1749266370,2484.86000000,0.00430000,2484.79
1749266370,2484.87000000,0.00220000,2484.79
1749266370,2484.88000000,0.00460000,2484.79
1749266370,2484.89000000,0.00440000,2484.79
1749266370,2484.90000000,1.83730000,2484.79
1749266370,2484.91000000,0.00220000,2484.79
1749266370,2484.93000000,0.00210000,2484.79
1749266370,2484.95000000,0.00220000,2484.79
1749266370,2484.96000000,4.31570000,2484.79
1749266370,2484.97000000,7.07040000,2484.79
1749266370,2484.99000000,0.74600000,2484.79
1749266370,2485.00000000,2.93210000,2484.79
1749266370,2485.01000000,0.41300000,2484.79
1749266370,2485.02000000,0.01000000,2484.79
1749266370,2485.05000000,0.03150000,2484.79
1749266370,2485.07000000,0.00240000,2484.79
1749266370,2485.08000000,0.00840000,2484.79
1749266370,2485.09000000,2.19540000,2484.79
1749266370,2485.11000000,0.35470000,2484.79
1749266370,2485.12000000,0.00220000,2484.79
1749266370,2485.13000000,2.68160000,2484.79
1749266370,2485.14000000,0.00410000,2484.79
1749266370,2485.16000000,0.03000000,2484.79
1749266370,2485.17000000,0.04900000,2484.79
1749266370,2485.18000000,2.80000000,2484.79
1749266370,2485.20000000,2.03860000,2484.79
1749266370,2485.21000000,0.00410000,2484.79
1749266370,2485.22000000,6.96710000,2484.79
1749266370,2485.23000000,12.44150000,2484.79
1749266370,2485.24000000,0.01860000,2484.79
1749266370,2485.25000000,6.30000000,2484.79
1749266370,2485.26000000,0.00300000,2484.79
1749266370,2485.30000000,3.36840000,2484.79
1749266370,2485.32000000,0.90600000,2484.79
1749266370,2485.33000000,12.06360000,2484.79
1749266370,2485.34000000,0.00230000,2484.79
1749266370,2485.35000000,0.00240000,2484.79
1749266370,2485.36000000,0.35460000,2484.79
1749266370,2485.37000000,11.71530000,2484.79
1749266370,2485.38000000,9.16950000,2484.79
1749266370,2485.39000000,0.96210000,2484.79
1749266370,2485.40000000,9.87140000,2484.79
1749266370,2485.41000000,8.14240000,2484.79
1749266370,2485.42000000,0.00410000,2484.79
1749266370,2485.43000000,2.22480000,2484.79
1749266370,2485.44000000,0.00510000,2484.79
1749266370,2485.45000000,0.48000000,2484.79
1749266370,2485.46000000,4.70160000,2484.79
1749266370,2485.47000000,6.15800000,2484.79
1749266370,2485.48000000,0.35150000,2484.79
1749266370,2485.50000000,13.92740000,2484.79
1749266370,2485.51000000,0.00410000,2484.79
1749266370,2485.53000000,4.18860000,2484.79
1749266370,2485.54000000,0.40000000,2484.79
1749266370,2485.55000000,1.38500000,2484.79
1749266370,2485.56000000,0.00210000,2484.79
1749266370,2485.58000000,20.68610000,2484.79
1749266370,2485.59000000,9.25090000,2484.79
1749266370,2485.61000000,0.00720000,2484.79
1749266370,2485.62000000,0.88000000,2484.79
1749266370,2485.63000000,9.11180000,2484.79
1749266370,2485.66000000,6.03180000,2484.79
1749266370,2485.67000000,12.07140000,2484.79
1749266370,2485.68000000,10.01040000,2484.79
1749266370,2485.69000000,0.50170000,2484.79
1749266370,2485.70000000,19.53100000,2484.79
1749266370,2485.72000000,29.62730000,2484.79
1749266370,2485.73000000,0.00410000,2484.79
1749266370,2485.74000000,10.72940000,2484.79
1749266370,2485.75000000,6.03180000,2484.79
1749266370,2485.78000000,1.75620000,2484.79
1749266370,2485.79000000,9.25090000,2484.79
1749266370,2485.80000000,13.64850000,2484.79
1749266370,2485.81000000,0.00410000,2484.79
1749266370,2485.82000000,8.60920000,2484.79
1749266370,2485.83000000,6.03180000,2484.79
1749266370,2485.84000000,2.58490000,2484.79
1749266370,2485.86000000,9.25190000,2484.79
1749266370,2485.87000000,3.71110000,2484.79
1749266370,2485.91000000,0.08040000,2484.79
1749266370,2485.92000000,0.00210000,2484.79
1749266370,2485.95000000,5.83440000,2484.79
1749266370,2485.96000000,6.14510000,2484.79
1749266370,2485.97000000,0.79730000,2484.79
1749266370,2485.98000000,0.00510000,2484.79
1749266370,2485.99000000,0.10060000,2484.79
1749266370,2486.00000000,0.00840000,2484.79
1749266370,2486.01000000,0.10000000,2484.79
1749266370,2486.02000000,1.80420000,2484.79
1749266370,2486.03000000,0.00940000,2484.79
1749266370,2486.04000000,11.48100000,2484.79
1749266370,2486.05000000,15.70140000,2484.79
1749266370,2486.08000000,4.61050000,2484.79
1749266370,2486.09000000,1.78920000,2484.79
1749266673,2491.23000000,3.25420000,2491.47
1749266673,2491.24000000,1.48910000,2491.47
1749266673,2491.25000000,0.00220000,2491.47
1749266673,2491.26000000,0.00220000,2491.47
1749266673,2491.27000000,0.00650000,2491.47
1749266673,2491.28000000,0.71350000,2491.47
1749266673,2491.29000000,0.43350000,2491.47
1749266673,2491.30000000,0.00440000,2491.47
1749266673,2491.31000000,0.52570000,2491.47
1749266673,2491.32000000,0.00440000,2491.47
1749266673,2491.33000000,2.89760000,2491.47
1749266673,2491.34000000,0.00220000,2491.47
1749266673,2491.35000000,0.02900000,2491.47
1749266673,2491.39000000,0.04230000,2491.47
1749266673,2491.40000000,1.82900000,2491.47
1749266673,2491.44000000,0.05230000,2491.47
1749266673,2491.45000000,0.03150000,2491.47
1749266673,2491.46000000,0.00220000,2491.47
1749266673,2491.47000000,11.58630000,2491.47
1749266673,2491.48000000,30.44160000,2491.47
1749266673,2491.49000000,2.65840000,2491.47
1749266673,2491.50000000,1.82900000,2491.47
1749266673,2491.53000000,0.00410000,2491.47
1749266673,2491.54000000,0.05600000,2491.47
1749266673,2491.56000000,0.50390000,2491.47
1749266673,2491.57000000,17.45580000,2491.47
1749266673,2491.58000000,20.15380000,2491.47
1749266673,2491.59000000,8.04890000,2491.47
1749266673,2491.60000000,1.82900000,2491.47
1749266673,2491.61000000,0.00310000,2491.47
1749266673,2491.63000000,0.00410000,2491.47
1749266673,2491.66000000,4.01810000,2491.47
1749266673,2491.67000000,24.10480000,2491.47
1749266673,2491.68000000,0.00210000,2491.47
1749266673,2491.69000000,0.68000000,2491.47
1749266673,2491.70000000,1.82900000,2491.47
1749266673,2491.71000000,7.47670000,2491.47
1749266673,2491.72000000,10.45100000,2491.47
1749266673,2491.73000000,24.19550000,2491.47
1749266673,2491.74000000,0.00300000,2491.47
1749266673,2491.75000000,0.40240000,2491.47
1749266673,2491.76000000,6.38040000,2491.47
1749266673,2491.80000000,12.05980000,2491.47
1749266673,2491.81000000,0.00410000,2491.47
1749266673,2491.82000000,9.25630000,2491.47
1749266673,2491.83000000,6.91810000,2491.47
1749266673,2491.86000000,0.00310000,2491.47
1749266673,2491.88000000,9.25840000,2491.47
1749266673,2491.89000000,12.06160000,2491.47
1749266673,2491.90000000,3.85040000,2491.47
1749266673,2491.92000000,0.96510000,2491.47
1749266673,2491.93000000,0.48410000,2491.47
1749266673,2491.95000000,2.02160000,2491.47
1749266673,2491.97000000,1.73720000,2491.47
1749266673,2491.98000000,14.22170000,2491.47
1749266673,2491.99000000,20.13680000,2491.47
1749266673,2492.00000000,25.92450000,2491.47
1749266673,2492.01000000,0.08030000,2491.47
1749266673,2492.02000000,1.53520000,2491.47
1749266673,2492.03000000,5.01830000,2491.47
1749266673,2492.04000000,13.89060000,2491.47
1749266673,2492.05000000,1.77620000,2491.47
1749266673,2492.08000000,2.88760000,2491.47
1749266673,2492.10000000,9.64490000,2491.47
1749266673,2492.11000000,7.43400000,2491.47
1749266673,2492.12000000,6.30000000,2491.47
1749266673,2492.14000000,1.73720000,2491.47
1749266673,2492.15000000,1.77620000,2491.47
1749266673,2492.16000000,11.21680000,2491.47
1749266673,2492.17000000,1.77760000,2491.47
1749266673,2492.18000000,0.01840000,2491.47
1749266673,2492.19000000,6.03670000,2491.47
1749266673,2492.20000000,15.98430000,2491.47
1749266673,2492.21000000,1.61950000,2491.47
1749266673,2492.23000000,0.01740000,2491.47
1749266673,2492.24000000,2.41020000,2491.47
1749266673,2492.25000000,24.09140000,2491.47
1749266673,2492.27000000,12.89600000,2491.47
1749266673,2492.28000000,0.00510000,2491.47
1749266673,2492.29000000,16.30240000,2491.47
1749266673,2492.30000000,1.82900000,2491.47
1749266673,2492.33000000,0.10000000,2491.47
1749266673,2492.34000000,9.66460000,2491.47
1749266673,2492.35000000,2.00100000,2491.47
1749266673,2492.36000000,24.10790000,2491.47
1749266673,2492.37000000,6.30000000,2491.47
1749266673,2492.40000000,0.00210000,2491.47
1749266673,2492.41000000,4.85910000,2491.47
1749266673,2492.42000000,1.84990000,2491.47
1749266673,2492.46000000,0.00300000,2491.47
1749266673,2492.47000000,1.67210000,2491.47
1749266673,2492.48000000,1.77620000,2491.47
1749266673,2492.49000000,0.91130000,2491.47
1749266673,2492.50000000,1.60650000,2491.47
1749266673,2492.51000000,3.70470000,2491.47
1749266673,2492.52000000,0.00880000,2491.47
1749266673,2492.53000000,1.47650000,2491.47
1749266673,2492.54000000,0.01070000,2491.47
1749266673,2492.55000000,1.09580000,2491.47
1749266673,2492.56000000,8.93340000,2491.47
1749266975,2490.21000000,66.40770000,2490.21
1749266975,2490.22000000,0.00440000,2490.21
1749266975,2490.23000000,2.89700000,2490.21
1749266975,2490.24000000,7.02850000,2490.21
1749266975,2490.25000000,0.81190000,2490.21
1749266975,2490.26000000,0.00460000,2490.21
1749266975,2490.27000000,0.00220000,2490.21
1749266975,2490.28000000,0.00430000,2490.21
1749266975,2490.29000000,0.05500000,2490.21
1749266975,2490.30000000,2.36860000,2490.21
1749266975,2490.31000000,0.10880000,2490.21
1749266975,2490.32000000,0.00220000,2490.21
1749266975,2490.36000000,0.00210000,2490.21
1749266975,2490.37000000,0.00240000,2490.21
1749266975,2490.38000000,0.00210000,2490.21
1749266975,2490.39000000,0.50630000,2490.21
1749266975,2490.40000000,2.17390000,2490.21
1749266975,2490.43000000,0.00220000,2490.21
1749266975,2490.44000000,3.78010000,2490.21
1749266975,2490.45000000,12.03530000,2490.21
1749266975,2490.46000000,1.65260000,2490.21
1749266975,2490.48000000,4.82350000,2490.21
1749266975,2490.49000000,0.07710000,2490.21
1749266975,2490.50000000,1.82900000,2490.21
1749266975,2490.51000000,4.01440000,2490.21
1749266975,2490.52000000,0.37160000,2490.21
1749266975,2490.53000000,4.01220000,2490.21
1749266975,2490.54000000,4.54200000,2490.21
1749266975,2490.56000000,6.99020000,2490.21
1749266975,2490.58000000,0.01830000,2490.21
1749266975,2490.60000000,8.83330000,2490.21
1749266975,2490.61000000,0.09980000,2490.21
1749266975,2490.62000000,0.40160000,2490.21
1749266975,2490.63000000,12.07010000,2490.21
1749266975,2490.65000000,8.02780000,2490.21
1749266975,2490.66000000,0.00300000,2490.21
1749266975,2490.67000000,2.71530000,2490.21
1749266975,2490.70000000,2.17590000,2490.21
1749266975,2490.71000000,0.58000000,2490.21
1749266975,2490.72000000,0.00210000,2490.21
1749266975,2490.73000000,10.20940000,2490.21
1749266975,2490.74000000,12.03530000,2490.21
1749266975,2490.75000000,0.48000000,2490.21
1749266975,2490.76000000,0.88000000,2490.21
1749266975,2490.77000000,0.74140000,2490.21
1749266975,2490.78000000,1.63260000,2490.21
1749266975,2490.79000000,12.18120000,2490.21
1749266975,2490.80000000,2.30900000,2490.21
1749266975,2490.81000000,2.88430000,2490.21
1749266975,2490.82000000,0.40000000,2490.21
1749266975,2490.83000000,0.16030000,2490.21
1749266975,2490.84000000,2.08220000,2490.21
1749266975,2490.85000000,20.08640000,2490.21
1749266975,2490.86000000,6.30310000,2490.21
1749266975,2490.87000000,0.34060000,2490.21
1749266975,2490.88000000,10.64160000,2490.21
1749266975,2490.90000000,1.83320000,2490.21
1749266975,2490.91000000,0.00410000,2490.21
1749266975,2490.92000000,0.48000000,2490.21
1749266975,2490.93000000,14.04860000,2490.21
1749266975,2490.95000000,10.42800000,2490.21
1749266975,2490.96000000,0.00210000,2490.21
1749266975,2490.98000000,7.35630000,2490.21
1749266975,2490.99000000,4.01030000,2490.21
1749266975,2491.00000000,13.67580000,2490.21
1749266975,2491.01000000,2.53010000,2490.21
1749266975,2491.02000000,0.00300000,2490.21
1749266975,2491.06000000,0.01000000,2490.21
1749266975,2491.08000000,6.02290000,2490.21
1749266975,2491.09000000,8.08430000,2490.21
1749266975,2491.10000000,9.36020000,2490.21
1749266975,2491.11000000,6.41770000,2490.21
1749266975,2491.14000000,1.43100000,2490.21
1749266975,2491.15000000,6.02080000,2490.21
1749266975,2491.17000000,0.00410000,2490.21
1749266975,2491.19000000,0.88680000,2490.21
1749266975,2491.20000000,2.13490000,2490.21
1749266975,2491.21000000,9.12740000,2490.21
1749266975,2491.22000000,2.56090000,2490.21
1749266975,2491.23000000,0.05600000,2490.21
1749266975,2491.24000000,0.00410000,2490.21
1749266975,2491.28000000,12.03950000,2490.21
1749266975,2491.29000000,19.97520000,2490.21
1749266975,2491.30000000,1.98220000,2490.21
1749266975,2491.31000000,0.41270000,2490.21
1749266975,2491.32000000,0.00210000,2490.21
1749266975,2491.33000000,18.68570000,2490.21
1749266975,2491.34000000,9.23190000,2490.21
1749266975,2491.36000000,0.00310000,2490.21
1749266975,2491.38000000,0.88450000,2490.21
1749266975,2491.39000000,0.00230000,2490.21
1749266975,2491.40000000,0.96000000,2490.21
1749266975,2491.41000000,2.55490000,2490.21
1749266975,2491.42000000,0.48000000,2490.21
1749266975,2491.43000000,15.24950000,2490.21
1749266975,2491.44000000,28.68200000,2490.21
1749266975,2491.45000000,12.73550000,2490.21
1749266975,2491.46000000,0.08020000,2490.21
1749266975,2491.47000000,1.39550000,2490.21
1749266975,2491.49000000,8.70020000,2490.21
1749267276,2487.67000000,8.98620000,2487.79
1749267276,2487.68000000,0.11060000,2487.79
1749267276,2487.69000000,0.00860000,2487.79
1749267276,2487.70000000,2.03460000,2487.79
1749267276,2487.72000000,0.00220000,2487.79
1749267276,2487.74000000,0.00460000,2487.79
1749267276,2487.76000000,0.03130000,2487.79
1749267276,2487.77000000,0.00620000,2487.79
1749267276,2487.78000000,0.00430000,2487.79
1749267276,2487.79000000,0.00440000,2487.79
1749267276,2487.80000000,1.83120000,2487.79
1749267276,2487.81000000,0.00630000,2487.79
1749267276,2487.83000000,0.41200000,2487.79
1749267276,2487.84000000,0.00430000,2487.79
1749267276,2487.85000000,3.96990000,2487.79
1749267276,2487.86000000,0.35480000,2487.79
1749267276,2487.89000000,0.00220000,2487.79
1749267276,2487.90000000,1.89000000,2487.79
1749267276,2487.91000000,2.68470000,2487.79
1749267276,2487.92000000,1.54200000,2487.79
1749267276,2487.93000000,0.00630000,2487.79
1749267276,2487.94000000,6.30000000,2487.79
1749267276,2487.96000000,0.00730000,2487.79
