timestamp,price,volume,current_price
1749260796,1.17000000,7722.70000000,1.17
1749260796,1.17100000,41367.40000000,1.17
1749260796,1.17200000,35269.70000000,1.17
1749260796,1.17300000,26035.90000000,1.17
1749260796,1.17400000,39552.70000000,1.17
1749260796,1.17500000,8713.20000000,1.17
1749260796,1.17600000,3773.40000000,1.17
1749260796,1.17700000,3493.60000000,1.17
1749260796,1.17800000,4819.00000000,1.17
1749260796,1.17900000,11483.00000000,1.17
1749260796,1.18000000,21329.70000000,1.17
1749260796,1.18100000,2376.10000000,1.17
1749260796,1.18200000,9536.20000000,1.17
1749260796,1.18300000,25888.20000000,1.17
1749260796,1.18400000,17631.80000000,1.17
1749260796,1.18500000,1392.50000000,1.17
1749260796,1.18600000,5098.40000000,1.17
1749260796,1.18700000,1466.50000000,1.17
1749260796,1.18800000,1412.90000000,1.17
1749260796,1.18900000,3482.70000000,1.17
1749260796,1.19000000,74061.10000000,1.17
1749260796,1.19100000,11196.10000000,1.17
1749260796,1.19200000,4214.80000000,1.17
1749260796,1.19300000,57416.20000000,1.17
1749260796,1.19400000,1693.30000000,1.17
1749260796,1.19500000,1673.80000000,1.17
1749260796,1.19600000,10.00000000,1.17
1749260796,1.19700000,5009.10000000,1.17
1749260796,1.19800000,4861.70000000,1.17
1749260796,1.19900000,3287.50000000,1.17
1749260796,1.20000000,39464.60000000,1.17
1749260796,1.20100000,2238.60000000,1.17
1749260796,1.20200000,30.00000000,1.17
1749260796,1.20300000,56.70000000,1.17
1749260796,1.20400000,1427.60000000,1.17
1749260796,1.20500000,1165.50000000,1.17
1749260796,1.20600000,1265.30000000,1.17
1749260796,1.20700000,108.90000000,1.17
1749260796,1.20800000,92.90000000,1.17
1749260796,1.20900000,5.10000000,1.17
1749260796,1.21000000,5352.40000000,1.17
1749260796,1.21100000,525.90000000,1.17
1749260796,1.21200000,27.80000000,1.17
1749260796,1.21300000,135.30000000,1.17
1749260796,1.21400000,135.00000000,1.17
1749260796,1.21500000,195.40000000,1.17
1749260796,1.21600000,36.10000000,1.17
1749260796,1.21700000,226.60000000,1.17
1749260796,1.21800000,5.10000000,1.17
1749260796,1.21900000,21.60000000,1.17
1749260796,1.22000000,2874.40000000,1.17
1749260796,1.22100000,3562.00000000,1.17
1749260796,1.22200000,3698.80000000,1.17
1749260796,1.22300000,434.60000000,1.17
1749260796,1.22400000,871.50000000,1.17
1749260796,1.22500000,159.40000000,1.17
1749260796,1.22600000,604.90000000,1.17
1749260796,1.22700000,519.20000000,1.17
1749260796,1.22800000,5.10000000,1.17
1749260796,1.22900000,1838.60000000,1.17
1749260796,1.23000000,3358.40000000,1.17
1749260796,1.23100000,81.30000000,1.17
1749260796,1.23200000,56.70000000,1.17
1749260796,1.23300000,2023.40000000,1.17
1749260796,1.23400000,108.90000000,1.17
1749260796,1.23500000,1683.60000000,1.17
1749260796,1.23600000,1625.00000000,1.17
1749260796,1.23700000,505.10000000,1.17
1749260796,1.23800000,678.00000000,1.17
1749260796,1.23900000,54.60000000,1.17
1749260796,1.24000000,6714.40000000,1.17
1749260796,1.24100000,40.60000000,1.17
1749260796,1.24200000,245.00000000,1.17
1749260796,1.24300000,1891.90000000,1.17
1749260796,1.24400000,200.80000000,1.17
1749260796,1.24500000,100906.10000000,1.17
1749260796,1.24600000,436.60000000,1.17
1749260796,1.24700000,22942.90000000,1.17
1749260796,1.24800000,118.90000000,1.17
1749260796,1.24900000,612.10000000,1.17
1749260796,1.25000000,10425.50000000,1.17
1749260796,1.25100000,241.70000000,1.17
1749260796,1.25200000,220.10000000,1.17
1749260796,1.25300000,112.90000000,1.17
1749260796,1.25400000,8.00000000,1.17
1749260796,1.25500000,960.10000000,1.17
1749260796,1.25600000,1916.00000000,1.17
1749260796,1.25700000,529.40000000,1.17
1749260796,1.25800000,57.50000000,1.17
1749260796,1.25900000,58.00000000,1.17
1749260796,1.26000000,8508.60000000,1.17
1749260796,1.26100000,64.40000000,1.17
1749260796,1.26200000,25.70000000,1.17
1749260796,1.26300000,969.10000000,1.17
1749260796,1.26400000,28.30000000,1.17
1749260796,1.26500000,1483.70000000,1.17
1749260796,1.26600000,462.20000000,1.17
1749260796,1.26700000,1416.50000000,1.17
1749260796,1.26800000,8428.50000000,1.17
1749260796,1.27000000,3332.30000000,1.17
1749261116,1.17500000,9627.20000000,1.174
1749261116,1.17600000,59572.80000000,1.174
1749261116,1.17700000,49241.90000000,1.174
1749261116,1.17800000,31710.60000000,1.174
1749261116,1.17900000,21108.00000000,1.174
1749261116,1.18000000,28031.40000000,1.174
1749261116,1.18100000,3470.60000000,1.174
1749261116,1.18200000,2969.60000000,1.174
1749261116,1.18300000,3493.10000000,1.174
1749261116,1.18400000,11364.20000000,1.174
1749261116,1.18500000,51679.10000000,1.174
1749261116,1.18600000,9705.60000000,1.174
1749261116,1.18700000,10793.90000000,1.174
1749261116,1.18800000,17168.40000000,1.174
1749261116,1.18900000,4440.20000000,1.174
1749261116,1.19000000,31814.90000000,1.174
1749261116,1.19100000,2393.30000000,1.174
1749261116,1.19200000,4886.50000000,1.174
1749261116,1.19300000,16615.60000000,1.174
1749261116,1.19400000,99798.30000000,1.174
1749261116,1.19500000,1680.10000000,1.174
1749261116,1.19600000,4122.30000000,1.174
1749261116,1.19700000,5005.50000000,1.174
1749261116,1.19800000,1461.70000000,1.174
1749261116,1.19900000,12942.90000000,1.174
1749261116,1.20000000,39454.60000000,1.174
1749261116,1.20100000,1361.40000000,1.174
1749261116,1.20200000,115.70000000,1.174
1749261116,1.20300000,1406.70000000,1.174
1749261116,1.20400000,4957.60000000,1.174
1749261116,1.20500000,3392.70000000,1.174
1749261116,1.20600000,1779.10000000,1.174
1749261116,1.20700000,1458.90000000,1.174
1749261116,1.20800000,92.90000000,1.174
1749261116,1.20900000,1365.20000000,1.174
1749261116,1.21000000,4113.80000000,1.174
1749261116,1.21100000,1875.90000000,1.174
1749261116,1.21200000,27.80000000,1.174
1749261116,1.21300000,135.30000000,1.174
1749261116,1.21400000,42.00000000,1.174
1749261116,1.21500000,195.40000000,1.174
1749261116,1.21600000,3566.10000000,1.174
1749261116,1.21700000,226.60000000,1.174
1749261116,1.21800000,79.80000000,1.174
1749261116,1.21900000,21.60000000,1.174
1749261116,1.22000000,2874.40000000,1.174
1749261116,1.22100000,80.00000000,1.174
1749261116,1.22200000,222.30000000,1.174
1749261116,1.22300000,434.60000000,1.174
1749261116,1.22400000,871.50000000,1.174
1749261116,1.22500000,294.00000000,1.174
1749261116,1.22600000,679.10000000,1.174
1749261116,1.22700000,4059.20000000,1.174
1749261116,1.22800000,5.10000000,1.174
1749261116,1.22900000,1838.60000000,1.174
1749261116,1.23000000,3358.40000000,1.174
1749261116,1.23100000,81.30000000,1.174
1749261116,1.23200000,3532.00000000,1.174
1749261116,1.23300000,2023.40000000,1.174
1749261116,1.23400000,182.60000000,1.174
1749261116,1.23500000,1683.60000000,1.174
1749261116,1.23600000,1625.00000000,1.174
1749261116,1.23700000,505.10000000,1.174
1749261116,1.23800000,678.00000000,1.174
1749261116,1.23900000,54.60000000,1.174
1749261116,1.24000000,6714.40000000,1.174
1749261116,1.24100000,40.60000000,1.174
1749261116,1.24200000,318.20000000,1.174
1749261116,1.24300000,1891.90000000,1.174
1749261116,1.24400000,239.10000000,1.174
1749261116,1.24500000,100906.10000000,1.174
1749261116,1.24600000,436.60000000,1.174
1749261116,1.24700000,22942.90000000,1.174
1749261116,1.24800000,118.90000000,1.174
1749261116,1.24900000,612.10000000,1.174
1749261116,1.25000000,10425.50000000,1.174
1749261116,1.25100000,314.40000000,1.174
1749261116,1.25200000,220.10000000,1.174
1749261116,1.25300000,112.90000000,1.174
1749261116,1.25400000,8.00000000,1.174
1749261116,1.25500000,960.10000000,1.174
1749261116,1.25600000,1916.00000000,1.174
1749261116,1.25700000,529.40000000,1.174
1749261116,1.25800000,57.50000000,1.174
1749261116,1.25900000,58.00000000,1.174
1749261116,1.26000000,8508.60000000,1.174
1749261116,1.26100000,64.40000000,1.174
1749261116,1.26200000,25.70000000,1.174
1749261116,1.26300000,969.10000000,1.174
1749261116,1.26400000,28.30000000,1.174
1749261116,1.26500000,1483.70000000,1.174
1749261116,1.26600000,462.20000000,1.174
1749261116,1.26700000,1416.50000000,1.174
1749261116,1.26800000,8428.50000000,1.174
1749261116,1.27000000,3332.30000000,1.174
1749261116,1.27100000,2428.50000000,1.174
1749261116,1.27200000,39.50000000,1.174
1749261116,1.27400000,57.70000000,1.174
1749261116,1.27500000,964.20000000,1.174
1749261116,1.27600000,5.10000000,1.174
1749261434,1.16900000,13671.50000000,1.168
1749261434,1.17000000,55641.30000000,1.168
1749261434,1.17100000,48994.40000000,1.168
1749261434,1.17200000,33407.90000000,1.168
1749261434,1.17300000,14059.90000000,1.168
1749261434,1.17400000,17154.60000000,1.168
1749261434,1.17500000,20086.80000000,1.168
1749261434,1.17600000,14215.70000000,1.168
1749261434,1.17700000,53587.80000000,1.168
1749261434,1.17800000,5162.00000000,1.168
1749261434,1.17900000,18601.30000000,1.168
1749261434,1.18000000,17860.50000000,1.168
1749261434,1.18100000,2903.60000000,1.168
1749261434,1.18200000,2379.90000000,1.168
1749261434,1.18300000,25546.90000000,1.168
1749261434,1.18400000,3257.40000000,1.168
1749261434,1.18500000,2781.00000000,1.168
1749261434,1.18600000,3094.30000000,1.168
1749261434,1.18700000,17586.90000000,1.168
1749261434,1.18800000,47210.40000000,1.168
1749261434,1.18900000,4438.80000000,1.168
1749261434,1.19000000,87608.00000000,1.168
1749261434,1.19100000,2398.30000000,1.168
1749261434,1.19200000,6538.80000000,1.168
1749261434,1.19300000,2563.50000000,1.168
1749261434,1.19400000,1770.90000000,1.168
1749261434,1.19500000,1685.10000000,1.168
1749261434,1.19600000,1361.40000000,1.168
1749261434,1.19700000,5010.50000000,1.168
1749261434,1.19800000,1381.10000000,1.168
1749261434,1.19900000,12947.90000000,1.168
1749261434,1.20000000,41505.10000000,1.168
1749261434,1.20100000,2243.60000000,1.168
1749261434,1.20200000,120.70000000,1.168
1749261434,1.20300000,1411.70000000,1.168
1749261434,1.20400000,4962.60000000,1.168
1749261434,1.20500000,2520.50000000,1.168
1749261434,1.20600000,1784.10000000,1.168
1749261434,1.20700000,1463.90000000,1.168
1749261434,1.20800000,97.90000000,1.168
1749261434,1.20900000,20.20000000,1.168
1749261434,1.21000000,3190.00000000,1.168
1749261434,1.21100000,530.90000000,1.168
1749261434,1.21200000,32.80000000,1.168
1749261434,1.21300000,140.30000000,1.168
1749261434,1.21400000,47.00000000,1.168
1749261434,1.21500000,200.40000000,1.168
1749261434,1.21600000,3571.10000000,1.168
1749261434,1.21700000,231.60000000,1.168
1749261434,1.21800000,84.80000000,1.168
1749261434,1.21900000,26.60000000,1.168
1749261434,1.22000000,2879.40000000,1.168
1749261434,1.22100000,80.00000000,1.168
1749261434,1.22200000,222.30000000,1.168
1749261434,1.22300000,569.60000000,1.168
1749261434,1.22400000,871.50000000,1.168
1749261434,1.22500000,159.00000000,1.168
1749261434,1.22600000,679.10000000,1.168
1749261434,1.22700000,7535.10000000,1.168
1749261434,1.22800000,5.10000000,1.168
1749261434,1.22900000,1838.60000000,1.168
1749261434,1.23000000,3358.40000000,1.168
1749261434,1.23100000,81.30000000,1.168
1749261434,1.23200000,56.70000000,1.168
1749261434,1.23300000,2023.40000000,1.168
1749261434,1.23400000,182.60000000,1.168
1749261434,1.23500000,1683.60000000,1.168
1749261434,1.23600000,1625.00000000,1.168
1749261434,1.23700000,505.10000000,1.168
1749261434,1.23800000,678.00000000,1.168
1749261434,1.23900000,54.60000000,1.168
1749261434,1.24000000,6714.40000000,1.168
1749261434,1.24100000,40.60000000,1.168
1749261434,1.24200000,318.20000000,1.168
1749261434,1.24300000,1891.90000000,1.168
1749261434,1.24400000,239.10000000,1.168
1749261434,1.24500000,100906.10000000,1.168
1749261434,1.24600000,436.60000000,1.168
1749261434,1.24700000,22942.90000000,1.168
1749261434,1.24800000,118.90000000,1.168
1749261434,1.24900000,612.10000000,1.168
1749261434,1.25000000,10425.50000000,1.168
1749261434,1.25100000,314.40000000,1.168
1749261434,1.25200000,220.10000000,1.168
1749261434,1.25300000,112.90000000,1.168
1749261434,1.25400000,8.00000000,1.168
1749261434,1.25500000,960.10000000,1.168
1749261434,1.25600000,1916.00000000,1.168
1749261434,1.25700000,529.40000000,1.168
1749261434,1.25800000,57.50000000,1.168
1749261434,1.25900000,58.00000000,1.168
1749261434,1.26000000,8508.60000000,1.168
1749261434,1.26100000,64.40000000,1.168
1749261434,1.26200000,25.70000000,1.168
1749261434,1.26300000,969.10000000,1.168
1749261434,1.26400000,28.30000000,1.168
1749261434,1.26500000,1223.70000000,1.168
1749261434,1.26600000,462.20000000,1.168
1749261434,1.26700000,1416.50000000,1.168
1749261434,1.26800000,8428.50000000,1.168
1749261745,1.16600000,14174.90000000,1.165
1749261745,1.16700000,71199.30000000,1.165
1749261745,1.16800000,45870.20000000,1.165
1749261745,1.16900000,33044.20000000,1.165
1749261745,1.17000000,37873.30000000,1.165
1749261745,1.17100000,6562.80000000,1.165
1749261745,1.17200000,6714.40000000,1.165
1749261745,1.17300000,3022.90000000,1.165
1749261745,1.17400000,2924.80000000,1.165
1749261745,1.17500000,11026.20000000,1.165
1749261745,1.17600000,19106.40000000,1.165
1749261745,1.17700000,42341.10000000,1.165
1749261745,1.17800000,18112.10000000,1.165
1749261745,1.17900000,25971.80000000,1.165
1749261745,1.18000000,11076.20000000,1.165
1749261745,1.18100000,17932.00000000,1.165
1749261745,1.18200000,2379.90000000,1.165
1749261745,1.18300000,2942.40000000,1.165
1749261745,1.18400000,3253.20000000,1.165
1749261745,1.18500000,99925.70000000,1.165
1749261745,1.18600000,1697.30000000,1.165
1749261745,1.18700000,3120.50000000,1.165
1749261745,1.18800000,4021.20000000,1.165
1749261745,1.18900000,3477.70000000,1.165
1749261745,1.19000000,32908.20000000,1.165
1749261745,1.19100000,1437.20000000,1.165
1749261745,1.19200000,4891.50000000,1.165
1749261745,1.19300000,1479.90000000,1.165
1749261745,1.19400000,1770.90000000,1.165
1749261745,1.19500000,1685.10000000,1.165
1749261745,1.19600000,1361.40000000,1.165
1749261745,1.19700000,5887.70000000,1.165
1749261745,1.19800000,1381.10000000,1.165
1749261745,1.19900000,12947.90000000,1.165
1749261745,1.20000000,40126.10000000,1.165
1749261745,1.20100000,1366.40000000,1.165
1749261745,1.20200000,120.70000000,1.165
1749261745,1.20300000,1411.70000000,1.165
1749261745,1.20400000,3612.60000000,1.165
1749261745,1.20500000,1170.50000000,1.165
1749261745,1.20600000,1270.30000000,1.165
1749261745,1.20700000,113.90000000,1.165
1749261745,1.20800000,97.90000000,1.165
1749261745,1.20900000,20.20000000,1.165
1749261745,1.21000000,2353.80000000,1.165
1749261745,1.21100000,530.90000000,1.165
1749261745,1.21200000,32.80000000,1.165
1749261745,1.21300000,140.30000000,1.165
1749261745,1.21400000,47.00000000,1.165
1749261745,1.21500000,3704.40000000,1.165
1749261745,1.21600000,41.10000000,1.165
1749261745,1.21700000,231.60000000,1.165
1749261745,1.21800000,84.80000000,1.165
1749261745,1.21900000,161.60000000,1.165
1749261745,1.22000000,2879.40000000,1.165
1749261745,1.22100000,80.00000000,1.165
1749261745,1.22200000,222.30000000,1.165
1749261745,1.22300000,434.60000000,1.165
1749261745,1.22400000,871.50000000,1.165
1749261745,1.22500000,159.00000000,1.165
1749261745,1.22600000,679.10000000,1.165
1749261745,1.22700000,4059.20000000,1.165
1749261745,1.22800000,3448.20000000,1.165
1749261745,1.22900000,1838.60000000,1.165
1749261745,1.23000000,3358.40000000,1.165
1749261745,1.23100000,81.30000000,1.165
1749261745,1.23200000,56.70000000,1.165
1749261745,1.23300000,2023.40000000,1.165
1749261745,1.23400000,182.60000000,1.165
1749261745,1.23500000,1683.60000000,1.165
1749261745,1.23600000,1625.00000000,1.165
1749261745,1.23700000,505.10000000,1.165
1749261745,1.23800000,678.00000000,1.165
1749261745,1.23900000,54.60000000,1.165
1749261745,1.24000000,6714.40000000,1.165
1749261745,1.24100000,40.60000000,1.165
1749261745,1.24200000,318.20000000,1.165
1749261745,1.24300000,1891.90000000,1.165
1749261745,1.24400000,45.20000000,1.165
1749261745,1.24500000,100906.10000000,1.165
1749261745,1.24600000,436.60000000,1.165
1749261745,1.24700000,22942.90000000,1.165
1749261745,1.24800000,118.90000000,1.165
1749261745,1.24900000,612.10000000,1.165
1749261745,1.25000000,11049.40000000,1.165
1749261745,1.25100000,314.40000000,1.165
1749261745,1.25200000,220.10000000,1.165
1749261745,1.25300000,112.90000000,1.165
1749261745,1.25400000,8.00000000,1.165
1749261745,1.25500000,960.10000000,1.165
1749261745,1.25600000,1916.00000000,1.165
1749261745,1.25700000,529.40000000,1.165
1749261745,1.25800000,57.50000000,1.165
1749261745,1.25900000,58.00000000,1.165
1749261745,1.26000000,8508.60000000,1.165
1749261745,1.26100000,64.40000000,1.165
1749261745,1.26200000,25.70000000,1.165
1749261745,1.26300000,969.10000000,1.165
1749261745,1.26400000,28.30000000,1.165
1749261745,1.26500000,1223.70000000,1.165
1749262053,1.16200000,10253.50000000,1.161
1749262053,1.16300000,78871.00000000,1.161
1749262053,1.16400000,47531.30000000,1.161
1749262053,1.16500000,32815.40000000,1.161
1749262053,1.16600000,28146.20000000,1.161
1749262053,1.16700000,24122.70000000,1.161
1749262053,1.16800000,7174.40000000,1.161
1749262053,1.16900000,9257.90000000,1.161
1749262053,1.17000000,7958.90000000,1.161
1749262053,1.17100000,12404.80000000,1.161
1749262053,1.17200000,24163.60000000,1.161
1749262053,1.17300000,2447.20000000,1.161
1749262053,1.17400000,11049.70000000,1.161
1749262053,1.17500000,2452.60000000,1.161
1749262053,1.17600000,3194.40000000,1.161
1749262053,1.17700000,35944.10000000,1.161
1749262053,1.17800000,17199.10000000,1.161
1749262053,1.17900000,2440.40000000,1.161
1749262053,1.18000000,11076.20000000,1.161
1749262053,1.18100000,17500.60000000,1.161
1749262053,1.18200000,100833.10000000,1.161
1749262053,1.18300000,3624.90000000,1.161
1749262053,1.18400000,1523.80000000,1.161
1749262053,1.18500000,3920.90000000,1.161
1749262053,1.18600000,1697.30000000,1.161
1749262053,1.18700000,2562.30000000,1.161
1749262053,1.18800000,3935.60000000,1.161
1749262053,1.18900000,1374.10000000,1.161
1749262053,1.19000000,31824.60000000,1.161
1749262053,1.19100000,1437.20000000,1.161
1749262053,1.19200000,4891.50000000,1.161
1749262053,1.19300000,1479.90000000,1.161
1749262053,1.19400000,1770.90000000,1.161
1749262053,1.19500000,1685.10000000,1.161
1749262053,1.19600000,1361.40000000,1.161
1749262053,1.19700000,5887.70000000,1.161
1749262053,1.19800000,1381.10000000,1.161
1749262053,1.19900000,12947.90000000,1.161
1749262053,1.20000000,38776.10000000,1.161
1749262053,1.20100000,16.40000000,1.161
1749262053,1.20200000,956.90000000,1.161
1749262053,1.20300000,61.70000000,1.161
1749262053,1.20400000,3612.60000000,1.161
1749262053,1.20500000,1170.50000000,1.161
1749262053,1.20600000,434.10000000,1.161
1749262053,1.20700000,113.90000000,1.161
1749262053,1.20800000,97.90000000,1.161
1749262053,1.20900000,20.20000000,1.161
1749262053,1.21000000,2353.80000000,1.161
1749262053,1.21100000,530.90000000,1.161
1749262053,1.21200000,32.80000000,1.161
1749262053,1.21300000,140.30000000,1.161
1749262053,1.21400000,47.00000000,1.161
1749262053,1.21500000,3839.40000000,1.161
1749262053,1.21600000,41.10000000,1.161
1749262053,1.21700000,231.60000000,1.161
1749262053,1.21800000,84.80000000,1.161
1749262053,1.21900000,26.60000000,1.161
1749262053,1.22000000,2879.40000000,1.161
1749262053,1.22100000,80.00000000,1.161
1749262053,1.22200000,222.30000000,1.161
1749262053,1.22300000,3878.10000000,1.161
1749262053,1.22400000,871.50000000,1.161
1749262053,1.22500000,159.00000000,1.161
1749262053,1.22600000,3035.00000000,1.161
1749262053,1.22700000,4059.20000000,1.161
1749262053,1.22800000,5.10000000,1.161
1749262053,1.22900000,1838.60000000,1.161
1749262053,1.23000000,3358.40000000,1.161
1749262053,1.23100000,81.30000000,1.161
1749262053,1.23200000,56.70000000,1.161
1749262053,1.23300000,2023.40000000,1.161
1749262053,1.23400000,182.60000000,1.161
1749262053,1.23500000,1683.60000000,1.161
1749262053,1.23600000,1625.00000000,1.161
1749262053,1.23700000,505.10000000,1.161
1749262053,1.23800000,678.00000000,1.161
1749262053,1.23900000,54.60000000,1.161
1749262053,1.24000000,6714.40000000,1.161
1749262053,1.24100000,40.60000000,1.161
1749262053,1.24200000,318.20000000,1.161
1749262053,1.24300000,1891.90000000,1.161
1749262053,1.24400000,45.20000000,1.161
1749262053,1.24500000,100906.10000000,1.161
1749262053,1.24600000,436.60000000,1.161
1749262053,1.24700000,22942.90000000,1.161
1749262053,1.24800000,118.90000000,1.161
1749262053,1.24900000,612.10000000,1.161
1749262053,1.25000000,11049.40000000,1.161
1749262053,1.25100000,314.40000000,1.161
1749262053,1.25200000,220.10000000,1.161
1749262053,1.25300000,112.90000000,1.161
1749262053,1.25400000,8.00000000,1.161
1749262053,1.25500000,960.10000000,1.161
1749262053,1.25600000,1916.00000000,1.161
1749262053,1.25700000,529.40000000,1.161
1749262053,1.25800000,57.50000000,1.161
1749262053,1.25900000,58.00000000,1.161
1749262053,1.26000000,8508.60000000,1.161
1749262053,1.26100000,64.40000000,1.161
1749262359,1.17000000,10640.80000000,1.169
1749262359,1.17100000,43205.10000000,1.169
1749262359,1.17200000,42406.50000000,1.169
1749262359,1.17300000,30921.50000000,1.169
1749262359,1.17400000,23972.60000000,1.169
1749262359,1.17500000,16164.80000000,1.169
1749262359,1.17600000,4723.30000000,1.169
1749262359,1.17700000,2982.80000000,1.169
1749262359,1.17800000,11468.60000000,1.169
1749262359,1.17900000,4371.20000000,1.169
1749262359,1.18000000,82801.40000000,1.169
1749262359,1.18100000,17164.40000000,1.169
1749262359,1.18200000,10173.50000000,1.169
1749262359,1.18300000,1981.30000000,1.169
1749262359,1.18400000,1438.20000000,1.169
1749262359,1.18500000,4350.40000000,1.169
1749262359,1.18600000,16838.00000000,1.169
1749262359,1.18700000,57512.60000000,1.169
1749262359,1.18800000,1407.90000000,1.169
1749262359,1.18900000,43645.80000000,1.169
1749262359,1.19000000,31824.60000000,1.169
1749262359,1.19100000,1437.20000000,1.169
1749262359,1.19200000,4977.10000000,1.169
1749262359,1.19300000,4231.00000000,1.169
1749262359,1.19400000,1770.90000000,1.169
1749262359,1.19500000,1685.10000000,1.169
1749262359,1.19600000,1361.40000000,1.169
1749262359,1.19700000,5010.50000000,1.169
1749262359,1.19800000,1381.10000000,1.169
1749262359,1.19900000,12947.90000000,1.169
1749262359,1.20000000,40549.30000000,1.169
1749262359,1.20100000,16.40000000,1.169
1749262359,1.20200000,2347.90000000,1.169
1749262359,1.20300000,61.70000000,1.169
1749262359,1.20400000,4962.60000000,1.169
1749262359,1.20500000,2520.50000000,1.169
1749262359,1.20600000,2620.30000000,1.169
1749262359,1.20700000,113.90000000,1.169
1749262359,1.20800000,1447.90000000,1.169
1749262359,1.20900000,20.20000000,1.169
1749262359,1.21000000,3703.80000000,1.169
1749262359,1.21100000,530.90000000,1.169
1749262359,1.21200000,167.80000000,1.169
1749262359,1.21300000,140.30000000,1.169
1749262359,1.21400000,47.00000000,1.169
1749262359,1.21500000,200.40000000,1.169
1749262359,1.21600000,3537.10000000,1.169
1749262359,1.21700000,231.60000000,1.169
1749262359,1.21800000,84.80000000,1.169
1749262359,1.21900000,26.60000000,1.169
1749262359,1.22000000,6357.40000000,1.169
1749262359,1.22100000,80.00000000,1.169
1749262359,1.22200000,222.30000000,1.169
1749262359,1.22300000,434.60000000,1.169
1749262359,1.22400000,871.50000000,1.169
1749262359,1.22500000,159.00000000,1.169
1749262359,1.22600000,3035.00000000,1.169
1749262359,1.22700000,4059.20000000,1.169
1749262359,1.22800000,5.10000000,1.169
1749262359,1.22900000,1838.60000000,1.169
1749262359,1.23000000,3358.40000000,1.169
1749262359,1.23100000,81.30000000,1.169
1749262359,1.23200000,56.70000000,1.169
1749262359,1.23300000,2023.40000000,1.169
1749262359,1.23400000,182.60000000,1.169
1749262359,1.23500000,1683.60000000,1.169
1749262359,1.23600000,1625.00000000,1.169
1749262359,1.23700000,505.10000000,1.169
1749262359,1.23800000,678.00000000,1.169
1749262359,1.23900000,54.60000000,1.169
1749262359,1.24000000,6714.40000000,1.169
1749262359,1.24100000,40.60000000,1.169
1749262359,1.24200000,318.20000000,1.169
1749262359,1.24300000,1891.90000000,1.169
1749262359,1.24400000,45.20000000,1.169
1749262359,1.24500000,100906.10000000,1.169
1749262359,1.24600000,436.60000000,1.169
1749262359,1.24700000,22942.90000000,1.169
1749262359,1.24800000,118.90000000,1.169
1749262359,1.24900000,612.10000000,1.169
1749262359,1.25000000,11049.40000000,1.169
1749262359,1.25100000,314.40000000,1.169
1749262359,1.25200000,220.10000000,1.169
1749262359,1.25300000,112.90000000,1.169
1749262359,1.25400000,8.00000000,1.169
1749262359,1.25500000,960.10000000,1.169
1749262359,1.25600000,1916.00000000,1.169
1749262359,1.25700000,529.40000000,1.169
1749262359,1.25800000,57.50000000,1.169
1749262359,1.25900000,58.00000000,1.169
1749262359,1.26000000,8508.60000000,1.169
1749262359,1.26100000,64.40000000,1.169
1749262359,1.26200000,25.70000000,1.169
1749262359,1.26300000,969.10000000,1.169
1749262359,1.26400000,28.30000000,1.169
1749262359,1.26500000,1223.70000000,1.169
1749262359,1.26600000,462.20000000,1.169
1749262359,1.26700000,1416.50000000,1.169
1749262359,1.26800000,8428.50000000,1.169
1749262359,1.27000000,3332.30000000,1.169
1749262661,1.17400000,16256.90000000,1.173
1749262661,1.17500000,40684.90000000,1.173
1749262661,1.17600000,24399.10000000,1.173
1749262661,1.17700000,11805.10000000,1.173
1749262661,1.17800000,25177.40000000,1.173
1749262661,1.17900000,17285.50000000,1.173
1749262661,1.18000000,25957.20000000,1.173
1749262661,1.18100000,2958.70000000,1.173
1749262661,1.18200000,10938.90000000,1.173
1749262661,1.18300000,18233.40000000,1.173
1749262661,1.18400000,9452.00000000,1.173
1749262661,1.18500000,2348.60000000,1.173
1749262661,1.18600000,39436.10000000,1.173
1749262661,1.18700000,1478.70000000,1.173
1749262661,1.18800000,1837.40000000,1.173
1749262661,1.18900000,1374.10000000,1.173
1749262661,1.19000000,31824.60000000,1.173
1749262661,1.19100000,1437.20000000,1.173
1749262661,1.19200000,4891.50000000,1.173
1749262661,1.19300000,45277.40000000,1.173
1749262661,1.19400000,57373.80000000,1.173
1749262661,1.19500000,11392.30000000,1.173
1749262661,1.19600000,2530.60000000,1.173
1749262661,1.19700000,5010.50000000,1.173
1749262661,1.19800000,1381.10000000,1.173
1749262661,1.19900000,3250.70000000,1.173
1749262661,1.20000000,40965.90000000,1.173
1749262661,1.20100000,16.40000000,1.173
1749262661,1.20200000,1470.70000000,1.173
1749262661,1.20300000,61.70000000,1.173
1749262661,1.20400000,4962.60000000,1.173
1749262661,1.20500000,2520.50000000,1.173
1749262661,1.20600000,2661.30000000,1.173
1749262661,1.20700000,113.90000000,1.173
1749262661,1.20800000,1447.90000000,1.173
1749262661,1.20900000,20.20000000,1.173
1749262661,1.21000000,4540.00000000,1.173
1749262661,1.21100000,1880.90000000,1.173
1749262661,1.21200000,32.80000000,1.173
1749262661,1.21300000,1490.30000000,1.173
1749262661,1.21400000,47.00000000,1.173
1749262661,1.21500000,1550.40000000,1.173
1749262661,1.21600000,3537.10000000,1.173
1749262661,1.21700000,366.60000000,1.173
1749262661,1.21800000,84.80000000,1.173
1749262661,1.21900000,26.60000000,1.173
1749262661,1.22000000,3289.20000000,1.173
1749262661,1.22100000,80.00000000,1.173
1749262661,1.22200000,222.30000000,1.173
1749262661,1.22300000,434.60000000,1.173
1749262661,1.22400000,871.50000000,1.173
1749262661,1.22500000,159.00000000,1.173
1749262661,1.22600000,3035.00000000,1.173
1749262661,1.22700000,4059.20000000,1.173
1749262661,1.22800000,5.10000000,1.173
1749262661,1.22900000,5314.30000000,1.173
1749262661,1.23000000,3358.40000000,1.173
1749262661,1.23100000,81.30000000,1.173
1749262661,1.23200000,56.70000000,1.173
1749262661,1.23300000,2023.40000000,1.173
1749262661,1.23400000,182.60000000,1.173
1749262661,1.23500000,1400.00000000,1.173
1749262661,1.23600000,1625.00000000,1.173
1749262661,1.23700000,505.10000000,1.173
1749262661,1.23800000,678.00000000,1.173
1749262661,1.23900000,54.60000000,1.173
1749262661,1.24000000,6956.30000000,1.173
1749262661,1.24100000,40.60000000,1.173
1749262661,1.24200000,318.20000000,1.173
1749262661,1.24300000,1891.90000000,1.173
1749262661,1.24400000,45.20000000,1.173
1749262661,1.24500000,100906.10000000,1.173
1749262661,1.24600000,436.60000000,1.173
1749262661,1.24700000,22942.90000000,1.173
1749262661,1.24800000,118.90000000,1.173
1749262661,1.24900000,612.10000000,1.173
1749262661,1.25000000,11049.40000000,1.173
1749262661,1.25100000,314.40000000,1.173
1749262661,1.25200000,220.10000000,1.173
1749262661,1.25300000,112.90000000,1.173
1749262661,1.25400000,8.00000000,1.173
1749262661,1.25500000,960.10000000,1.173
1749262661,1.25600000,1916.00000000,1.173
1749262661,1.25700000,529.40000000,1.173
1749262661,1.25800000,57.50000000,1.173
1749262661,1.25900000,58.00000000,1.173
1749262661,1.26000000,9057.40000000,1.173
1749262661,1.26100000,64.40000000,1.173
1749262661,1.26200000,25.70000000,1.173
1749262661,1.26300000,969.10000000,1.173
1749262661,1.26400000,28.30000000,1.173
1749262661,1.26500000,1223.70000000,1.173
1749262661,1.26600000,462.20000000,1.173
1749262661,1.26700000,1416.50000000,1.173
1749262661,1.26800000,8428.50000000,1.173
1749262661,1.27000000,3332.30000000,1.173
1749262661,1.27100000,72.60000000,1.173
1749262661,1.27200000,39.50000000,1.173
1749262661,1.27400000,57.70000000,1.173
1749262661,1.27500000,964.20000000,1.173
1749262962,1.16600000,8103.60000000,1.166
1749262962,1.16700000,60096.70000000,1.166
1749262962,1.16800000,41204.60000000,1.166
1749262962,1.16900000,22999.10000000,1.166
1749262962,1.17000000,34899.10000000,1.166
1749262962,1.17100000,6036.70000000,1.166
1749262962,1.17200000,18366.10000000,1.166
1749262962,1.17300000,5961.50000000,1.166
1749262962,1.17400000,13616.50000000,1.166
1749262962,1.17500000,18829.50000000,1.166
1749262962,1.17600000,4110.40000000,1.166
1749262962,1.17700000,8830.30000000,1.166
1749262962,1.17800000,2426.40000000,1.166
1749262962,1.17900000,25480.90000000,1.166
1749262962,1.18000000,48098.50000000,1.166
1749262962,1.18100000,2366.40000000,1.166
1749262962,1.18200000,2809.40000000,1.166
1749262962,1.18300000,2948.80000000,1.166
1749262962,1.18400000,44855.90000000,1.166
1749262962,1.18500000,2348.60000000,1.166
1749262962,1.18600000,1697.30000000,1.166
1749262962,1.18700000,73150.40000000,1.166
1749262962,1.18800000,1493.50000000,1.166
1749262962,1.18900000,3027.90000000,1.166
1749262962,1.19000000,32908.20000000,1.166
1749262962,1.19100000,1437.20000000,1.166
1749262962,1.19200000,4891.50000000,1.166
1749262962,1.19300000,1479.90000000,1.166
1749262962,1.19400000,1770.90000000,1.166
1749262962,1.19500000,11392.30000000,1.166
1749262962,1.19600000,1361.40000000,1.166
1749262962,1.19700000,5010.50000000,1.166
1749262962,1.19800000,2258.30000000,1.166
1749262962,1.19900000,3250.70000000,1.166
1749262962,1.20000000,38832.70000000,1.166
1749262962,1.20100000,16.40000000,1.166
1749262962,1.20200000,1470.70000000,1.166
1749262962,1.20300000,61.70000000,1.166
1749262962,1.20400000,4962.60000000,1.166
1749262962,1.20500000,2520.50000000,1.166
1749262962,1.20600000,2620.30000000,1.166
1749262962,1.20700000,113.90000000,1.166
1749262962,1.20800000,1447.90000000,1.166
1749262962,1.20900000,20.20000000,1.166
1749262962,1.21000000,3703.80000000,1.166
1749262962,1.21100000,530.90000000,1.166
1749262962,1.21200000,32.80000000,1.166
1749262962,1.21300000,140.30000000,1.166
1749262962,1.21400000,47.00000000,1.166
1749262962,1.21500000,3704.40000000,1.166
1749262962,1.21600000,41.10000000,1.166
1749262962,1.21700000,366.60000000,1.166
1749262962,1.21800000,84.80000000,1.166
1749262962,1.21900000,26.60000000,1.166
1749262962,1.22000000,3289.20000000,1.166
1749262962,1.22100000,80.00000000,1.166
1749262962,1.22200000,222.30000000,1.166
1749262962,1.22300000,434.60000000,1.166
1749262962,1.22400000,871.50000000,1.166
1749262962,1.22500000,159.00000000,1.166
1749262962,1.22600000,3035.00000000,1.166
1749262962,1.22700000,4059.20000000,1.166
1749262962,1.22800000,3480.90000000,1.166
1749262962,1.22900000,1838.60000000,1.166
1749262962,1.23000000,3358.40000000,1.166
1749262962,1.23100000,81.30000000,1.166
1749262962,1.23200000,56.70000000,1.166
1749262962,1.23300000,2023.40000000,1.166
1749262962,1.23400000,182.60000000,1.166
1749262962,1.23500000,1400.00000000,1.166
1749262962,1.23600000,1625.00000000,1.166
1749262962,1.23700000,505.10000000,1.166
1749262962,1.23800000,678.00000000,1.166
1749262962,1.23900000,54.60000000,1.166
1749262962,1.24000000,7002.40000000,1.166
1749262962,1.24100000,40.60000000,1.166
1749262962,1.24200000,318.20000000,1.166
1749262962,1.24300000,1891.90000000,1.166
1749262962,1.24400000,45.20000000,1.166
1749262962,1.24500000,100906.10000000,1.166
1749262962,1.24600000,436.60000000,1.166
1749262962,1.24700000,22942.90000000,1.166
1749262962,1.24800000,118.90000000,1.166
1749262962,1.24900000,612.10000000,1.166
1749262962,1.25000000,11049.40000000,1.166
1749262962,1.25100000,314.40000000,1.166
1749262962,1.25200000,220.10000000,1.166
1749262962,1.25300000,112.90000000,1.166
1749262962,1.25400000,8.00000000,1.166
1749262962,1.25500000,960.10000000,1.166
1749262962,1.25600000,1916.00000000,1.166
1749262962,1.25700000,529.40000000,1.166
1749262962,1.25800000,57.50000000,1.166
1749262962,1.25900000,58.00000000,1.166
1749262962,1.26000000,9057.40000000,1.166
1749262962,1.26100000,64.40000000,1.166
1749262962,1.26200000,25.70000000,1.166
1749262962,1.26300000,969.10000000,1.166
1749262962,1.26400000,28.30000000,1.166
1749262962,1.26500000,1223.70000000,1.166
1749263270,1.17200000,3141.90000000,1.171
1749263270,1.17300000,31899.30000000,1.171
1749263270,1.17400000,52078.00000000,1.171
1749263270,1.17500000,37482.00000000,1.171
1749263270,1.17600000,44064.10000000,1.171
1749263270,1.17700000,4358.90000000,1.171
1749263270,1.17800000,3814.30000000,1.171
1749263270,1.17900000,3076.50000000,1.171
1749263270,1.18000000,58229.10000000,1.171
1749263270,1.18100000,17769.80000000,1.171
1749263270,1.18200000,9465.70000000,1.171
1749263270,1.18300000,10651.20000000,1.171
1749263270,1.18400000,17816.30000000,1.171
1749263270,1.18500000,2778.10000000,1.171
1749263270,1.18600000,1697.30000000,1.171
1749263270,1.18700000,17452.60000000,1.171
1749263270,1.18800000,3935.60000000,1.171
1749263270,1.18900000,1374.10000000,1.171
1749263270,1.19000000,32251.70000000,1.171
1749263270,1.19100000,44064.70000000,1.171
1749263270,1.19200000,60352.10000000,1.171
1749263270,1.19300000,1565.50000000,1.171
1749263270,1.19400000,4516.10000000,1.171
1749263270,1.19500000,11392.30000000,1.171
1749263270,1.19600000,1361.40000000,1.171
1749263270,1.19700000,5010.50000000,1.171
1749263270,1.19800000,2732.20000000,1.171
1749263270,1.19900000,3250.70000000,1.171
1749263270,1.20000000,38832.70000000,1.171
1749263270,1.20100000,16.40000000,1.171
1749263270,1.20200000,1470.70000000,1.171
1749263270,1.20300000,61.70000000,1.171
1749263270,1.20400000,4962.60000000,1.171
1749263270,1.20500000,2520.50000000,1.171
1749263270,1.20600000,2661.30000000,1.171
1749263270,1.20700000,113.90000000,1.171
1749263270,1.20800000,1447.90000000,1.171
1749263270,1.20900000,20.20000000,1.171
1749263270,1.21000000,4540.00000000,1.171
1749263270,1.21100000,1880.90000000,1.171
1749263270,1.21200000,32.80000000,1.171
1749263270,1.21300000,140.30000000,1.171
1749263270,1.21400000,47.00000000,1.171
1749263270,1.21500000,200.40000000,1.171
1749263270,1.21600000,3541.10000000,1.171
1749263270,1.21700000,231.60000000,1.171
1749263270,1.21800000,219.80000000,1.171
1749263270,1.21900000,26.60000000,1.171
1749263270,1.22000000,3289.20000000,1.171
1749263270,1.22100000,80.00000000,1.171
1749263270,1.22200000,222.30000000,1.171
1749263270,1.22300000,434.60000000,1.171
1749263270,1.22400000,871.50000000,1.171
1749263270,1.22500000,159.00000000,1.171
1749263270,1.22600000,3035.00000000,1.171
1749263270,1.22700000,4059.20000000,1.171
1749263270,1.22800000,5.10000000,1.171
1749263270,1.22900000,1838.60000000,1.171
1749263270,1.23000000,3358.40000000,1.171
1749263270,1.23100000,81.30000000,1.171
1749263270,1.23200000,3532.10000000,1.171
1749263270,1.23300000,2023.40000000,1.171
1749263270,1.23400000,182.60000000,1.171
1749263270,1.23500000,1400.00000000,1.171
1749263270,1.23600000,1625.00000000,1.171
1749263270,1.23700000,505.10000000,1.171
1749263270,1.23800000,678.00000000,1.171
1749263270,1.23900000,65670.80000000,1.171
1749263270,1.24000000,7002.40000000,1.171
1749263270,1.24100000,40.60000000,1.171
1749263270,1.24200000,318.20000000,1.171
1749263270,1.24300000,1891.90000000,1.171
1749263270,1.24400000,45.20000000,1.171
1749263270,1.24500000,100906.10000000,1.171
1749263270,1.24600000,436.60000000,1.171
1749263270,1.24700000,22942.90000000,1.171
1749263270,1.24800000,118.90000000,1.171
1749263270,1.24900000,612.10000000,1.171
1749263270,1.25000000,11049.40000000,1.171
1749263270,1.25100000,314.40000000,1.171
1749263270,1.25200000,220.10000000,1.171
1749263270,1.25300000,112.90000000,1.171
1749263270,1.25400000,8.00000000,1.171
1749263270,1.25500000,960.10000000,1.171
1749263270,1.25600000,1916.00000000,1.171
1749263270,1.25700000,529.40000000,1.171
1749263270,1.25800000,57.50000000,1.171
1749263270,1.25900000,58.00000000,1.171
1749263270,1.26000000,9057.40000000,1.171
1749263270,1.26100000,64.40000000,1.171
1749263270,1.26200000,25.70000000,1.171
1749263270,1.26300000,969.10000000,1.171
1749263270,1.26400000,28.30000000,1.171
1749263270,1.26500000,1223.70000000,1.171
1749263270,1.26600000,462.20000000,1.171
1749263270,1.26700000,1416.50000000,1.171
1749263270,1.26800000,8428.50000000,1.171
1749263270,1.27000000,3332.30000000,1.171
1749263270,1.27100000,72.60000000,1.171
1749263270,1.27200000,39.50000000,1.171
1749263572,1.16600000,9052.20000000,1.166
1749263572,1.16700000,55261.50000000,1.166
1749263572,1.16800000,57241.80000000,1.166
1749263572,1.16900000,32961.20000000,1.166
1749263572,1.17000000,20810.20000000,1.166
1749263572,1.17100000,23787.00000000,1.166
1749263572,1.17200000,7176.00000000,1.166
1749263572,1.17300000,6639.30000000,1.166
1749263572,1.17400000,3471.30000000,1.166
1749263572,1.17500000,14551.50000000,1.166
1749263572,1.17600000,18791.40000000,1.166
1749263572,1.17700000,9100.10000000,1.166
1749263572,1.17800000,3759.30000000,1.166
1749263572,1.17900000,25480.90000000,1.166
1749263572,1.18000000,48969.60000000,1.166
1749263572,1.18100000,2366.40000000,1.166
1749263572,1.18200000,2809.40000000,1.166
1749263572,1.18300000,2948.80000000,1.166
1749263572,1.18400000,2399.30000000,1.166
1749263572,1.18500000,2348.60000000,1.166
1749263572,1.18600000,99726.30000000,1.166
1749263572,1.18700000,16491.50000000,1.166
1749263572,1.18800000,3935.60000000,1.166
1749263572,1.18900000,3109.20000000,1.166
1749263572,1.19000000,32251.70000000,1.166
1749263572,1.19100000,1437.20000000,1.166
1749263572,1.19200000,5975.10000000,1.166
1749263572,1.19300000,1479.90000000,1.166
1749263572,1.19400000,1770.90000000,1.166
1749263572,1.19500000,11392.30000000,1.166
1749263572,1.19600000,1361.40000000,1.166
1749263572,1.19700000,5010.50000000,1.166
1749263572,1.19800000,3609.40000000,1.166
1749263572,1.19900000,3250.70000000,1.166
1749263572,1.20000000,38832.70000000,1.166
1749263572,1.20100000,16.40000000,1.166
1749263572,1.20200000,1470.70000000,1.166
1749263572,1.20300000,61.70000000,1.166
1749263572,1.20400000,4962.60000000,1.166
1749263572,1.20500000,2520.50000000,1.166
1749263572,1.20600000,1270.30000000,1.166
1749263572,1.20700000,113.90000000,1.166
1749263572,1.20800000,97.90000000,1.166
1749263572,1.20900000,20.20000000,1.166
1749263572,1.21000000,2353.80000000,1.166
1749263572,1.21100000,530.90000000,1.166
1749263572,1.21200000,32.80000000,1.166
1749263572,1.21300000,140.30000000,1.166
1749263572,1.21400000,47.00000000,1.166
1749263572,1.21500000,3704.40000000,1.166
1749263572,1.21600000,41.10000000,1.166
1749263572,1.21700000,231.60000000,1.166
1749263572,1.21800000,219.80000000,1.166
1749263572,1.21900000,26.60000000,1.166
1749263572,1.22000000,3289.20000000,1.166
1749263572,1.22100000,80.00000000,1.166
1749263572,1.22200000,222.30000000,1.166
1749263572,1.22300000,434.60000000,1.166
1749263572,1.22400000,871.50000000,1.166
1749263572,1.22500000,159.00000000,1.166
1749263572,1.22600000,3035.00000000,1.166
1749263572,1.22700000,4059.20000000,1.166
1749263572,1.22800000,5.10000000,1.166
1749263572,1.22900000,5314.30000000,1.166
1749263572,1.23000000,3358.40000000,1.166
1749263572,1.23100000,81.30000000,1.166
1749263572,1.23200000,56.70000000,1.166
1749263572,1.23300000,2023.40000000,1.166
1749263572,1.23400000,182.60000000,1.166
1749263572,1.23500000,1494.80000000,1.166
1749263572,1.23600000,1625.00000000,1.166
1749263572,1.23700000,505.10000000,1.166
1749263572,1.23800000,678.00000000,1.166
1749263572,1.23900000,65670.80000000,1.166
1749263572,1.24000000,7002.40000000,1.166
1749263572,1.24100000,40.60000000,1.166
1749263572,1.24200000,318.20000000,1.166
1749263572,1.24300000,1891.90000000,1.166
1749263572,1.24400000,45.20000000,1.166
1749263572,1.24500000,100906.10000000,1.166
1749263572,1.24600000,436.60000000,1.166
1749263572,1.24700000,22942.90000000,1.166
1749263572,1.24800000,118.90000000,1.166
1749263572,1.24900000,612.10000000,1.166
1749263572,1.25000000,11049.40000000,1.166
1749263572,1.25100000,314.40000000,1.166
1749263572,1.25200000,220.10000000,1.166
1749263572,1.25300000,112.90000000,1.166
1749263572,1.25400000,8.00000000,1.166
1749263572,1.25500000,960.10000000,1.166
1749263572,1.25600000,1916.00000000,1.166
1749263572,1.25700000,529.40000000,1.166
1749263572,1.25800000,57.50000000,1.166
1749263572,1.25900000,58.00000000,1.166
1749263572,1.26000000,9057.40000000,1.166
1749263572,1.26100000,64.40000000,1.166
1749263572,1.26200000,25.70000000,1.166
1749263572,1.26300000,969.10000000,1.166
1749263572,1.26400000,28.30000000,1.166
1749263572,1.26500000,1223.70000000,1.166
1749263873,1.17300000,2534.00000000,1.173
1749263873,1.17400000,30949.80000000,1.173
1749263873,1.17500000,56161.30000000,1.173
1749263873,1.17600000,49169.80000000,1.173
1749263873,1.17700000,27280.60000000,1.173
1749263873,1.17800000,5196.90000000,1.173
1749263873,1.17900000,3905.80000000,1.173
1749263873,1.18000000,49284.00000000,1.173
1749263873,1.18100000,11011.60000000,1.173
1749263873,1.18200000,18790.40000000,1.173
1749263873,1.18300000,2948.80000000,1.173
1749263873,1.18400000,31686.30000000,1.173
1749263873,1.18500000,2348.60000000,1.173
1749263873,1.18600000,1697.30000000,1.173
1749263873,1.18700000,16491.50000000,1.173
1749263873,1.18800000,4365.10000000,1.173
1749263873,1.18900000,1374.10000000,1.173
1749263873,1.19000000,32251.70000000,1.173
1749263873,1.19100000,1437.20000000,1.173
1749263873,1.19200000,47056.80000000,1.173
1749263873,1.19300000,57130.30000000,1.173
1749263873,1.19400000,1770.90000000,1.173
1749263873,1.19500000,14224.60000000,1.173
1749263873,1.19600000,1361.40000000,1.173
1749263873,1.19700000,5010.50000000,1.173
1749263873,1.19800000,2732.20000000,1.173
1749263873,1.19900000,3244.00000000,1.173
1749263873,1.20000000,38832.70000000,1.173
1749263873,1.20100000,16.40000000,1.173
1749263873,1.20200000,1470.70000000,1.173
1749263873,1.20300000,2288.90000000,1.173
1749263873,1.20400000,4962.60000000,1.173
1749263873,1.20500000,2520.50000000,1.173
1749263873,1.20600000,1784.10000000,1.173
1749263873,1.20700000,1463.90000000,1.173
1749263873,1.20800000,97.90000000,1.173
1749263873,1.20900000,1370.20000000,1.173
1749263873,1.21000000,4540.00000000,1.173
1749263873,1.21100000,1880.90000000,1.173
1749263873,1.21200000,32.80000000,1.173
1749263873,1.21300000,140.30000000,1.173
1749263873,1.21400000,47.00000000,1.173
1749263873,1.21500000,200.40000000,1.173
1749263873,1.21600000,3541.10000000,1.173
1749263873,1.21700000,366.60000000,1.173
1749263873,1.21800000,84.80000000,1.173
1749263873,1.21900000,26.60000000,1.173
1749263873,1.22000000,3289.20000000,1.173
1749263873,1.22100000,80.00000000,1.173
1749263873,1.22200000,222.30000000,1.173
1749263873,1.22300000,434.60000000,1.173
1749263873,1.22400000,871.50000000,1.173
1749263873,1.22500000,159.00000000,1.173
1749263873,1.22600000,3035.00000000,1.173
1749263873,1.22700000,4059.20000000,1.173
1749263873,1.22800000,5.10000000,1.173
1749263873,1.22900000,5314.30000000,1.173
1749263873,1.23000000,3358.40000000,1.173
1749263873,1.23100000,81.30000000,1.173
1749263873,1.23200000,56.70000000,1.173
1749263873,1.23300000,2023.40000000,1.173
1749263873,1.23400000,182.60000000,1.173
1749263873,1.23500000,1494.80000000,1.173
1749263873,1.23600000,1625.00000000,1.173
1749263873,1.23700000,505.10000000,1.173
1749263873,1.23800000,678.00000000,1.173
1749263873,1.23900000,65670.80000000,1.173
1749263873,1.24000000,7002.40000000,1.173
1749263873,1.24100000,40.60000000,1.173
1749263873,1.24200000,318.20000000,1.173
1749263873,1.24300000,1891.90000000,1.173
1749263873,1.24400000,45.20000000,1.173
1749263873,1.24500000,100906.10000000,1.173
1749263873,1.24600000,436.60000000,1.173
1749263873,1.24700000,22942.90000000,1.173
1749263873,1.24800000,118.90000000,1.173
1749263873,1.24900000,612.10000000,1.173
1749263873,1.25000000,11049.40000000,1.173
1749263873,1.25100000,314.40000000,1.173
1749263873,1.25200000,220.10000000,1.173
1749263873,1.25300000,112.90000000,1.173
1749263873,1.25400000,8.00000000,1.173
1749263873,1.25500000,960.10000000,1.173
1749263873,1.25600000,1916.00000000,1.173
1749263873,1.25700000,529.40000000,1.173
1749263873,1.25800000,57.50000000,1.173
1749263873,1.25900000,58.00000000,1.173
1749263873,1.26000000,9057.40000000,1.173
1749263873,1.26100000,64.40000000,1.173
1749263873,1.26200000,25.70000000,1.173
1749263873,1.26300000,969.10000000,1.173
1749263873,1.26400000,28.30000000,1.173
1749263873,1.26500000,1223.70000000,1.173
1749263873,1.26600000,462.20000000,1.173
1749263873,1.26700000,1416.50000000,1.173
1749263873,1.26800000,8428.50000000,1.173
1749263873,1.27000000,3332.30000000,1.173
1749263873,1.27100000,72.60000000,1.173
1749263873,1.27200000,39.50000000,1.173
1749263873,1.27400000,57.70000000,1.173
1749264175,1.16700000,2534.50000000,1.167
1749264175,1.16800000,27825.10000000,1.167
1749264175,1.16900000,46763.70000000,1.167
1749264175,1.17000000,41049.50000000,1.167
1749264175,1.17100000,24785.60000000,1.167
1749264175,1.17200000,9136.70000000,1.167
1749264175,1.17300000,12222.50000000,1.167
1749264175,1.17400000,9484.40000000,1.167
1749264175,1.17500000,18896.20000000,1.167
1749264175,1.17600000,40506.90000000,1.167
1749264175,1.17700000,6351.30000000,1.167
1749264175,1.17800000,3304.10000000,1.167
1749264175,1.17900000,8778.70000000,1.167
1749264175,1.18000000,49511.30000000,1.167
1749264175,1.18100000,2359.60000000,1.167
1749264175,1.18200000,2494.50000000,1.167
1749264175,1.18300000,3814.30000000,1.167
1749264175,1.18400000,25608.80000000,1.167
1749264175,1.18500000,2962.60000000,1.167
1749264175,1.18600000,45043.40000000,1.167
1749264175,1.18700000,17459.00000000,1.167
1749264175,1.18800000,3935.60000000,1.167
1749264175,1.18900000,2420.80000000,1.167
1749264175,1.19000000,89222.80000000,1.167
1749264175,1.19100000,2398.30000000,1.167
1749264175,1.19200000,5975.10000000,1.167
1749264175,1.19300000,1479.90000000,1.167
1749264175,1.19400000,1770.90000000,1.167
1749264175,1.19500000,11392.30000000,1.167
1749264175,1.19600000,1361.40000000,1.167
1749264175,1.19700000,5010.50000000,1.167
1749264175,1.19800000,2732.20000000,1.167
1749264175,1.19900000,3244.00000000,1.167
1749264175,1.20000000,38832.70000000,1.167
1749264175,1.20100000,16.40000000,1.167
1749264175,1.20200000,1470.70000000,1.167
1749264175,1.20300000,2288.90000000,1.167
1749264175,1.20400000,4962.60000000,1.167
1749264175,1.20500000,2520.50000000,1.167
1749264175,1.20600000,1784.10000000,1.167
1749264175,1.20700000,1463.90000000,1.167
1749264175,1.20800000,97.90000000,1.167
1749264175,1.20900000,2206.40000000,1.167
1749264175,1.21000000,3703.80000000,1.167
1749264175,1.21100000,1880.90000000,1.167
1749264175,1.21200000,32.80000000,1.167
1749264175,1.21300000,1490.30000000,1.167
1749264175,1.21400000,47.00000000,1.167
1749264175,1.21500000,3704.40000000,1.167
1749264175,1.21600000,41.10000000,1.167
1749264175,1.21700000,231.60000000,1.167
1749264175,1.21800000,84.80000000,1.167
1749264175,1.21900000,26.60000000,1.167
1749264175,1.22000000,3289.20000000,1.167
1749264175,1.22100000,80.00000000,1.167
1749264175,1.22200000,222.30000000,1.167
1749264175,1.22300000,569.60000000,1.167
1749264175,1.22400000,871.50000000,1.167
1749264175,1.22500000,159.00000000,1.167
1749264175,1.22600000,3035.00000000,1.167
1749264175,1.22700000,4059.20000000,1.167
1749264175,1.22800000,5.10000000,1.167
1749264175,1.22900000,1838.60000000,1.167
1749264175,1.23000000,3358.40000000,1.167
1749264175,1.23100000,81.30000000,1.167
1749264175,1.23200000,56.70000000,1.167
1749264175,1.23300000,2023.40000000,1.167
1749264175,1.23400000,182.60000000,1.167
1749264175,1.23500000,4969.70000000,1.167
1749264175,1.23600000,1625.00000000,1.167
1749264175,1.23700000,505.10000000,1.167
1749264175,1.23800000,678.00000000,1.167
1749264175,1.23900000,65670.80000000,1.167
1749264175,1.24000000,7002.40000000,1.167
1749264175,1.24100000,40.60000000,1.167
1749264175,1.24200000,318.20000000,1.167
1749264175,1.24300000,1891.90000000,1.167
1749264175,1.24400000,45.20000000,1.167
1749264175,1.24500000,100906.10000000,1.167
1749264175,1.24600000,436.60000000,1.167
1749264175,1.24700000,22942.90000000,1.167
1749264175,1.24800000,118.90000000,1.167
1749264175,1.24900000,612.10000000,1.167
1749264175,1.25000000,11084.40000000,1.167
1749264175,1.25100000,314.40000000,1.167
1749264175,1.25200000,220.10000000,1.167
1749264175,1.25300000,112.90000000,1.167
1749264175,1.25400000,8.00000000,1.167
1749264175,1.25500000,960.10000000,1.167
1749264175,1.25600000,1916.00000000,1.167
1749264175,1.25700000,529.40000000,1.167
1749264175,1.25800000,57.50000000,1.167
1749264175,1.25900000,58.00000000,1.167
1749264175,1.26000000,9849.30000000,1.167
1749264175,1.26100000,64.40000000,1.167
1749264175,1.26200000,25.70000000,1.167
1749264175,1.26300000,969.10000000,1.167
1749264175,1.26400000,28.30000000,1.167
1749264175,1.26500000,1223.70000000,1.167
1749264175,1.26600000,462.20000000,1.167
1749264477,1.16800000,23579.30000000,1.167
1749264477,1.16900000,51739.80000000,1.167
1749264477,1.17000000,32905.60000000,1.167
1749264477,1.17100000,27649.50000000,1.167
1749264477,1.17200000,17476.80000000,1.167
1749264477,1.17300000,20577.70000000,1.167
1749264477,1.17400000,5049.20000000,1.167
1749264477,1.17500000,3882.10000000,1.167
1749264477,1.17600000,11045.50000000,1.167
1749264477,1.17700000,17848.30000000,1.167
1749264477,1.17800000,46239.30000000,1.167
1749264477,1.17900000,18028.10000000,1.167
1749264477,1.18000000,17790.30000000,1.167
1749264477,1.18100000,2359.60000000,1.167
1749264477,1.18200000,1410.30000000,1.167
1749264477,1.18300000,3814.30000000,1.167
1749264477,1.18400000,1444.60000000,1.167
1749264477,1.18500000,2956.20000000,1.167
1749264477,1.18600000,2658.40000000,1.167
1749264477,1.18700000,58834.40000000,1.167
1749264477,1.18800000,3935.60000000,1.167
1749264477,1.18900000,57253.10000000,1.167
1749264477,1.19000000,33903.90000000,1.167
1749264477,1.19100000,1444.80000000,1.167
1749264477,1.19200000,4891.50000000,1.167
1749264477,1.19300000,2563.50000000,1.167
1749264477,1.19400000,1770.90000000,1.167
1749264477,1.19500000,11392.30000000,1.167
1749264477,1.19600000,1361.40000000,1.167
1749264477,1.19700000,5010.50000000,1.167
1749264477,1.19800000,2732.20000000,1.167
1749264477,1.19900000,4121.20000000,1.167
1749264477,1.20000000,38832.70000000,1.167
1749264477,1.20100000,16.40000000,1.167
1749264477,1.20200000,1470.70000000,1.167
1749264477,1.20300000,1411.70000000,1.167
1749264477,1.20400000,4962.60000000,1.167
1749264477,1.20500000,2520.50000000,1.167
1749264477,1.20600000,434.10000000,1.167
1749264477,1.20700000,113.90000000,1.167
1749264477,1.20800000,97.90000000,1.167
1749264477,1.20900000,856.40000000,1.167
1749264477,1.21000000,2353.80000000,1.167
1749264477,1.21100000,530.90000000,1.167
1749264477,1.21200000,32.80000000,1.167
1749264477,1.21300000,140.30000000,1.167
1749264477,1.21400000,47.00000000,1.167
1749264477,1.21500000,210.30000000,1.167
1749264477,1.21600000,3541.10000000,1.167
1749264477,1.21700000,231.60000000,1.167
1749264477,1.21800000,84.80000000,1.167
1749264477,1.21900000,26.60000000,1.167
1749264477,1.22000000,3289.20000000,1.167
1749264477,1.22100000,80.00000000,1.167
1749264477,1.22200000,222.30000000,1.167
1749264477,1.22300000,569.60000000,1.167
1749264477,1.22400000,871.50000000,1.167
1749264477,1.22500000,3635.10000000,1.167
1749264477,1.22600000,3035.00000000,1.167
1749264477,1.22700000,4059.20000000,1.167
1749264477,1.22800000,5.10000000,1.167
1749264477,1.22900000,1838.60000000,1.167
1749264477,1.23000000,3358.40000000,1.167
1749264477,1.23100000,81.30000000,1.167
1749264477,1.23200000,56.70000000,1.167
1749264477,1.23300000,2023.40000000,1.167
1749264477,1.23400000,182.60000000,1.167
1749264477,1.23500000,1494.80000000,1.167
1749264477,1.23600000,1625.00000000,1.167
1749264477,1.23700000,505.10000000,1.167
1749264477,1.23800000,690.10000000,1.167
1749264477,1.23900000,65670.80000000,1.167
1749264477,1.24000000,7002.40000000,1.167
1749264477,1.24100000,40.60000000,1.167
1749264477,1.24200000,318.20000000,1.167
1749264477,1.24300000,1891.90000000,1.167
1749264477,1.24400000,45.20000000,1.167
1749264477,1.24500000,100906.10000000,1.167
1749264477,1.24600000,436.60000000,1.167
1749264477,1.24700000,22942.90000000,1.167
1749264477,1.24800000,118.90000000,1.167
1749264477,1.24900000,612.10000000,1.167
1749264477,1.25000000,11084.40000000,1.167
1749264477,1.25100000,314.40000000,1.167
1749264477,1.25200000,220.10000000,1.167
1749264477,1.25300000,112.90000000,1.167
1749264477,1.25400000,8.00000000,1.167
1749264477,1.25500000,960.10000000,1.167
1749264477,1.25600000,1916.00000000,1.167
1749264477,1.25700000,529.40000000,1.167
1749264477,1.25800000,57.50000000,1.167
1749264477,1.25900000,58.00000000,1.167
1749264477,1.26000000,9849.30000000,1.167
1749264477,1.26100000,64.40000000,1.167
1749264477,1.26200000,25.70000000,1.167
1749264477,1.26300000,969.10000000,1.167
1749264477,1.26400000,28.30000000,1.167
1749264477,1.26500000,1223.70000000,1.167
1749264477,1.26600000,462.20000000,1.167
1749264477,1.26700000,1416.50000000,1.167
1749264778,1.17200000,10418.80000000,1.171
1749264778,1.17300000,60993.60000000,1.171
1749264778,1.17400000,40168.40000000,1.171
1749264778,1.17500000,23738.40000000,1.171
1749264778,1.17600000,12873.70000000,1.171
1749264778,1.17700000,16917.30000000,1.171
1749264778,1.17800000,25835.90000000,1.171
1749264778,1.17900000,3621.20000000,1.171
1749264778,1.18000000,18319.80000000,1.171
1749264778,1.18100000,18723.40000000,1.171
1749264778,1.18200000,2314.70000000,1.171
1749264778,1.18300000,9960.40000000,1.171
1749264778,1.18400000,24434.50000000,1.171
1749264778,1.18500000,2956.20000000,1.171
1749264778,1.18600000,2658.40000000,1.171
1749264778,1.18700000,16491.50000000,1.171
1749264778,1.18800000,4363.50000000,1.171
1749264778,1.18900000,57071.90000000,1.171
1749264778,1.19000000,74487.90000000,1.171
1749264778,1.19100000,1444.80000000,1.171
1749264778,1.19200000,4891.50000000,1.171
1749264778,1.19300000,2649.10000000,1.171
1749264778,1.19400000,1770.90000000,1.171
1749264778,1.19500000,13062.30000000,1.171
1749264778,1.19600000,1361.40000000,1.171
1749264778,1.19700000,5010.50000000,1.171
1749264778,1.19800000,2732.20000000,1.171
1749264778,1.19900000,3244.00000000,1.171
1749264778,1.20000000,38832.70000000,1.171
1749264778,1.20100000,16.40000000,1.171
1749264778,1.20200000,1470.70000000,1.171
1749264778,1.20300000,2288.90000000,1.171
1749264778,1.20400000,4962.60000000,1.171
1749264778,1.20500000,2520.50000000,1.171
1749264778,1.20600000,1784.10000000,1.171
1749264778,1.20700000,1463.90000000,1.171
1749264778,1.20800000,1447.90000000,1.171
1749264778,1.20900000,856.40000000,1.171
1749264778,1.21000000,2353.80000000,1.171
1749264778,1.21100000,530.90000000,1.171
1749264778,1.21200000,32.80000000,1.171
1749264778,1.21300000,140.30000000,1.171
1749264778,1.21400000,47.00000000,1.171
1749264778,1.21500000,210.30000000,1.171
1749264778,1.21600000,3676.10000000,1.171
1749264778,1.21700000,231.60000000,1.171
1749264778,1.21800000,84.80000000,1.171
1749264778,1.21900000,26.60000000,1.171
1749264778,1.22000000,3193.20000000,1.171
1749264778,1.22100000,80.00000000,1.171
1749264778,1.22200000,222.30000000,1.171
1749264778,1.22300000,434.60000000,1.171
1749264778,1.22400000,871.50000000,1.171
1749264778,1.22500000,159.00000000,1.171
1749264778,1.22600000,3035.00000000,1.171
1749264778,1.22700000,7535.10000000,1.171
1749264778,1.22800000,5.10000000,1.171
1749264778,1.22900000,1838.60000000,1.171
1749264778,1.23000000,3358.40000000,1.171
1749264778,1.23100000,81.30000000,1.171
1749264778,1.23200000,56.70000000,1.171
1749264778,1.23300000,2023.40000000,1.171
1749264778,1.23400000,182.60000000,1.171
1749264778,1.23500000,1494.80000000,1.171
1749264778,1.23600000,1625.00000000,1.171
1749264778,1.23700000,505.10000000,1.171
1749264778,1.23800000,690.10000000,1.171
1749264778,1.23900000,65670.80000000,1.171
1749264778,1.24000000,7002.40000000,1.171
1749264778,1.24100000,40.60000000,1.171
1749264778,1.24200000,318.20000000,1.171
1749264778,1.24300000,1891.90000000,1.171
1749264778,1.24400000,45.20000000,1.171
1749264778,1.24500000,100906.10000000,1.171
1749264778,1.24600000,436.60000000,1.171
1749264778,1.24700000,22942.90000000,1.171
1749264778,1.24800000,118.90000000,1.171
1749264778,1.24900000,612.10000000,1.171
1749264778,1.25000000,11084.40000000,1.171
1749264778,1.25100000,314.40000000,1.171
1749264778,1.25200000,220.10000000,1.171
1749264778,1.25300000,112.90000000,1.171
1749264778,1.25400000,8.00000000,1.171
1749264778,1.25500000,960.10000000,1.171
1749264778,1.25600000,1916.00000000,1.171
1749264778,1.25700000,529.40000000,1.171
1749264778,1.25800000,57.50000000,1.171
1749264778,1.25900000,58.00000000,1.171
1749264778,1.26000000,9849.30000000,1.171
1749264778,1.26100000,64.40000000,1.171
1749264778,1.26200000,25.70000000,1.171
1749264778,1.26300000,969.10000000,1.171
1749264778,1.26400000,28.30000000,1.171
1749264778,1.26500000,1223.70000000,1.171
1749264778,1.26600000,462.20000000,1.171
1749264778,1.26700000,1416.50000000,1.171
1749264778,1.26800000,8428.50000000,1.171
1749264778,1.27000000,3332.30000000,1.171
1749264778,1.27100000,72.60000000,1.171
1749264778,1.27200000,39.50000000,1.171
1749265080,1.17200000,6344.70000000,1.172
1749265080,1.17300000,34829.10000000,1.172
1749265080,1.17400000,46187.80000000,1.172
1749265080,1.17500000,31734.00000000,1.172
1749265080,1.17600000,19805.20000000,1.172
1749265080,1.17700000,28335.10000000,1.172
1749265080,1.17800000,10080.50000000,1.172
1749265080,1.17900000,3789.20000000,1.172
1749265080,1.18000000,10966.90000000,1.172
1749265080,1.18100000,11838.40000000,1.172
1749265080,1.18200000,19197.80000000,1.172
1749265080,1.18300000,10541.30000000,1.172
1749265080,1.18400000,2618.50000000,1.172
1749265080,1.18500000,3446.80000000,1.172
1749265080,1.18600000,2664.80000000,1.172
1749265080,1.18700000,2569.30000000,1.172
1749265080,1.18800000,28314.50000000,1.172
1749265080,1.18900000,2764.70000000,1.172
1749265080,1.19000000,32251.70000000,1.172
1749265080,1.19100000,2405.90000000,1.172
1749265080,1.19200000,19904.30000000,1.172
1749265080,1.19300000,43609.90000000,1.172
1749265080,1.19400000,2196.60000000,1.172
1749265080,1.19500000,68429.00000000,1.172
1749265080,1.19600000,1361.40000000,1.172
1749265080,1.19700000,6094.10000000,1.172
1749265080,1.19800000,2732.20000000,1.172
1749265080,1.19900000,3244.00000000,1.172
1749265080,1.20000000,38832.70000000,1.172
1749265080,1.20100000,16.40000000,1.172
1749265080,1.20200000,1470.70000000,1.172
1749265080,1.20300000,1411.70000000,1.172
1749265080,1.20400000,4962.60000000,1.172
1749265080,1.20500000,2520.50000000,1.172
1749265080,1.20600000,1784.10000000,1.172
1749265080,1.20700000,2341.10000000,1.172
1749265080,1.20800000,1447.90000000,1.172
1749265080,1.20900000,1370.20000000,1.172
1749265080,1.21000000,3703.80000000,1.172
1749265080,1.21100000,1880.90000000,1.172
1749265080,1.21200000,32.80000000,1.172
1749265080,1.21300000,2326.50000000,1.172
1749265080,1.21400000,53.40000000,1.172
1749265080,1.21500000,1560.30000000,1.172
1749265080,1.21600000,3541.10000000,1.172
1749265080,1.21700000,231.60000000,1.172
1749265080,1.21800000,84.80000000,1.172
1749265080,1.21900000,26.60000000,1.172
1749265080,1.22000000,3328.20000000,1.172
1749265080,1.22100000,80.00000000,1.172
1749265080,1.22200000,222.30000000,1.172
1749265080,1.22300000,434.60000000,1.172
1749265080,1.22400000,871.50000000,1.172
1749265080,1.22500000,159.00000000,1.172
1749265080,1.22600000,3035.00000000,1.172
1749265080,1.22700000,4059.20000000,1.172
1749265080,1.22800000,5.10000000,1.172
1749265080,1.22900000,1838.60000000,1.172
1749265080,1.23000000,3358.40000000,1.172
1749265080,1.23100000,81.30000000,1.172
1749265080,1.23200000,56.70000000,1.172
1749265080,1.23300000,2023.40000000,1.172
1749265080,1.23400000,182.60000000,1.172
1749265080,1.23500000,1494.80000000,1.172
1749265080,1.23600000,5099.80000000,1.172
1749265080,1.23700000,505.10000000,1.172
1749265080,1.23800000,690.10000000,1.172
1749265080,1.23900000,65670.80000000,1.172
1749265080,1.24000000,7002.40000000,1.172
1749265080,1.24100000,40.60000000,1.172
1749265080,1.24200000,318.20000000,1.172
1749265080,1.24300000,1891.90000000,1.172
1749265080,1.24400000,45.20000000,1.172
1749265080,1.24500000,100906.10000000,1.172
1749265080,1.24600000,436.60000000,1.172
1749265080,1.24700000,22942.90000000,1.172
1749265080,1.24800000,118.90000000,1.172
1749265080,1.24900000,612.10000000,1.172
1749265080,1.25000000,19127.20000000,1.172
1749265080,1.25100000,314.40000000,1.172
1749265080,1.25200000,220.10000000,1.172
1749265080,1.25300000,112.90000000,1.172
1749265080,1.25400000,8.00000000,1.172
1749265080,1.25500000,960.10000000,1.172
1749265080,1.25600000,1916.00000000,1.172
1749265080,1.25700000,529.40000000,1.172
1749265080,1.25800000,57.50000000,1.172
1749265080,1.25900000,58.00000000,1.172
1749265080,1.26000000,9849.30000000,1.172
1749265080,1.26100000,64.40000000,1.172
1749265080,1.26200000,25.70000000,1.172
1749265080,1.26300000,969.10000000,1.172
1749265080,1.26400000,28.30000000,1.172
1749265080,1.26500000,1223.70000000,1.172
1749265080,1.26600000,462.20000000,1.172
1749265080,1.26700000,1416.50000000,1.172
1749265080,1.26800000,8428.50000000,1.172
1749265080,1.27000000,3332.30000000,1.172
1749265080,1.27100000,72.60000000,1.172
1749265080,1.27200000,39.50000000,1.172
1749265384,1.17300000,4176.50000000,1.172
1749265384,1.17400000,41858.10000000,1.172
1749265384,1.17500000,50072.90000000,1.172
1749265384,1.17600000,37039.20000000,1.172
1749265384,1.17700000,25167.40000000,1.172
1749265384,1.17800000,8742.00000000,1.172
1749265384,1.17900000,15386.50000000,1.172
1749265384,1.18000000,12049.50000000,1.172
1749265384,1.18100000,3335.00000000,1.172
1749265384,1.18200000,12522.40000000,1.172
1749265384,1.18300000,19780.10000000,1.172
1749265384,1.18400000,2623.20000000,1.172
1749265384,1.18500000,9575.80000000,1.172
1749265384,1.18600000,2664.80000000,1.172
1749265384,1.18700000,2569.30000000,1.172
1749265384,1.18800000,28314.50000000,1.172
1749265384,1.18900000,2764.70000000,1.172
1749265384,1.19000000,32251.70000000,1.172
1749265384,1.19100000,2405.90000000,1.172
1749265384,1.19200000,19904.30000000,1.172
1749265384,1.19300000,1479.90000000,1.172
1749265384,1.19400000,44291.30000000,1.172
1749265384,1.19500000,68617.50000000,1.172
1749265384,1.19600000,1361.40000000,1.172
1749265384,1.19700000,6094.10000000,1.172
1749265384,1.19800000,2732.20000000,1.172
1749265384,1.19900000,3244.00000000,1.172
1749265384,1.20000000,38832.70000000,1.172
1749265384,1.20100000,16.40000000,1.172
1749265384,1.20200000,1470.70000000,1.172
1749265384,1.20300000,1411.70000000,1.172
1749265384,1.20400000,4962.60000000,1.172
1749265384,1.20500000,2520.50000000,1.172
1749265384,1.20600000,1784.10000000,1.172
1749265384,1.20700000,2341.10000000,1.172
1749265384,1.20800000,1447.90000000,1.172
1749265384,1.20900000,1370.20000000,1.172
1749265384,1.21000000,3703.80000000,1.172
1749265384,1.21100000,1880.90000000,1.172
1749265384,1.21200000,32.80000000,1.172
1749265384,1.21300000,2326.50000000,1.172
1749265384,1.21400000,53.40000000,1.172
1749265384,1.21500000,210.30000000,1.172
1749265384,1.21600000,3541.10000000,1.172
1749265384,1.21700000,231.60000000,1.172
1749265384,1.21800000,84.80000000,1.172
1749265384,1.21900000,26.60000000,1.172
1749265384,1.22000000,3328.20000000,1.172
1749265384,1.22100000,80.00000000,1.172
1749265384,1.22200000,222.30000000,1.172
1749265384,1.22300000,434.60000000,1.172
1749265384,1.22400000,871.50000000,1.172
1749265384,1.22500000,159.00000000,1.172
1749265384,1.22600000,3035.00000000,1.172
1749265384,1.22700000,4059.20000000,1.172
1749265384,1.22800000,5.10000000,1.172
1749265384,1.22900000,1838.60000000,1.172
1749265384,1.23000000,3358.40000000,1.172
1749265384,1.23100000,81.30000000,1.172
1749265384,1.23200000,3532.10000000,1.172
1749265384,1.23300000,2023.40000000,1.172
1749265384,1.23400000,182.60000000,1.172
1749265384,1.23500000,1494.80000000,1.172
1749265384,1.23600000,1625.00000000,1.172
1749265384,1.23700000,505.10000000,1.172
1749265384,1.23800000,690.10000000,1.172
1749265384,1.23900000,65670.80000000,1.172
1749265384,1.24000000,7002.40000000,1.172
1749265384,1.24100000,40.60000000,1.172
1749265384,1.24200000,318.20000000,1.172
1749265384,1.24300000,1891.90000000,1.172
1749265384,1.24400000,45.20000000,1.172
1749265384,1.24500000,100906.10000000,1.172
1749265384,1.24600000,436.60000000,1.172
1749265384,1.24700000,22892.90000000,1.172
1749265384,1.24800000,118.90000000,1.172
1749265384,1.24900000,612.10000000,1.172
1749265384,1.25000000,19127.20000000,1.172
1749265384,1.25100000,314.40000000,1.172
1749265384,1.25200000,220.10000000,1.172
1749265384,1.25300000,112.90000000,1.172
1749265384,1.25400000,8.00000000,1.172
1749265384,1.25500000,960.10000000,1.172
1749265384,1.25600000,1916.00000000,1.172
1749265384,1.25700000,529.40000000,1.172
1749265384,1.25800000,57.50000000,1.172
1749265384,1.25900000,58.00000000,1.172
1749265384,1.26000000,9849.30000000,1.172
1749265384,1.26100000,64.40000000,1.172
1749265384,1.26200000,25.70000000,1.172
1749265384,1.26300000,969.10000000,1.172
1749265384,1.26400000,28.30000000,1.172
1749265384,1.26500000,1223.70000000,1.172
1749265384,1.26600000,462.20000000,1.172
1749265384,1.26700000,1416.50000000,1.172
1749265384,1.26800000,8428.50000000,1.172
1749265384,1.27000000,3332.30000000,1.172
1749265384,1.27100000,72.60000000,1.172
1749265384,1.27200000,39.50000000,1.172
1749265384,1.27300000,436.70000000,1.172
1749265686,1.18600000,7571.30000000,1.185
1749265686,1.18700000,40595.60000000,1.185
1749265686,1.18800000,40055.70000000,1.185
1749265686,1.18900000,26553.50000000,1.185
1749265686,1.19000000,38020.60000000,1.185
1749265686,1.19100000,9563.70000000,1.185
1749265686,1.19200000,6154.90000000,1.185
1749265686,1.19300000,8311.10000000,1.185
1749265686,1.19400000,11887.80000000,1.185
1749265686,1.19500000,17337.60000000,1.185
1749265686,1.19600000,9908.20000000,1.185
1749265686,1.19700000,5978.00000000,1.185
1749265686,1.19800000,19041.40000000,1.185
1749265686,1.19900000,4205.10000000,1.185
1749265686,1.20000000,45890.10000000,1.185
1749265686,1.20100000,1372.80000000,1.185
1749265686,1.20200000,2438.20000000,1.185
1749265686,1.20300000,71844.00000000,1.185
1749265686,1.20400000,6084.60000000,1.185
1749265686,1.20500000,44237.30000000,1.185
1749265686,1.20600000,1790.50000000,1.185
1749265686,1.20700000,1470.30000000,1.185
1749265686,1.20800000,1532.50000000,1.185
1749265686,1.20900000,3017.00000000,1.185
1749265686,1.21000000,3703.80000000,1.185
1749265686,1.21100000,12254.50000000,1.185
1749265686,1.21200000,32.80000000,1.185
1749265686,1.21300000,1490.30000000,1.185
1749265686,1.21400000,53.40000000,1.185
1749265686,1.21500000,1560.30000000,1.185
1749265686,1.21600000,4953.10000000,1.185
1749265686,1.21700000,2417.80000000,1.185
1749265686,1.21800000,84.80000000,1.185
1749265686,1.21900000,26.60000000,1.185
1749265686,1.22000000,4543.20000000,1.185
1749265686,1.22100000,80.00000000,1.185
1749265686,1.22200000,1572.30000000,1.185
1749265686,1.22300000,1784.60000000,1.185
1749265686,1.22400000,2356.50000000,1.185
1749265686,1.22500000,159.00000000,1.185
1749265686,1.22600000,4385.00000000,1.185
1749265686,1.22700000,1869.20000000,1.185
1749265686,1.22800000,4917.10000000,1.185
1749265686,1.22900000,1838.60000000,1.185
1749265686,1.23000000,3358.40000000,1.185
1749265686,1.23100000,81.30000000,1.185
1749265686,1.23200000,56.70000000,1.185
1749265686,1.23300000,5498.60000000,1.185
1749265686,1.23400000,1806.20000000,1.185
1749265686,1.23500000,1494.80000000,1.185
1749265686,1.23600000,1625.00000000,1.185
1749265686,1.23700000,505.10000000,1.185
1749265686,1.23800000,690.10000000,1.185
1749265686,1.23900000,65670.80000000,1.185
1749265686,1.24000000,10564.40000000,1.185
1749265686,1.24100000,40.60000000,1.185
1749265686,1.24200000,318.20000000,1.185
1749265686,1.24300000,1891.90000000,1.185
1749265686,1.24400000,45.20000000,1.185
1749265686,1.24500000,100906.10000000,1.185
1749265686,1.24600000,436.60000000,1.185
1749265686,1.24700000,22892.90000000,1.185
1749265686,1.24800000,118.90000000,1.185
1749265686,1.24900000,612.10000000,1.185
1749265686,1.25000000,19185.20000000,1.185
1749265686,1.25100000,314.40000000,1.185
1749265686,1.25200000,220.10000000,1.185
1749265686,1.25300000,112.90000000,1.185
1749265686,1.25400000,8.00000000,1.185
1749265686,1.25500000,992.90000000,1.185
1749265686,1.25600000,1916.00000000,1.185
1749265686,1.25700000,529.40000000,1.185
1749265686,1.25800000,57.50000000,1.185
1749265686,1.25900000,58.00000000,1.185
1749265686,1.26000000,9409.30000000,1.185
1749265686,1.26100000,64.40000000,1.185
1749265686,1.26200000,25.70000000,1.185
1749265686,1.26300000,969.10000000,1.185
1749265686,1.26400000,28.30000000,1.185
1749265686,1.26500000,1223.70000000,1.185
1749265686,1.26600000,462.20000000,1.185
1749265686,1.26700000,1416.50000000,1.185
1749265686,1.26800000,8428.50000000,1.185
1749265686,1.27000000,3332.30000000,1.185
1749265686,1.27100000,72.60000000,1.185
1749265686,1.27200000,39.50000000,1.185
1749265686,1.27300000,436.70000000,1.185
1749265686,1.27400000,57.70000000,1.185
1749265686,1.27500000,964.20000000,1.185
1749265686,1.27600000,5.10000000,1.185
1749265686,1.27700000,593.60000000,1.185
1749265686,1.27800000,31.10000000,1.185
1749265686,1.27900000,18.50000000,1.185
1749265686,1.28000000,4557.40000000,1.185
1749265686,1.28100000,63.40000000,1.185
1749265686,1.28200000,161.20000000,1.185
1749265686,1.28300000,70.80000000,1.185
1749265686,1.28400000,19.60000000,1.185
1749265686,1.28500000,657.00000000,1.185
1749265686,1.28600000,166.10000000,1.185
1749265988,1.19200000,12687.30000000,1.192
1749265988,1.19300000,58802.00000000,1.192
1749265988,1.19400000,28635.50000000,1.192
1749265988,1.19500000,22865.00000000,1.192
1749265988,1.19600000,18562.90000000,1.192
1749265988,1.19700000,23555.80000000,1.192
1749265988,1.19800000,4596.30000000,1.192
1749265988,1.19900000,5306.60000000,1.192
1749265988,1.20000000,48114.50000000,1.192
1749265988,1.20100000,2936.90000000,1.192
1749265988,1.20200000,18601.00000000,1.192
1749265988,1.20300000,2390.10000000,1.192
1749265988,1.20400000,14446.00000000,1.192
1749265988,1.20500000,9605.20000000,1.192
1749265988,1.20600000,2830.10000000,1.192
1749265988,1.20700000,16880.90000000,1.192
1749265988,1.20800000,2432.30000000,1.192
1749265988,1.20900000,16389.40000000,1.192
1749265988,1.21000000,3880.90000000,1.192
1749265988,1.21100000,1887.30000000,1.192
1749265988,1.21200000,39.10000000,1.192
1749265988,1.21300000,1702.60000000,1.192
1749265988,1.21400000,100268.90000000,1.192
1749265988,1.21500000,1566.60000000,1.192
1749265988,1.21600000,5086.80000000,1.192
1749265988,1.21700000,1581.60000000,1.192
1749265988,1.21800000,95.00000000,1.192
1749265988,1.21900000,10873.30000000,1.192
1749265988,1.22000000,4543.20000000,1.192
1749265988,1.22100000,1430.00000000,1.192
1749265988,1.22200000,2449.50000000,1.192
1749265988,1.22300000,1791.10000000,1.192
1749265988,1.22400000,2221.50000000,1.192
1749265988,1.22500000,1418.80000000,1.192
1749265988,1.22600000,4385.00000000,1.192
1749265988,1.22700000,2715.70000000,1.192
1749265988,1.22800000,4967.10000000,1.192
1749265988,1.22900000,3188.60000000,1.192
1749265988,1.23000000,4821.60000000,1.192
1749265988,1.23100000,81.30000000,1.192
1749265988,1.23200000,56.70000000,1.192
1749265988,1.23300000,2023.40000000,1.192
1749265988,1.23400000,317.60000000,1.192
1749265988,1.23500000,1494.80000000,1.192
1749265988,1.23600000,1625.00000000,1.192
1749265988,1.23700000,505.10000000,1.192
1749265988,1.23800000,490.60000000,1.192
1749265988,1.23900000,65670.80000000,1.192
1749265988,1.24000000,10614.40000000,1.192
1749265988,1.24100000,40.60000000,1.192
1749265988,1.24200000,318.20000000,1.192
1749265988,1.24300000,1891.90000000,1.192
1749265988,1.24400000,45.20000000,1.192
1749265988,1.24500000,104379.90000000,1.192
1749265988,1.24600000,444.60000000,1.192
1749265988,1.24700000,22892.90000000,1.192
1749265988,1.24800000,118.90000000,1.192
1749265988,1.24900000,612.10000000,1.192
1749265988,1.25000000,20084.10000000,1.192
1749265988,1.25100000,314.40000000,1.192
1749265988,1.25200000,3832.10000000,1.192
1749265988,1.25300000,112.90000000,1.192
1749265988,1.25400000,8.00000000,1.192
1749265988,1.25500000,992.90000000,1.192
1749265988,1.25600000,1916.00000000,1.192
1749265988,1.25700000,529.40000000,1.192
1749265988,1.25800000,57.50000000,1.192
1749265988,1.25900000,58.00000000,1.192
1749265988,1.26000000,11032.90000000,1.192
1749265988,1.26100000,64.40000000,1.192
1749265988,1.26200000,25.70000000,1.192
1749265988,1.26300000,969.10000000,1.192
1749265988,1.26400000,28.30000000,1.192
1749265988,1.26500000,1223.70000000,1.192
1749265988,1.26600000,462.20000000,1.192
1749265988,1.26700000,1416.50000000,1.192
1749265988,1.26800000,8428.50000000,1.192
1749265988,1.27000000,3332.30000000,1.192
1749265988,1.27100000,72.60000000,1.192
1749265988,1.27200000,39.50000000,1.192
1749265988,1.27300000,436.70000000,1.192
1749265988,1.27400000,57.70000000,1.192
1749265988,1.27500000,878.30000000,1.192
1749265988,1.27600000,5.10000000,1.192
1749265988,1.27700000,593.60000000,1.192
1749265988,1.27800000,31.10000000,1.192
1749265988,1.27900000,18.50000000,1.192
1749265988,1.28000000,4557.40000000,1.192
1749265988,1.28100000,63.40000000,1.192
1749265988,1.28200000,161.20000000,1.192
1749265988,1.28300000,70.80000000,1.192
1749265988,1.28400000,19.60000000,1.192
1749265988,1.28500000,657.00000000,1.192
1749265988,1.28600000,166.10000000,1.192
1749265988,1.28700000,230.00000000,1.192
1749265988,1.28800000,108.60000000,1.192
1749265988,1.28900000,3.90000000,1.192
1749265988,1.29000000,5228.70000000,1.192
1749265988,1.29100000,1103.70000000,1.192
1749265988,1.29200000,35.10000000,1.192
1749266294,1.19600000,30.50000000,1.196
1749266294,1.19700000,21622.80000000,1.196
1749266294,1.19800000,41249.60000000,1.196
1749266294,1.19900000,44804.60000000,1.196
1749266294,1.20000000,58760.00000000,1.196
1749266294,1.20100000,14906.90000000,1.196
1749266294,1.20200000,4377.30000000,1.196
1749266294,1.20300000,3900.80000000,1.196
1749266294,1.20400000,11159.00000000,1.196
1749266294,1.20500000,12596.40000000,1.196
1749266294,1.20600000,19264.20000000,1.196
1749266294,1.20700000,3025.10000000,1.196
1749266294,1.20800000,11777.10000000,1.196
1749266294,1.20900000,8497.50000000,1.196
1749266294,1.21000000,5504.20000000,1.196
1749266294,1.21100000,17297.90000000,1.196
1749266294,1.21200000,2350.20000000,1.196
1749266294,1.21300000,3714.40000000,1.196
1749266294,1.21400000,17377.20000000,1.196
1749266294,1.21500000,1566.60000000,1.196
1749266294,1.21600000,5013.60000000,1.196
1749266294,1.21700000,43093.00000000,1.196
1749266294,1.21800000,2328.90000000,1.196
1749266294,1.21900000,67065.70000000,1.196
1749266294,1.22000000,4719.50000000,1.196
1749266294,1.22100000,1430.00000000,1.196
1749266294,1.22200000,1572.30000000,1.196
1749266294,1.22300000,1791.10000000,1.196
1749266294,1.22400000,2221.50000000,1.196
1749266294,1.22500000,1425.20000000,1.196
1749266294,1.22600000,5262.20000000,1.196
1749266294,1.22700000,1879.50000000,1.196
1749266294,1.22800000,4967.10000000,1.196
1749266294,1.22900000,3188.60000000,1.196
1749266294,1.23000000,4821.60000000,1.196
1749266294,1.23100000,917.50000000,1.196
1749266294,1.23200000,1406.70000000,1.196
1749266294,1.23300000,3373.40000000,1.196
1749266294,1.23400000,1532.60000000,1.196
1749266294,1.23500000,2844.80000000,1.196
1749266294,1.23600000,1625.00000000,1.196
1749266294,1.23700000,505.10000000,1.196
1749266294,1.23800000,490.60000000,1.196
1749266294,1.23900000,65670.80000000,1.196
1749266294,1.24000000,10689.00000000,1.196
1749266294,1.24100000,40.60000000,1.196
1749266294,1.24200000,20584.50000000,1.196
1749266294,1.24300000,1891.90000000,1.196
1749266294,1.24400000,45.20000000,1.196
1749266294,1.24500000,100906.10000000,1.196
1749266294,1.24600000,444.60000000,1.196
1749266294,1.24700000,23027.90000000,1.196
1749266294,1.24800000,118.90000000,1.196
1749266294,1.24900000,612.10000000,1.196
1749266294,1.25000000,21428.50000000,1.196
1749266294,1.25100000,314.40000000,1.196
1749266294,1.25200000,7305.10000000,1.196
1749266294,1.25300000,112.90000000,1.196
1749266294,1.25400000,8.00000000,1.196
1749266294,1.25500000,992.90000000,1.196
1749266294,1.25600000,1916.00000000,1.196
1749266294,1.25700000,529.40000000,1.196
1749266294,1.25800000,57.50000000,1.196
1749266294,1.25900000,58.00000000,1.196
1749266294,1.26000000,9970.60000000,1.196
1749266294,1.26100000,64.40000000,1.196
1749266294,1.26200000,25.70000000,1.196
1749266294,1.26300000,969.10000000,1.196
1749266294,1.26400000,28.30000000,1.196
1749266294,1.26500000,1223.70000000,1.196
1749266294,1.26600000,462.20000000,1.196
1749266294,1.26700000,1416.50000000,1.196
1749266294,1.26800000,8428.50000000,1.196
1749266294,1.27000000,2691.30000000,1.196
1749266294,1.27100000,72.60000000,1.196
1749266294,1.27200000,39.50000000,1.196
1749266294,1.27300000,436.70000000,1.196
1749266294,1.27400000,57.70000000,1.196
1749266294,1.27500000,878.30000000,1.196
1749266294,1.27600000,5.10000000,1.196
1749266294,1.27700000,593.60000000,1.196
1749266294,1.27800000,31.10000000,1.196
1749266294,1.27900000,18.50000000,1.196
1749266294,1.28000000,4057.40000000,1.196
1749266294,1.28100000,63.40000000,1.196
1749266294,1.28200000,161.20000000,1.196
1749266294,1.28300000,70.80000000,1.196
1749266294,1.28400000,19.60000000,1.196
1749266294,1.28500000,657.00000000,1.196
1749266294,1.28600000,166.10000000,1.196
1749266294,1.28700000,230.00000000,1.196
1749266294,1.28800000,108.60000000,1.196
1749266294,1.28900000,3.90000000,1.196
1749266294,1.29000000,5228.70000000,1.196
1749266294,1.29100000,1103.70000000,1.196
1749266294,1.29200000,35.10000000,1.196
1749266294,1.29300000,89.40000000,1.196
1749266294,1.29400000,944.10000000,1.196
1749266294,1.29500000,89.20000000,1.196
1749266294,1.29600000,19.40000000,1.196
1749266595,1.19500000,8204.90000000,1.195
1749266595,1.19600000,25716.00000000,1.195
1749266595,1.19700000,44950.30000000,1.195
1749266595,1.19800000,37088.00000000,1.195
1749266595,1.19900000,33319.80000000,1.195
1749266595,1.20000000,58351.70000000,1.195
1749266595,1.20100000,3021.10000000,1.195
1749266595,1.20200000,4409.40000000,1.195
1749266595,1.20300000,2986.50000000,1.195
1749266595,1.20400000,14894.50000000,1.195
1749266595,1.20500000,19331.70000000,1.195
1749266595,1.20600000,18168.50000000,1.195
1749266595,1.20700000,8546.70000000,1.195
1749266595,1.20800000,10017.90000000,1.195
1749266595,1.20900000,1382.90000000,1.195
1749266595,1.21000000,5479.00000000,1.195
1749266595,1.21100000,1887.30000000,1.195
1749266595,1.21200000,2350.20000000,1.195
1749266595,1.21300000,2663.70000000,1.195
1749266595,1.21400000,72693.60000000,1.195
1749266595,1.21500000,42933.70000000,1.195
1749266595,1.21600000,5005.60000000,1.195
1749266595,1.21700000,1587.90000000,1.195
1749266595,1.21800000,1535.00000000,1.195
1749266595,1.21900000,1382.90000000,1.195
1749266595,1.22000000,4635.80000000,1.195
1749266595,1.22100000,1430.00000000,1.195
1749266595,1.22200000,2449.50000000,1.195
1749266595,1.22300000,1791.10000000,1.195
1749266595,1.22400000,2221.50000000,1.195
1749266595,1.22500000,1425.20000000,1.195
1749266595,1.22600000,4385.00000000,1.195
1749266595,1.22700000,2715.70000000,1.195
1749266595,1.22800000,4959.10000000,1.195
1749266595,1.22900000,3188.60000000,1.195
1749266595,1.23000000,14238.50000000,1.195
1749266595,1.23100000,81.30000000,1.195
1749266595,1.23200000,1406.70000000,1.195
1749266595,1.23300000,2023.40000000,1.195
1749266595,1.23400000,182.60000000,1.195
1749266595,1.23500000,1494.80000000,1.195
1749266595,1.23600000,1625.00000000,1.195
1749266595,1.23700000,505.10000000,1.195
1749266595,1.23800000,490.60000000,1.195
1749266595,1.23900000,65670.80000000,1.195
1749266595,1.24000000,10681.00000000,1.195
1749266595,1.24100000,40.60000000,1.195
1749266595,1.24200000,20584.50000000,1.195
1749266595,1.24300000,1891.90000000,1.195
1749266595,1.24400000,45.20000000,1.195
1749266595,1.24500000,101041.10000000,1.195
1749266595,1.24600000,444.60000000,1.195
1749266595,1.24700000,22892.90000000,1.195
1749266595,1.24800000,118.90000000,1.195
1749266595,1.24900000,612.10000000,1.195
1749266595,1.25000000,21298.30000000,1.195
1749266595,1.25100000,314.40000000,1.195
1749266595,1.25200000,3824.10000000,1.195
1749266595,1.25300000,3585.80000000,1.195
1749266595,1.25400000,8.00000000,1.195
1749266595,1.25500000,992.90000000,1.195
1749266595,1.25600000,1916.00000000,1.195
1749266595,1.25700000,529.40000000,1.195
1749266595,1.25800000,57.50000000,1.195
1749266595,1.25900000,58.00000000,1.195
1749266595,1.26000000,9970.60000000,1.195
1749266595,1.26100000,64.40000000,1.195
1749266595,1.26200000,25.70000000,1.195
1749266595,1.26300000,969.10000000,1.195
1749266595,1.26400000,28.30000000,1.195
1749266595,1.26500000,1223.70000000,1.195
1749266595,1.26600000,462.20000000,1.195
1749266595,1.26700000,1416.50000000,1.195
1749266595,1.26800000,8428.50000000,1.195
1749266595,1.27000000,2691.30000000,1.195
1749266595,1.27100000,72.60000000,1.195
1749266595,1.27200000,39.50000000,1.195
1749266595,1.27300000,436.70000000,1.195
1749266595,1.27400000,57.70000000,1.195
1749266595,1.27500000,878.30000000,1.195
1749266595,1.27600000,5.10000000,1.195
1749266595,1.27700000,593.60000000,1.195
1749266595,1.27800000,31.10000000,1.195
1749266595,1.27900000,18.50000000,1.195
1749266595,1.28000000,4057.40000000,1.195
1749266595,1.28100000,63.40000000,1.195
1749266595,1.28200000,161.20000000,1.195
1749266595,1.28300000,70.80000000,1.195
1749266595,1.28400000,19.60000000,1.195
1749266595,1.28500000,657.00000000,1.195
1749266595,1.28600000,166.10000000,1.195
1749266595,1.28700000,230.00000000,1.195
1749266595,1.28800000,108.60000000,1.195
1749266595,1.28900000,3.90000000,1.195
1749266595,1.29000000,5228.70000000,1.195
1749266595,1.29100000,1103.70000000,1.195
1749266595,1.29200000,35.10000000,1.195
1749266595,1.29300000,89.40000000,1.195
1749266595,1.29400000,944.10000000,1.195
1749266595,1.29500000,89.20000000,1.195
1749266897,1.19700000,8702.90000000,1.196
1749266897,1.19800000,49238.00000000,1.196
1749266897,1.19900000,49840.70000000,1.196
1749266897,1.20000000,49683.80000000,1.196
1749266897,1.20100000,17489.40000000,1.196
1749266897,1.20200000,20364.90000000,1.196
1749266897,1.20300000,4694.40000000,1.196
1749266897,1.20400000,6755.90000000,1.196
1749266897,1.20500000,3979.20000000,1.196
1749266897,1.20600000,11707.30000000,1.196
1749266897,1.20700000,19858.80000000,1.196
1749266897,1.20800000,16460.30000000,1.196
1749266897,1.20900000,2369.20000000,1.196
1749266897,1.21000000,21756.60000000,1.196
1749266897,1.21100000,1887.30000000,1.196
1749266897,1.21200000,2428.30000000,1.196
1749266897,1.21300000,2457.70000000,1.196
1749266897,1.21400000,16416.10000000,1.196
1749266897,1.21500000,1983.40000000,1.196
1749266897,1.21600000,5005.60000000,1.196
1749266897,1.21700000,42887.00000000,1.196
1749266897,1.21800000,2534.90000000,1.196
1749266897,1.21900000,1382.90000000,1.196
1749266897,1.22000000,58976.30000000,1.196
1749266897,1.22100000,1430.00000000,1.196
1749266897,1.22200000,1572.30000000,1.196
1749266897,1.22300000,1791.10000000,1.196
1749266897,1.22400000,2221.50000000,1.196
1749266897,1.22500000,1425.20000000,1.196
1749266897,1.22600000,5262.20000000,1.196
1749266897,1.22700000,1879.50000000,1.196
1749266897,1.22800000,4959.10000000,1.196
1749266897,1.22900000,3188.60000000,1.196
1749266897,1.23000000,14238.50000000,1.196
1749266897,1.23100000,917.50000000,1.196
1749266897,1.23200000,1406.70000000,1.196
1749266897,1.23300000,3373.40000000,1.196
1749266897,1.23400000,1532.60000000,1.196
1749266897,1.23500000,2844.80000000,1.196
1749266897,1.23600000,2975.00000000,1.196
1749266897,1.23700000,505.10000000,1.196
1749266897,1.23800000,490.60000000,1.196
1749266897,1.23900000,65670.80000000,1.196
1749266897,1.24000000,10681.00000000,1.196
1749266897,1.24100000,40.60000000,1.196
1749266897,1.24200000,20584.50000000,1.196
1749266897,1.24300000,1891.90000000,1.196
1749266897,1.24400000,45.20000000,1.196
1749266897,1.24500000,100906.10000000,1.196
1749266897,1.24600000,579.60000000,1.196
1749266897,1.24700000,22892.90000000,1.196
1749266897,1.24800000,118.90000000,1.196
1749266897,1.24900000,612.10000000,1.196
1749266897,1.25000000,21298.30000000,1.196
1749266897,1.25100000,314.40000000,1.196
1749266897,1.25200000,3824.10000000,1.196
1749266897,1.25300000,112.90000000,1.196
1749266897,1.25400000,8.00000000,1.196
1749266897,1.25500000,992.90000000,1.196
1749266897,1.25600000,1916.00000000,1.196
1749266897,1.25700000,529.40000000,1.196
1749266897,1.25800000,3529.90000000,1.196
1749266897,1.25900000,58.00000000,1.196
1749266897,1.26000000,9970.60000000,1.196
1749266897,1.26100000,64.40000000,1.196
1749266897,1.26200000,25.70000000,1.196
1749266897,1.26300000,969.10000000,1.196
1749266897,1.26400000,28.30000000,1.196
1749266897,1.26500000,1223.70000000,1.196
1749266897,1.26600000,462.20000000,1.196
1749266897,1.26700000,1416.50000000,1.196
1749266897,1.26800000,8428.50000000,1.196
1749266897,1.27000000,2691.30000000,1.196
1749266897,1.27100000,72.60000000,1.196
1749266897,1.27200000,39.50000000,1.196
1749266897,1.27300000,436.70000000,1.196
1749266897,1.27400000,57.70000000,1.196
1749266897,1.27500000,878.30000000,1.196
1749266897,1.27600000,5.10000000,1.196
1749266897,1.27700000,593.60000000,1.196
1749266897,1.27800000,31.10000000,1.196
1749266897,1.27900000,18.50000000,1.196
1749266897,1.28000000,4057.40000000,1.196
1749266897,1.28100000,63.40000000,1.196
1749266897,1.28200000,161.20000000,1.196
1749266897,1.28300000,70.80000000,1.196
1749266897,1.28400000,19.60000000,1.196
1749266897,1.28500000,657.00000000,1.196
1749266897,1.28600000,166.10000000,1.196
1749266897,1.28700000,230.00000000,1.196
1749266897,1.28800000,108.60000000,1.196
1749266897,1.28900000,3.90000000,1.196
1749266897,1.29000000,5228.70000000,1.196
1749266897,1.29100000,1103.70000000,1.196
1749266897,1.29200000,35.10000000,1.196
1749266897,1.29300000,89.40000000,1.196
1749266897,1.29400000,944.10000000,1.196
1749266897,1.29500000,89.20000000,1.196
1749266897,1.29600000,19.40000000,1.196
1749266897,1.29700000,1067.60000000,1.196
1749267199,1.19300000,9553.30000000,1.192
1749267199,1.19400000,41617.60000000,1.192
1749267199,1.19500000,43904.80000000,1.192
1749267199,1.19600000,30908.10000000,1.192
1749267199,1.19700000,24813.50000000,1.192
1749267199,1.19800000,24208.60000000,1.192
1749267199,1.19900000,23838.20000000,1.192
1749267199,1.20000000,39945.10000000,1.192
1749267199,1.20100000,12133.10000000,1.192
1749267199,1.20200000,18672.40000000,1.192
1749267199,1.20300000,10461.70000000,1.192
1749267199,1.20400000,7386.80000000,1.192
1749267199,1.20500000,2956.20000000,1.192
1749267199,1.20600000,2757.90000000,1.192
1749267199,1.20700000,2437.70000000,1.192
1749267199,1.20800000,10017.90000000,1.192
1749267199,1.20900000,2344.00000000,1.192
1749267199,1.21000000,63294.70000000,1.192
1749267199,1.21100000,1966.60000000,1.192
1749267199,1.21200000,2350.20000000,1.192
1749267199,1.21300000,2457.70000000,1.192
1749267199,1.21400000,17583.40000000,1.192
1749267199,1.21500000,56331.20000000,1.192
1749267199,1.21600000,5005.60000000,1.192
1749267199,1.21700000,3237.40000000,1.192
1749267199,1.21800000,1451.30000000,1.192
1749267199,1.21900000,1382.90000000,1.192
1749267199,1.22000000,4635.80000000,1.192
1749267199,1.22100000,1430.00000000,1.192
1749267199,1.22200000,2474.90000000,1.192
1749267199,1.22300000,1791.10000000,1.192
1749267199,1.22400000,2221.50000000,1.192
1749267199,1.22500000,1425.20000000,1.192
1749267199,1.22600000,4385.00000000,1.192
1749267199,1.22700000,2715.70000000,1.192
1749267199,1.22800000,4959.10000000,1.192
1749267199,1.22900000,3188.60000000,1.192
1749267199,1.23000000,14238.50000000,1.192
1749267199,1.23100000,81.30000000,1.192
1749267199,1.23200000,1406.70000000,1.192
1749267199,1.23300000,3373.40000000,1.192
1749267199,1.23400000,182.60000000,1.192
1749267199,1.23500000,1494.80000000,1.192
1749267199,1.23600000,1625.00000000,1.192
1749267199,1.23700000,505.10000000,1.192
1749267199,1.23800000,490.60000000,1.192
1749267199,1.23900000,65670.80000000,1.192
1749267199,1.24000000,10681.00000000,1.192
1749267199,1.24100000,40.60000000,1.192
1749267199,1.24200000,20584.50000000,1.192
1749267199,1.24300000,1891.90000000,1.192
1749267199,1.24400000,45.20000000,1.192
1749267199,1.24500000,101041.10000000,1.192
1749267199,1.24600000,444.60000000,1.192
1749267199,1.24700000,22892.90000000,1.192
1749267199,1.24800000,118.90000000,1.192
1749267199,1.24900000,612.10000000,1.192
1749267199,1.25000000,21298.30000000,1.192
1749267199,1.25100000,314.40000000,1.192
1749267199,1.25200000,3824.10000000,1.192
1749267199,1.25300000,112.90000000,1.192
1749267199,1.25400000,8.00000000,1.192
1749267199,1.25500000,992.90000000,1.192
1749267199,1.25600000,5388.60000000,1.192
1749267199,1.25700000,529.40000000,1.192
1749267199,1.25800000,57.50000000,1.192
1749267199,1.25900000,58.00000000,1.192
1749267199,1.26000000,9970.60000000,1.192
1749267199,1.26100000,64.40000000,1.192
1749267199,1.26200000,25.70000000,1.192
1749267199,1.26300000,969.10000000,1.192
1749267199,1.26400000,28.30000000,1.192
1749267199,1.26500000,1223.70000000,1.192
1749267199,1.26600000,462.20000000,1.192
1749267199,1.26700000,1416.50000000,1.192
1749267199,1.26800000,8428.50000000,1.192
1749267199,1.26900000,81.90000000,1.192
1749267199,1.27000000,2915.80000000,1.192
1749267199,1.27100000,72.60000000,1.192
1749267199,1.27200000,39.50000000,1.192
1749267199,1.27300000,436.70000000,1.192
1749267199,1.27400000,57.70000000,1.192
1749267199,1.27500000,878.30000000,1.192
1749267199,1.27600000,5.10000000,1.192
1749267199,1.27700000,593.60000000,1.192
1749267199,1.27800000,31.10000000,1.192
1749267199,1.27900000,18.50000000,1.192
1749267199,1.28000000,4057.40000000,1.192
1749267199,1.28100000,63.40000000,1.192
1749267199,1.28200000,161.20000000,1.192
1749267199,1.28300000,70.80000000,1.192
1749267199,1.28400000,19.60000000,1.192
1749267199,1.28500000,657.00000000,1.192
1749267199,1.28600000,166.10000000,1.192
1749267199,1.28700000,230.00000000,1.192
1749267199,1.28800000,108.60000000,1.192
1749267199,1.28900000,3.90000000,1.192
1749267199,1.29000000,5228.70000000,1.192
1749267199,1.29100000,1103.70000000,1.192
1749267199,1.29200000,35.10000000,1.192
1749267506,1.18900000,10658.00000000,1.188
1749267506,1.19000000,41665.20000000,1.188
1749267506,1.19100000,38099.60000000,1.188
1749267506,1.19200000,24274.30000000,1.188
1749267506,1.19300000,16202.80000000,1.188
1749267506,1.19400000,13872.90000000,1.188
1749267506,1.19500000,15815.20000000,1.188
1749267506,1.19600000,17249.30000000,1.188
1749267506,1.19700000,27289.00000000,1.188
1749267506,1.19800000,23818.90000000,1.188
1749267506,1.19900000,2191.60000000,1.188
1749267506,1.20000000,45326.70000000,1.188
1749267506,1.20100000,2340.30000000,1.188
1749267506,1.20200000,3377.00000000,1.188
1749267506,1.20300000,2385.50000000,1.188
1749267506,1.20400000,14148.50000000,1.188
1749267506,1.20500000,18243.70000000,1.188
1749267506,1.20600000,2757.90000000,1.188
1749267506,1.20700000,2437.70000000,1.188
1749267506,1.20800000,17451.40000000,1.188
1749267506,1.20900000,43910.10000000,1.188
1749267506,1.21000000,5589.20000000,1.188
1749267506,1.21100000,56371.60000000,1.188
1749267506,1.21200000,4023.70000000,1.188
1749267506,1.21300000,2457.70000000,1.188
1749267506,1.21400000,2486.90000000,1.188
1749267506,1.21500000,1566.60000000,1.188
1749267506,1.21600000,5005.60000000,1.188
1749267506,1.21700000,1587.90000000,1.188
1749267506,1.21800000,1451.30000000,1.188
1749267506,1.21900000,1382.90000000,1.188
1749267506,1.22000000,4635.80000000,1.188
1749267506,1.22100000,1430.00000000,1.188
1749267506,1.22200000,2474.90000000,1.188
1749267506,1.22300000,1791.10000000,1.188
1749267506,1.22400000,2221.50000000,1.188
1749267506,1.22500000,1425.20000000,1.188
1749267506,1.22600000,4385.00000000,1.188
1749267506,1.22700000,2715.70000000,1.188
1749267506,1.22800000,4959.10000000,1.188
1749267506,1.22900000,3188.60000000,1.188
1749267506,1.23000000,14538.40000000,1.188
1749267506,1.23100000,81.30000000,1.188
1749267506,1.23200000,1406.70000000,1.188
1749267506,1.23300000,2023.40000000,1.188
1749267506,1.23400000,182.60000000,1.188
1749267506,1.23500000,1494.80000000,1.188
1749267506,1.23600000,1625.00000000,1.188
1749267506,1.23700000,505.10000000,1.188
1749267506,1.23800000,490.60000000,1.188
1749267506,1.23900000,65670.80000000,1.188
1749267506,1.24000000,10681.00000000,1.188
1749267506,1.24100000,40.60000000,1.188
1749267506,1.24200000,20584.50000000,1.188
1749267506,1.24300000,1891.90000000,1.188
1749267506,1.24400000,45.20000000,1.188
1749267506,1.24500000,101041.10000000,1.188
1749267506,1.24600000,444.60000000,1.188
1749267506,1.24700000,22892.90000000,1.188
1749267506,1.24800000,118.90000000,1.188
1749267506,1.24900000,612.10000000,1.188
1749267506,1.25000000,22001.80000000,1.188
1749267506,1.25100000,314.40000000,1.188
1749267506,1.25200000,7297.10000000,1.188
1749267506,1.25300000,112.90000000,1.188
1749267506,1.25400000,8.00000000,1.188
1749267506,1.25500000,1013.50000000,1.188
1749267506,1.25600000,1916.00000000,1.188
1749267506,1.25700000,529.40000000,1.188
1749267506,1.25800000,57.50000000,1.188
1749267506,1.25900000,58.00000000,1.188
1749267506,1.26000000,9970.60000000,1.188
1749267506,1.26100000,64.40000000,1.188
1749267506,1.26200000,25.70000000,1.188
1749267506,1.26300000,969.10000000,1.188
1749267506,1.26400000,28.30000000,1.188
1749267506,1.26500000,1223.70000000,1.188
1749267506,1.26600000,462.20000000,1.188
1749267506,1.26700000,1416.50000000,1.188
1749267506,1.26800000,8428.50000000,1.188
1749267506,1.26900000,81.90000000,1.188
1749267506,1.27000000,2915.80000000,1.188
1749267506,1.27100000,72.60000000,1.188
1749267506,1.27200000,39.50000000,1.188
1749267506,1.27300000,436.70000000,1.188
1749267506,1.27400000,57.70000000,1.188
1749267506,1.27500000,878.30000000,1.188
1749267506,1.27600000,5.10000000,1.188
1749267506,1.27700000,593.60000000,1.188
1749267506,1.27800000,31.10000000,1.188
1749267506,1.27900000,18.50000000,1.188
1749267506,1.28000000,4057.40000000,1.188
1749267506,1.28100000,63.40000000,1.188
1749267506,1.28200000,161.20000000,1.188
1749267506,1.28300000,70.80000000,1.188
1749267506,1.28400000,19.60000000,1.188
1749267506,1.28500000,657.00000000,1.188
1749267506,1.28600000,166.10000000,1.188
1749267506,1.28700000,230.00000000,1.188
1749267506,1.28800000,108.60000000,1.188
1749267807,1.19700000,12758.50000000,1.197
1749267807,1.19800000,37131.80000000,1.197
1749267807,1.19900000,48484.90000000,1.197
1749267807,1.20000000,50141.40000000,1.197
1749267807,1.20100000,31609.00000000,1.197
1749267807,1.20200000,8833.40000000,1.197
1749267807,1.20300000,5570.30000000,1.197
1749267807,1.20400000,7493.20000000,1.197
1749267807,1.20500000,3467.10000000,1.197
1749267807,1.20600000,14047.10000000,1.197
1749267807,1.20700000,17613.00000000,1.197
1749267807,1.20800000,17367.00000000,1.197
1749267807,1.20900000,17754.60000000,1.197
1749267807,1.21000000,5515.50000000,1.197
1749267807,1.21100000,1887.30000000,1.197
1749267807,1.21200000,2350.20000000,1.197
1749267807,1.21300000,17470.50000000,1.197
1749267807,1.21400000,1403.30000000,1.197
1749267807,1.21500000,1566.60000000,1.197
1749267807,1.21600000,5005.60000000,1.197
1749267807,1.21700000,1587.90000000,1.197
1749267807,1.21800000,43800.10000000,1.197
1749267807,1.21900000,55867.20000000,1.197
1749267807,1.22000000,4635.80000000,1.197
1749267807,1.22100000,1513.70000000,1.197
1749267807,1.22200000,3276.70000000,1.197
1749267807,1.22300000,1791.10000000,1.197
1749267807,1.22400000,2221.50000000,1.197
1749267807,1.22500000,1425.20000000,1.197
1749267807,1.22600000,5262.20000000,1.197
1749267807,1.22700000,1879.50000000,1.197
1749267807,1.22800000,4959.10000000,1.197
1749267807,1.22900000,3188.60000000,1.197
1749267807,1.23000000,14538.40000000,1.197
1749267807,1.23100000,917.50000000,1.197
1749267807,1.23200000,1406.70000000,1.197
1749267807,1.23300000,2385.20000000,1.197
1749267807,1.23400000,1532.60000000,1.197
1749267807,1.23500000,1494.80000000,1.197
1749267807,1.23600000,1625.00000000,1.197
1749267807,1.23700000,505.10000000,1.197
1749267807,1.23800000,490.60000000,1.197
1749267807,1.23900000,65670.80000000,1.197
1749267807,1.24000000,10681.00000000,1.197
1749267807,1.24100000,40.60000000,1.197
1749267807,1.24200000,20584.50000000,1.197
1749267807,1.24300000,2026.90000000,1.197
1749267807,1.24400000,45.20000000,1.197
1749267807,1.24500000,100906.10000000,1.197
1749267807,1.24600000,444.60000000,1.197
