timestamp,price,volume,current_price
1749254648,1.13200000,9403.20000000,1.131
1749254648,1.13300000,36743.10000000,1.131
1749254648,1.13400000,38567.50000000,1.131
1749254648,1.13500000,33267.60000000,1.131
1749254648,1.13600000,8839.20000000,1.131
1749254648,1.13700000,8461.70000000,1.131
1749254648,1.13800000,3003.80000000,1.131
1749254648,1.13900000,11708.40000000,1.131
1749254648,1.14000000,2411.90000000,1.131
1749254648,1.14100000,19210.80000000,1.131
1749254648,1.14200000,25249.10000000,1.131
1749254648,1.14300000,10334.60000000,1.131
1749254648,1.14400000,12139.70000000,1.131
1749254648,1.14500000,16463.80000000,1.131
1749254648,1.14600000,1440.60000000,1.131
1749254648,1.14700000,1500.00000000,1.131
1749254648,1.14800000,2188.90000000,1.131
1749254648,1.14900000,1392.30000000,1.131
1749254648,1.15000000,48405.20000000,1.131
1749254648,1.15100000,1419.60000000,1.131
1749254648,1.15200000,58939.10000000,1.131
1749254648,1.15300000,5864.80000000,1.131
1749254648,1.15400000,1613.80000000,1.131
1749254648,1.15500000,46.10000000,1.131
1749254648,1.15600000,5040.30000000,1.131
1749254648,1.15700000,1626.90000000,1.131
1749254648,1.15800000,3077.30000000,1.131
1749254648,1.15900000,1506.80000000,1.131
1749254648,1.16000000,20982.70000000,1.131
1749254648,1.16100000,1849.50000000,1.131
1749254648,1.16200000,1550.90000000,1.131
1749254648,1.16300000,12.50000000,1.131
1749254648,1.16400000,1560.80000000,1.131
1749254648,1.16500000,2577.20000000,1.131
1749254648,1.16600000,1757.70000000,1.131
1749254648,1.16700000,4850.50000000,1.131
1749254648,1.16800000,2431.70000000,1.131
1749254648,1.16900000,1515.20000000,1.131
1749254648,1.17000000,361.60000000,1.131
1749254648,1.17100000,61.70000000,1.131
1749254648,1.17200000,262.90000000,1.131
1749254648,1.17300000,78.10000000,1.131
1749254648,1.17400000,1060.70000000,1.131
1749254648,1.17500000,190.70000000,1.131
1749254648,1.17600000,56.90000000,1.131
1749254648,1.17700000,1170.30000000,1.131
1749254648,1.17800000,5167.10000000,1.131
1749254648,1.17900000,116.50000000,1.131
1749254648,1.18000000,4367.10000000,1.131
1749254648,1.18100000,42.30000000,1.131
1749254648,1.18200000,13.50000000,1.131
1749254648,1.18300000,624.80000000,1.131
1749254648,1.18400000,81.70000000,1.131
1749254648,1.18500000,31.00000000,1.131
1749254648,1.18600000,254.90000000,1.131
1749254648,1.18700000,105.00000000,1.131
1749254648,1.18800000,51.40000000,1.131
1749254648,1.18900000,2283.40000000,1.131
1749254648,1.19000000,33804.90000000,1.131
1749254648,1.19100000,76.50000000,1.131
1749254648,1.19200000,5.00000000,1.131
1749254648,1.19300000,123.50000000,1.131
1749254648,1.19400000,338.30000000,1.131
1749254648,1.19500000,318.80000000,1.131
1749254648,1.19600000,5.00000000,1.131
1749254648,1.19700000,110.20000000,1.131
1749254648,1.19800000,24.70000000,1.131
1749254648,1.19900000,1894.30000000,1.131
1749254648,1.20000000,41809.30000000,1.131
1749254648,1.20100000,11.40000000,1.131
1749254648,1.20200000,30.00000000,1.131
1749254648,1.20300000,56.70000000,1.131
1749254648,1.20400000,77.60000000,1.131
1749254648,1.20500000,1165.50000000,1.131
1749254648,1.20600000,429.10000000,1.131
1749254648,1.20700000,108.90000000,1.131
1749254648,1.20800000,92.90000000,1.131
1749254648,1.20900000,5.10000000,1.131
1749254648,1.21000000,1852.40000000,1.131
1749254648,1.21100000,525.90000000,1.131
1749254648,1.21200000,27.80000000,1.131
1749254648,1.21300000,135.30000000,1.131
1749254648,1.21500000,195.40000000,1.131
1749254648,1.21600000,36.10000000,1.131
1749254648,1.21700000,226.60000000,1.131
1749254648,1.21800000,5.10000000,1.131
1749254648,1.21900000,21.60000000,1.131
1749254648,1.22000000,2874.40000000,1.131
1749254648,1.22100000,80.00000000,1.131
1749254648,1.22200000,222.30000000,1.131
1749254648,1.22300000,434.60000000,1.131
1749254648,1.22400000,871.50000000,1.131
1749254648,1.22500000,159.40000000,1.131
1749254648,1.22600000,604.90000000,1.131
1749254648,1.22700000,519.20000000,1.131
1749254648,1.22800000,5.10000000,1.131
1749254648,1.22900000,107.00000000,1.131
1749254648,1.23000000,3358.40000000,1.131
1749254648,1.23100000,81.30000000,1.131
1749254648,1.23200000,56.70000000,1.131
1749254972,1.13300000,8049.20000000,1.132
1749254972,1.13400000,41360.80000000,1.132
1749254972,1.13500000,42654.10000000,1.132
1749254972,1.13600000,26763.40000000,1.132
1749254972,1.13700000,26438.60000000,1.132
1749254972,1.13800000,3534.20000000,1.132
1749254972,1.13900000,2851.20000000,1.132
1749254972,1.14000000,11712.70000000,1.132
1749254972,1.14100000,2366.50000000,1.132
1749254972,1.14200000,36178.30000000,1.132
1749254972,1.14300000,10577.30000000,1.132
1749254972,1.14400000,18493.80000000,1.132
1749254972,1.14500000,16463.80000000,1.132
1749254972,1.14600000,1440.60000000,1.132
1749254972,1.14700000,1461.70000000,1.132
1749254972,1.14800000,2188.90000000,1.132
1749254972,1.14900000,1392.30000000,1.132
1749254972,1.15000000,48405.20000000,1.132
1749254972,1.15100000,1419.60000000,1.132
1749254972,1.15200000,58787.00000000,1.132
1749254972,1.15300000,5864.80000000,1.132
1749254972,1.15400000,1613.80000000,1.132
1749254972,1.15500000,46.10000000,1.132
1749254972,1.15600000,5040.30000000,1.132
1749254972,1.15700000,1626.90000000,1.132
1749254972,1.15800000,3077.30000000,1.132
1749254972,1.15900000,1506.80000000,1.132
1749254972,1.16000000,21245.30000000,1.132
1749254972,1.16100000,1849.50000000,1.132
1749254972,1.16200000,1550.90000000,1.132
1749254972,1.16300000,12.50000000,1.132
1749254972,1.16400000,1560.80000000,1.132
1749254972,1.16500000,2577.20000000,1.132
1749254972,1.16600000,1757.70000000,1.132
1749254972,1.16700000,4850.50000000,1.132
1749254972,1.16800000,2431.70000000,1.132
1749254972,1.16900000,1515.20000000,1.132
1749254972,1.17000000,361.60000000,1.132
1749254972,1.17100000,61.70000000,1.132
1749254972,1.17200000,262.90000000,1.132
1749254972,1.17300000,78.10000000,1.132
1749254972,1.17400000,1060.70000000,1.132
1749254972,1.17500000,190.70000000,1.132
1749254972,1.17600000,56.90000000,1.132
1749254972,1.17700000,1170.30000000,1.132
1749254972,1.17800000,5167.10000000,1.132
1749254972,1.17900000,116.50000000,1.132
1749254972,1.18000000,4367.10000000,1.132
1749254972,1.18100000,42.30000000,1.132
1749254972,1.18200000,13.50000000,1.132
1749254972,1.18300000,624.80000000,1.132
1749254972,1.18400000,81.70000000,1.132
1749254972,1.18500000,31.00000000,1.132
1749254972,1.18600000,254.90000000,1.132
1749254972,1.18700000,105.00000000,1.132
1749254972,1.18800000,51.40000000,1.132
1749254972,1.18900000,2159.40000000,1.132
1749254972,1.19000000,33804.90000000,1.132
1749254972,1.19100000,76.50000000,1.132
1749254972,1.19200000,5.00000000,1.132
1749254972,1.19300000,224.80000000,1.132
1749254972,1.19400000,338.30000000,1.132
1749254972,1.19500000,318.80000000,1.132
1749254972,1.19600000,5.00000000,1.132
1749254972,1.19700000,110.20000000,1.132
1749254972,1.19800000,24.70000000,1.132
1749254972,1.19900000,1894.30000000,1.132
1749254972,1.20000000,41746.50000000,1.132
1749254972,1.20100000,11.40000000,1.132
1749254972,1.20200000,30.00000000,1.132
1749254972,1.20300000,56.70000000,1.132
1749254972,1.20400000,77.60000000,1.132
1749254972,1.20500000,1165.50000000,1.132
1749254972,1.20600000,429.10000000,1.132
1749254972,1.20700000,108.90000000,1.132
1749254972,1.20800000,92.90000000,1.132
1749254972,1.20900000,5.10000000,1.132
1749254972,1.21000000,1852.40000000,1.132
1749254972,1.21100000,525.90000000,1.132
1749254972,1.21200000,27.80000000,1.132
1749254972,1.21300000,135.30000000,1.132
1749254972,1.21500000,195.40000000,1.132
1749254972,1.21600000,36.10000000,1.132
1749254972,1.21700000,226.60000000,1.132
1749254972,1.21800000,5.10000000,1.132
1749254972,1.21900000,21.60000000,1.132
1749254972,1.22000000,2874.40000000,1.132
1749254972,1.22100000,80.00000000,1.132
1749254972,1.22200000,222.30000000,1.132
1749254972,1.22300000,434.60000000,1.132
1749254972,1.22400000,871.50000000,1.132
1749254972,1.22500000,159.40000000,1.132
1749254972,1.22600000,604.90000000,1.132
1749254972,1.22700000,519.20000000,1.132
1749254972,1.22800000,5.10000000,1.132
1749254972,1.22900000,107.00000000,1.132
1749254972,1.23000000,3358.40000000,1.132
1749254972,1.23100000,81.30000000,1.132
1749254972,1.23200000,56.70000000,1.132
1749254972,1.23300000,2023.40000000,1.132
