timestamp,price,volume,current_price
1749258413,1.16100000,10312.80000000,1.16
1749258413,1.16200000,55355.30000000,1.16
1749258413,1.16300000,32572.10000000,1.16
1749258413,1.16400000,35189.00000000,1.16
1749258413,1.16500000,32200.30000000,1.16
1749258413,1.16600000,8713.40000000,1.16
1749258413,1.16700000,4248.00000000,1.16
1749258413,1.16800000,3099.60000000,1.16
1749258413,1.16900000,11835.00000000,1.16
1749258413,1.17000000,38202.50000000,1.16
1749258413,1.17100000,24778.50000000,1.16
1749258413,1.17200000,1572.80000000,1.16
1749258413,1.17300000,2395.80000000,1.16
1749258413,1.17400000,16720.70000000,1.16
1749258413,1.17500000,6950.30000000,1.16
1749258413,1.17600000,63.40000000,1.16
1749258413,1.17700000,56433.80000000,1.16
1749258413,1.17800000,1827.60000000,1.16
1749258413,1.17900000,123.00000000,1.16
1749258413,1.18000000,4981.20000000,1.16
1749258413,1.18100000,42606.80000000,1.16
1749258413,1.18200000,20.00000000,1.16
1749258413,1.18300000,10395.10000000,1.16
1749258413,1.18400000,2339.90000000,1.16
1749258413,1.18500000,31.00000000,1.16
1749258413,1.18600000,254.90000000,1.16
1749258413,1.18700000,4418.60000000,1.16
1749258413,1.18800000,257.40000000,1.16
1749258413,1.18900000,2121.20000000,1.16
1749258413,1.19000000,30324.80000000,1.16
1749258413,1.19100000,76.50000000,1.16
1749258413,1.19200000,5.00000000,1.16
1749258413,1.19300000,123.50000000,1.16
1749258413,1.19400000,338.30000000,1.16
1749258413,1.19500000,318.80000000,1.16
1749258413,1.19600000,5.00000000,1.16
1749258413,1.19700000,987.40000000,1.16
1749258413,1.19800000,3460.70000000,1.16
1749258413,1.19900000,1894.30000000,1.16
1749258413,1.20000000,39062.60000000,1.16
1749258413,1.20100000,11.40000000,1.16
1749258413,1.20200000,866.20000000,1.16
1749258413,1.20300000,56.70000000,1.16
1749258413,1.20400000,77.60000000,1.16
1749258413,1.20500000,1300.50000000,1.16
1749258413,1.20600000,429.10000000,1.16
1749258413,1.20700000,108.90000000,1.16
1749258413,1.20800000,92.90000000,1.16
1749258413,1.20900000,5.10000000,1.16
1749258413,1.21000000,5288.40000000,1.16
1749258413,1.21100000,525.90000000,1.16
1749258413,1.21200000,27.80000000,1.16
1749258413,1.21300000,3581.10000000,1.16
1749258413,1.21500000,195.40000000,1.16
1749258413,1.21600000,36.10000000,1.16
1749258413,1.21700000,226.60000000,1.16
1749258413,1.21800000,5.10000000,1.16
1749258413,1.21900000,21.60000000,1.16
1749258413,1.22000000,2874.40000000,1.16
1749258413,1.22100000,80.00000000,1.16
1749258413,1.22200000,222.30000000,1.16
1749258413,1.22300000,434.60000000,1.16
1749258413,1.22400000,871.50000000,1.16
1749258413,1.22500000,159.40000000,1.16
1749258413,1.22600000,604.90000000,1.16
1749258413,1.22700000,519.20000000,1.16
1749258413,1.22800000,5.10000000,1.16
1749258413,1.22900000,107.00000000,1.16
1749258413,1.23000000,3358.40000000,1.16
1749258413,1.23100000,81.30000000,1.16
1749258413,1.23200000,56.70000000,1.16
1749258413,1.23300000,2023.40000000,1.16
1749258413,1.23400000,108.90000000,1.16
1749258413,1.23500000,1683.60000000,1.16
1749258413,1.23600000,1625.00000000,1.16
1749258413,1.23700000,505.10000000,1.16
1749258413,1.23800000,678.00000000,1.16
1749258413,1.23900000,54.60000000,1.16
1749258413,1.24000000,6714.40000000,1.16
1749258413,1.24100000,40.60000000,1.16
1749258413,1.24200000,245.00000000,1.16
1749258413,1.24300000,1891.90000000,1.16
1749258413,1.24400000,45.20000000,1.16
1749258413,1.24500000,100906.10000000,1.16
1749258413,1.24600000,436.60000000,1.16
1749258413,1.24700000,22942.90000000,1.16
1749258413,1.24800000,118.90000000,1.16
1749258413,1.24900000,612.10000000,1.16
1749258413,1.25000000,10317.60000000,1.16
1749258413,1.25100000,241.70000000,1.16
1749258413,1.25200000,220.10000000,1.16
1749258413,1.25300000,112.90000000,1.16
1749258413,1.25400000,8.00000000,1.16
1749258413,1.25500000,960.10000000,1.16
1749258413,1.25600000,1916.00000000,1.16
1749258413,1.25700000,529.40000000,1.16
1749258413,1.25800000,57.50000000,1.16
1749258413,1.25900000,58.00000000,1.16
1749258413,1.26000000,8537.40000000,1.16
1749258413,1.26100000,64.40000000,1.16
1749258749,1.15800000,7432.70000000,1.158
1749258749,1.15900000,42937.30000000,1.158
1749258749,1.16000000,52902.80000000,1.158
1749258749,1.16100000,51437.40000000,1.158
1749258749,1.16200000,26720.20000000,1.158
1749258749,1.16300000,24333.40000000,1.158
1749258749,1.16400000,4024.60000000,1.158
1749258749,1.16500000,13791.20000000,1.158
1749258749,1.16600000,3238.90000000,1.158
1749258749,1.16700000,11797.40000000,1.158
1749258749,1.16800000,25624.90000000,1.158
1749258749,1.16900000,18611.40000000,1.158
1749258749,1.17000000,11955.20000000,1.158
1749258749,1.17100000,2514.00000000,1.158
1749258749,1.17200000,17173.60000000,1.158
1749258749,1.17300000,2400.80000000,1.158
1749258749,1.17400000,1523.40000000,1.158
1749258749,1.17500000,5994.20000000,1.158
1749258749,1.17600000,90.00000000,1.158
1749258749,1.17700000,99287.80000000,1.158
1749258749,1.17800000,1854.20000000,1.158
1749258749,1.17900000,128.00000000,1.158
1749258749,1.18000000,4643.20000000,1.158
1749258749,1.18100000,53.80000000,1.158
1749258749,1.18200000,231.00000000,1.158
1749258749,1.18300000,10400.10000000,1.158
1749258749,1.18400000,964.30000000,1.158
1749258749,1.18500000,36.00000000,1.158
1749258749,1.18600000,259.90000000,1.158
1749258749,1.18700000,3546.00000000,1.158
1749258749,1.18800000,56.40000000,1.158
1749258749,1.18900000,2126.20000000,1.158
1749258749,1.19000000,30329.80000000,1.158
1749258749,1.19100000,958.70000000,1.158
1749258749,1.19200000,10.00000000,1.158
1749258749,1.19300000,128.50000000,1.158
1749258749,1.19400000,343.30000000,1.158
1749258749,1.19500000,323.80000000,1.158
1749258749,1.19600000,10.00000000,1.158
1749258749,1.19700000,115.20000000,1.158
1749258749,1.19800000,4301.90000000,1.158
1749258749,1.19900000,1899.30000000,1.158
1749258749,1.20000000,39067.60000000,1.158
1749258749,1.20100000,11.40000000,1.158
1749258749,1.20200000,30.00000000,1.158
1749258749,1.20300000,56.70000000,1.158
1749258749,1.20400000,77.60000000,1.158
1749258749,1.20500000,1300.50000000,1.158
1749258749,1.20600000,429.10000000,1.158
1749258749,1.20700000,108.90000000,1.158
1749258749,1.20800000,92.90000000,1.158
1749258749,1.20900000,5.10000000,1.158
1749258749,1.21000000,5288.40000000,1.158
1749258749,1.21100000,525.90000000,1.158
1749258749,1.21200000,27.80000000,1.158
1749258749,1.21300000,135.30000000,1.158
1749258749,1.21500000,195.40000000,1.158
1749258749,1.21600000,3493.80000000,1.158
1749258749,1.21700000,226.60000000,1.158
1749258749,1.21800000,5.10000000,1.158
1749258749,1.21900000,21.60000000,1.158
1749258749,1.22000000,3630.80000000,1.158
1749258749,1.22100000,80.00000000,1.158
1749258749,1.22200000,222.30000000,1.158
1749258749,1.22300000,434.60000000,1.158
1749258749,1.22400000,871.50000000,1.158
1749258749,1.22500000,159.40000000,1.158
1749258749,1.22600000,604.90000000,1.158
1749258749,1.22700000,519.20000000,1.158
1749258749,1.22800000,5.10000000,1.158
1749258749,1.22900000,1838.60000000,1.158
1749258749,1.23000000,3358.40000000,1.158
1749258749,1.23100000,81.30000000,1.158
1749258749,1.23200000,56.70000000,1.158
1749258749,1.23300000,2023.40000000,1.158
1749258749,1.23400000,108.90000000,1.158
1749258749,1.23500000,1683.60000000,1.158
1749258749,1.23600000,1625.00000000,1.158
1749258749,1.23700000,505.10000000,1.158
1749258749,1.23800000,678.00000000,1.158
1749258749,1.23900000,54.60000000,1.158
1749258749,1.24000000,6714.40000000,1.158
1749258749,1.24100000,40.60000000,1.158
1749258749,1.24200000,245.00000000,1.158
1749258749,1.24300000,1891.90000000,1.158
1749258749,1.24400000,45.20000000,1.158
1749258749,1.24500000,100906.10000000,1.158
1749258749,1.24600000,436.60000000,1.158
1749258749,1.24700000,22942.90000000,1.158
1749258749,1.24800000,118.90000000,1.158
1749258749,1.24900000,612.10000000,1.158
1749258749,1.25000000,9471.10000000,1.158
1749258749,1.25100000,241.70000000,1.158
1749258749,1.25200000,220.10000000,1.158
1749258749,1.25300000,112.90000000,1.158
1749258749,1.25400000,8.00000000,1.158
1749258749,1.25500000,960.10000000,1.158
1749258749,1.25600000,1916.00000000,1.158
1749258749,1.25700000,529.40000000,1.158
1749258749,1.25800000,57.50000000,1.158
1749259050,1.15900000,12856.70000000,1.158
1749259050,1.16000000,67792.20000000,1.158
1749259050,1.16100000,46284.60000000,1.158
1749259050,1.16200000,29767.00000000,1.158
1749259050,1.16300000,43106.00000000,1.158
1749259050,1.16400000,13425.70000000,1.158
1749259050,1.16500000,6438.20000000,1.158
1749259050,1.16600000,6072.70000000,1.158
1749259050,1.16700000,12441.40000000,1.158
1749259050,1.16800000,18173.90000000,1.158
1749259050,1.16900000,9190.40000000,1.158
1749259050,1.17000000,5478.20000000,1.158
1749259050,1.17100000,10836.00000000,1.158
1749259050,1.17200000,1210.50000000,1.158
1749259050,1.17300000,16786.50000000,1.158
1749259050,1.17400000,4582.40000000,1.158
1749259050,1.17500000,3540.50000000,1.158
1749259050,1.17600000,90.00000000,1.158
1749259050,1.17700000,59878.10000000,1.158
1749259050,1.17800000,2815.30000000,1.158
1749259050,1.17900000,128.00000000,1.158
1749259050,1.18000000,5604.30000000,1.158
1749259050,1.18100000,55991.50000000,1.158
1749259050,1.18200000,986.10000000,1.158
1749259050,1.18300000,12089.20000000,1.158
1749259050,1.18400000,1981.40000000,1.158
1749259050,1.18500000,248.50000000,1.158
1749259050,1.18600000,3741.90000000,1.158
1749259050,1.18700000,110.00000000,1.158
1749259050,1.18800000,56.40000000,1.158
1749259050,1.18900000,2126.20000000,1.158
1749259050,1.19000000,30468.40000000,1.158
1749259050,1.19100000,81.50000000,1.158
1749259050,1.19200000,10.00000000,1.158
1749259050,1.19300000,128.50000000,1.158
1749259050,1.19400000,1220.50000000,1.158
1749259050,1.19500000,323.80000000,1.158
1749259050,1.19600000,10.00000000,1.158
1749259050,1.19700000,115.20000000,1.158
1749259050,1.19800000,3511.70000000,1.158
1749259050,1.19900000,1899.30000000,1.158
1749259050,1.20000000,39067.60000000,1.158
1749259050,1.20100000,11.40000000,1.158
1749259050,1.20200000,866.20000000,1.158
1749259050,1.20300000,56.70000000,1.158
1749259050,1.20400000,77.60000000,1.158
1749259050,1.20500000,1300.50000000,1.158
1749259050,1.20600000,429.10000000,1.158
1749259050,1.20700000,108.90000000,1.158
1749259050,1.20800000,92.90000000,1.158
1749259050,1.20900000,3487.10000000,1.158
1749259050,1.21000000,1852.40000000,1.158
1749259050,1.21100000,525.90000000,1.158
1749259050,1.21200000,27.80000000,1.158
1749259050,1.21300000,135.30000000,1.158
1749259050,1.21500000,195.40000000,1.158
1749259050,1.21600000,36.10000000,1.158
1749259050,1.21700000,226.60000000,1.158
1749259050,1.21800000,5.10000000,1.158
1749259050,1.21900000,21.60000000,1.158
1749259050,1.22000000,3630.80000000,1.158
1749259050,1.22100000,3562.00000000,1.158
1749259050,1.22200000,3698.80000000,1.158
1749259050,1.22300000,434.60000000,1.158
1749259050,1.22400000,871.50000000,1.158
1749259050,1.22500000,159.40000000,1.158
1749259050,1.22600000,604.90000000,1.158
1749259050,1.22700000,519.20000000,1.158
1749259050,1.22800000,5.10000000,1.158
1749259050,1.22900000,1838.60000000,1.158
1749259050,1.23000000,3358.40000000,1.158
1749259050,1.23100000,81.30000000,1.158
1749259050,1.23200000,56.70000000,1.158
1749259050,1.23300000,2023.40000000,1.158
1749259050,1.23400000,108.90000000,1.158
1749259050,1.23500000,1683.60000000,1.158
1749259050,1.23600000,1625.00000000,1.158
1749259050,1.23700000,505.10000000,1.158
1749259050,1.23800000,678.00000000,1.158
1749259050,1.23900000,54.60000000,1.158
1749259050,1.24000000,6714.40000000,1.158
1749259050,1.24100000,40.60000000,1.158
1749259050,1.24200000,245.00000000,1.158
1749259050,1.24300000,1891.90000000,1.158
1749259050,1.24400000,45.20000000,1.158
1749259050,1.24500000,100906.10000000,1.158
1749259050,1.24600000,436.60000000,1.158
1749259050,1.24700000,22942.90000000,1.158
1749259050,1.24800000,118.90000000,1.158
1749259050,1.24900000,612.10000000,1.158
1749259050,1.25000000,9471.10000000,1.158
1749259050,1.25100000,241.70000000,1.158
1749259050,1.25200000,220.10000000,1.158
1749259050,1.25300000,112.90000000,1.158
1749259050,1.25400000,8.00000000,1.158
1749259050,1.25500000,960.10000000,1.158
1749259050,1.25600000,1916.00000000,1.158
1749259050,1.25700000,529.40000000,1.158
1749259050,1.25800000,57.50000000,1.158
1749259050,1.25900000,58.00000000,1.158
