timestamp,price,volume,current_price
1749258365,0.73700000,66436.70000000,0.736
1749258365,0.73800000,245920.00000000,0.736
1749258365,0.73900000,134963.60000000,0.736
1749258365,0.74000000,42519.80000000,0.736
1749258365,0.74100000,35055.40000000,0.736
1749258365,0.74200000,24396.70000000,0.736
1749258365,0.74300000,62687.40000000,0.736
1749258365,0.74400000,15234.20000000,0.736
1749258365,0.74500000,18309.50000000,0.736
1749258365,0.74600000,2016.50000000,0.736
1749258365,0.74700000,7993.80000000,0.736
1749258365,0.74800000,2828.30000000,0.736
1749258365,0.74900000,2123.50000000,0.736
1749258365,0.75000000,72014.10000000,0.736
1749258365,0.75100000,1929.90000000,0.736
1749258365,0.75200000,43626.50000000,0.736
1749258365,0.75300000,42957.60000000,0.736
1749258365,0.75400000,13732.50000000,0.736
1749258365,0.75500000,4510.80000000,0.736
1749258365,0.75600000,305.10000000,0.736
1749258365,0.75700000,3929.80000000,0.736
1749258365,0.75800000,4784.50000000,0.736
1749258365,0.75900000,4149.70000000,0.736
1749258365,0.76000000,28855.40000000,0.736
1749258365,0.76100000,1530.30000000,0.736
1749258365,0.76200000,17771.90000000,0.736
1749258365,0.76300000,194.50000000,0.736
1749258365,0.76400000,454.00000000,0.736
1749258365,0.76500000,1811.60000000,0.736
1749258365,0.76600000,3568.20000000,0.736
1749258365,0.76700000,1508.20000000,0.736
1749258365,0.76800000,1302.80000000,0.736
1749258365,0.76900000,917.20000000,0.736
1749258365,0.77000000,97306.50000000,0.736
1749258365,0.77100000,2976.20000000,0.736
1749258365,0.77200000,491.20000000,0.736
1749258365,0.77300000,243.20000000,0.736
1749258365,0.77400000,7418.70000000,0.736
1749258365,0.77500000,201.00000000,0.736
1749258365,0.77600000,1609.50000000,0.736
1749258365,0.77700000,108.60000000,0.736
1749258365,0.77800000,28670.60000000,0.736
1749258365,0.77900000,508.00000000,0.736
1749258365,0.78000000,21290.10000000,0.736
1749258365,0.78100000,1608.00000000,0.736
1749258365,0.78200000,3666.00000000,0.736
1749258365,0.78300000,10577.30000000,0.736
1749258365,0.78400000,121.80000000,0.736
1749258365,0.78500000,6909.60000000,0.736
1749258365,0.78600000,465.50000000,0.736
1749258365,0.78700000,1120.00000000,0.736
1749258365,0.78800000,516.60000000,0.736
1749258365,0.78900000,5232.40000000,0.736
1749258365,0.79000000,4459.50000000,0.736
1749258365,0.79100000,423.70000000,0.736
1749258365,0.79200000,6504.20000000,0.736
1749258365,0.79300000,5144.30000000,0.736
1749258365,0.79400000,14806.30000000,0.736
1749258365,0.79500000,11162.30000000,0.736
1749258365,0.79600000,396.80000000,0.736
1749258365,0.79700000,2518.60000000,0.736
1749258365,0.79800000,5396.60000000,0.736
1749258365,0.79900000,2916.50000000,0.736
1749258365,0.80000000,26190.00000000,0.736
1749258365,0.80100000,1567.50000000,0.736
1749258365,0.80200000,5827.50000000,0.736
1749258365,0.80300000,1412.60000000,0.736
1749258365,0.80400000,1255.20000000,0.736
1749258365,0.80500000,5599.00000000,0.736
1749258365,0.80600000,477.70000000,0.736
1749258365,0.80700000,322.40000000,0.736
1749258365,0.80800000,1124.10000000,0.736
1749258365,0.80900000,14249.40000000,0.736
1749258365,0.81000000,126808.50000000,0.736
1749258365,0.81100000,8119.50000000,0.736
1749258365,0.81200000,11104.30000000,0.736
1749258365,0.81300000,126.40000000,0.736
1749258365,0.81400000,3908.10000000,0.736
1749258365,0.81500000,16982.80000000,0.736
1749258365,0.81600000,222.70000000,0.736
1749258365,0.81700000,1202.90000000,0.736
1749258365,0.81800000,581.00000000,0.736
1749258365,0.81900000,1126.10000000,0.736
1749258365,0.82000000,28970.90000000,0.736
1749258365,0.82100000,163.90000000,0.736
1749258365,0.82200000,11160.50000000,0.736
1749258365,0.82300000,893.90000000,0.736
1749258365,0.82400000,11651.90000000,0.736
1749258365,0.82500000,45706.20000000,0.736
1749258365,0.82600000,2424.20000000,0.736
1749258365,0.82700000,2751.30000000,0.736
1749258365,0.82800000,155.40000000,0.736
1749258365,0.82900000,1944.30000000,0.736
1749258365,0.83000000,8054.90000000,0.736
1749258365,0.83100000,1381.40000000,0.736
1749258365,0.83200000,63507.80000000,0.736
1749258365,0.83300000,429.30000000,0.736
1749258365,0.83400000,2207.30000000,0.736
1749258365,0.83500000,5035.70000000,0.736
1749258365,0.83600000,1027.70000000,0.736
1749258681,0.73500000,35419.20000000,0.734
1749258681,0.73600000,193209.70000000,0.734
1749258681,0.73700000,169274.20000000,0.734
1749258681,0.73800000,85170.40000000,0.734
1749258681,0.73900000,46750.50000000,0.734
1749258681,0.74000000,26008.10000000,0.734
1749258681,0.74100000,40188.00000000,0.734
1749258681,0.74200000,32482.10000000,0.734
1749258681,0.74300000,20741.80000000,0.734
1749258681,0.74400000,15573.60000000,0.734
1749258681,0.74500000,14696.60000000,0.734
1749258681,0.74600000,3750.70000000,0.734
1749258681,0.74700000,29051.40000000,0.734
1749258681,0.74800000,24853.00000000,0.734
1749258681,0.74900000,2397.20000000,0.734
1749258681,0.75000000,22426.80000000,0.734
1749258681,0.75100000,219.90000000,0.734
1749258681,0.75200000,41950.50000000,0.734
1749258681,0.75300000,40973.90000000,0.734
1749258681,0.75400000,11289.60000000,0.734
1749258681,0.75500000,6682.80000000,0.734
1749258681,0.75600000,305.10000000,0.734
1749258681,0.75700000,863.20000000,0.734
1749258681,0.75800000,6472.00000000,0.734
1749258681,0.75900000,4694.80000000,0.734
1749258681,0.76000000,27178.10000000,0.734
1749258681,0.76100000,1530.30000000,0.734
1749258681,0.76200000,17771.90000000,0.734
1749258681,0.76300000,184.40000000,0.734
1749258681,0.76400000,454.00000000,0.734
1749258681,0.76500000,3148.80000000,0.734
1749258681,0.76600000,3568.20000000,0.734
1749258681,0.76700000,502.40000000,0.734
1749258681,0.76800000,1302.80000000,0.734
1749258681,0.76900000,379.10000000,0.734
1749258681,0.77000000,97306.50000000,0.734
1749258681,0.77100000,2976.20000000,0.734
1749258681,0.77200000,491.20000000,0.734
1749258681,0.77300000,243.20000000,0.734
1749258681,0.77400000,8710.30000000,0.734
1749258681,0.77500000,201.00000000,0.734
1749258681,0.77600000,646.40000000,0.734
1749258681,0.77700000,108.60000000,0.734
1749258681,0.77800000,28342.10000000,0.734
1749258681,0.77900000,525.50000000,0.734
1749258681,0.78000000,21290.10000000,0.734
1749258681,0.78100000,1608.00000000,0.734
1749258681,0.78200000,3658.40000000,0.734
1749258681,0.78300000,10577.30000000,0.734
1749258681,0.78400000,121.80000000,0.734
1749258681,0.78500000,6909.60000000,0.734
1749258681,0.78600000,465.50000000,0.734
1749258681,0.78700000,1120.00000000,0.734
1749258681,0.78800000,516.60000000,0.734
1749258681,0.78900000,5232.40000000,0.734
1749258681,0.79000000,4459.50000000,0.734
1749258681,0.79100000,423.70000000,0.734
1749258681,0.79200000,6504.20000000,0.734
1749258681,0.79300000,5144.30000000,0.734
1749258681,0.79400000,14806.30000000,0.734
1749258681,0.79500000,11162.30000000,0.734
1749258681,0.79600000,396.80000000,0.734
1749258681,0.79700000,2518.60000000,0.734
1749258681,0.79800000,5396.60000000,0.734
1749258681,0.79900000,1268.80000000,0.734
1749258681,0.80000000,26190.00000000,0.734
1749258681,0.80100000,1567.50000000,0.734
1749258681,0.80200000,5827.50000000,0.734
1749258681,0.80300000,1412.60000000,0.734
1749258681,0.80400000,1255.20000000,0.734
1749258681,0.80500000,5599.00000000,0.734
1749258681,0.80600000,477.70000000,0.734
1749258681,0.80700000,322.40000000,0.734
1749258681,0.80800000,1124.10000000,0.734
1749258681,0.80900000,14063.60000000,0.734
1749258681,0.81000000,126794.80000000,0.734
1749258681,0.81100000,8105.80000000,0.734
1749258681,0.81200000,11104.30000000,0.734
1749258681,0.81300000,126.40000000,0.734
1749258681,0.81400000,3908.10000000,0.734
1749258681,0.81500000,16982.80000000,0.734
1749258681,0.81600000,222.70000000,0.734
1749258681,0.81700000,1202.90000000,0.734
1749258681,0.81800000,581.00000000,0.734
1749258681,0.81900000,1126.10000000,0.734
1749258681,0.82000000,28970.90000000,0.734
1749258681,0.82100000,163.90000000,0.734
1749258681,0.82200000,11160.50000000,0.734
1749258681,0.82300000,893.90000000,0.734
1749258681,0.82400000,11651.90000000,0.734
1749258681,0.82500000,45706.20000000,0.734
1749258681,0.82600000,2424.20000000,0.734
1749258681,0.82700000,2751.30000000,0.734
1749258681,0.82800000,155.40000000,0.734
1749258681,0.82900000,1944.30000000,0.734
1749258681,0.83000000,8054.90000000,0.734
1749258681,0.83100000,1381.40000000,0.734
1749258681,0.83200000,63507.80000000,0.734
1749258681,0.83300000,429.30000000,0.734
1749258681,0.83400000,2207.30000000,0.734
1749258983,0.73500000,30697.10000000,0.734
1749258983,0.73600000,218315.30000000,0.734
1749258983,0.73700000,168246.20000000,0.734
1749258983,0.73800000,76743.10000000,0.734
1749258983,0.73900000,53048.90000000,0.734
1749258983,0.74000000,25980.00000000,0.734
1749258983,0.74100000,40914.10000000,0.734
1749258983,0.74200000,32504.10000000,0.734
1749258983,0.74300000,21422.00000000,0.734
1749258983,0.74400000,15573.60000000,0.734
1749258983,0.74500000,14696.60000000,0.734
1749258983,0.74600000,3750.70000000,0.734
1749258983,0.74700000,564.60000000,0.734
1749258983,0.74800000,49883.40000000,0.734
1749258983,0.74900000,413.50000000,0.734
1749258983,0.75000000,21404.20000000,0.734
1749258983,0.75100000,493.60000000,0.734
1749258983,0.75200000,42717.40000000,0.734
1749258983,0.75300000,40960.60000000,0.734
1749258983,0.75400000,11289.60000000,0.734
1749258983,0.75500000,4620.70000000,0.734
1749258983,0.75600000,305.10000000,0.734
1749258983,0.75700000,3197.80000000,0.734
1749258983,0.75800000,6472.00000000,0.734
1749258983,0.75900000,4694.80000000,0.734
1749258983,0.76000000,27178.10000000,0.734
1749258983,0.76100000,1530.30000000,0.734
1749258983,0.76200000,17771.90000000,0.734
1749258983,0.76300000,184.40000000,0.734
1749258983,0.76400000,454.00000000,0.734
1749258983,0.76500000,1804.20000000,0.734
1749258983,0.76600000,3568.20000000,0.734
1749258983,0.76700000,1847.00000000,0.734
1749258983,0.76800000,1302.80000000,0.734
1749258983,0.76900000,563.80000000,0.734
1749258983,0.77000000,97580.60000000,0.734
1749258983,0.77100000,2976.20000000,0.734
1749258983,0.77200000,491.20000000,0.734
1749258983,0.77300000,256.20000000,0.734
1749258983,0.77400000,8710.30000000,0.734
1749258983,0.77500000,201.00000000,0.734
1749258983,0.77600000,646.40000000,0.734
1749258983,0.77700000,108.60000000,0.734
1749258983,0.77800000,28342.10000000,0.734
1749258983,0.77900000,525.50000000,0.734
1749258983,0.78000000,21290.10000000,0.734
1749258983,0.78100000,1608.00000000,0.734
1749258983,0.78200000,3658.40000000,0.734
1749258983,0.78300000,10577.30000000,0.734
1749258983,0.78400000,121.80000000,0.734
1749258983,0.78500000,6909.60000000,0.734
1749258983,0.78600000,465.50000000,0.734
1749258983,0.78700000,1120.00000000,0.734
1749258983,0.78800000,516.60000000,0.734
1749258983,0.78900000,5232.40000000,0.734
1749258983,0.79000000,4459.50000000,0.734
1749258983,0.79100000,423.70000000,0.734
1749258983,0.79200000,6504.20000000,0.734
1749258983,0.79300000,5144.30000000,0.734
1749258983,0.79400000,14806.30000000,0.734
1749258983,0.79500000,11162.30000000,0.734
1749258983,0.79600000,396.80000000,0.734
1749258983,0.79700000,2518.60000000,0.734
1749258983,0.79800000,5396.60000000,0.734
1749258983,0.79900000,1268.80000000,0.734
1749258983,0.80000000,26190.00000000,0.734
1749258983,0.80100000,1567.50000000,0.734
1749258983,0.80200000,5827.50000000,0.734
1749258983,0.80300000,1412.60000000,0.734
1749258983,0.80400000,1255.20000000,0.734
1749258983,0.80500000,5599.00000000,0.734
1749258983,0.80600000,477.70000000,0.734
1749258983,0.80700000,322.40000000,0.734
1749258983,0.80800000,1124.10000000,0.734
1749258983,0.80900000,14187.30000000,0.734
1749258983,0.81000000,126794.80000000,0.734
1749258983,0.81100000,8105.80000000,0.734
1749258983,0.81200000,11104.30000000,0.734
1749258983,0.81300000,126.40000000,0.734
1749258983,0.81400000,3908.10000000,0.734
1749258983,0.81500000,16982.80000000,0.734
1749258983,0.81600000,222.70000000,0.734
1749258983,0.81700000,1202.90000000,0.734
1749258983,0.81800000,581.00000000,0.734
1749258983,0.81900000,1126.10000000,0.734
1749258983,0.82000000,28970.90000000,0.734
1749258983,0.82100000,163.90000000,0.734
1749258983,0.82200000,11160.50000000,0.734
1749258983,0.82300000,893.90000000,0.734
1749258983,0.82400000,11651.90000000,0.734
1749258983,0.82500000,45706.20000000,0.734
1749258983,0.82600000,2424.20000000,0.734
1749258983,0.82700000,2751.30000000,0.734
1749258983,0.82800000,155.40000000,0.734
1749258983,0.82900000,1944.30000000,0.734
1749258983,0.83000000,8054.90000000,0.734
1749258983,0.83100000,1381.40000000,0.734
1749258983,0.83200000,63507.80000000,0.734
1749258983,0.83300000,429.30000000,0.734
1749258983,0.83400000,2207.30000000,0.734
