timestamp,price,volume,current_price
1749260751,0.73300000,58245.10000000,0.732
1749260751,0.73400000,243760.50000000,0.732
1749260751,0.73500000,113831.70000000,0.732
1749260751,0.73600000,36005.90000000,0.732
1749260751,0.73700000,28550.10000000,0.732
1749260751,0.73800000,23028.30000000,0.732
1749260751,0.73900000,55250.20000000,0.732
1749260751,0.74000000,33605.70000000,0.732
1749260751,0.74100000,5537.20000000,0.732
1749260751,0.74200000,9115.70000000,0.732
1749260751,0.74300000,16026.50000000,0.732
1749260751,0.74400000,2979.10000000,0.732
1749260751,0.74500000,29237.00000000,0.732
1749260751,0.74600000,27913.80000000,0.732
1749260751,0.74700000,2274.60000000,0.732
1749260751,0.74800000,2838.50000000,0.732
1749260751,0.74900000,2397.20000000,0.732
1749260751,0.75000000,24018.50000000,0.732
1749260751,0.75100000,1929.90000000,0.732
1749260751,0.75200000,43626.50000000,0.732
1749260751,0.75300000,44912.40000000,0.732
1749260751,0.75400000,13684.30000000,0.732
1749260751,0.75500000,5598.70000000,0.732
1749260751,0.75600000,3045.10000000,0.732
1749260751,0.75700000,4250.50000000,0.732
1749260751,0.75800000,6515.20000000,0.732
1749260751,0.75900000,6404.80000000,0.732
1749260751,0.76000000,29430.90000000,0.732
1749260751,0.76100000,2219.80000000,0.732
1749260751,0.76200000,19481.90000000,0.732
1749260751,0.76300000,1845.30000000,0.732
1749260751,0.76400000,3184.50000000,0.732
1749260751,0.76500000,5197.60000000,0.732
1749260751,0.76600000,3568.20000000,0.732
1749260751,0.76700000,212.70000000,0.732
1749260751,0.76800000,272.80000000,0.732
1749260751,0.76900000,2463.10000000,0.732
1749260751,0.77000000,98938.90000000,0.732
1749260751,0.77100000,2976.20000000,0.732
1749260751,0.77200000,1782.80000000,0.732
1749260751,0.77300000,256.20000000,0.732
1749260751,0.77400000,7747.20000000,0.732
1749260751,0.77500000,201.00000000,0.732
1749260751,0.77600000,317.90000000,0.732
1749260751,0.77700000,108.60000000,0.732
1749260751,0.77800000,28342.10000000,0.732
1749260751,0.77900000,525.50000000,0.732
1749260751,0.78000000,19898.70000000,0.732
1749260751,0.78100000,1608.00000000,0.732
1749260751,0.78200000,3658.40000000,0.732
1749260751,0.78300000,10577.30000000,0.732
1749260751,0.78400000,121.80000000,0.732
1749260751,0.78500000,6935.40000000,0.732
1749260751,0.78600000,465.50000000,0.732
1749260751,0.78700000,1120.00000000,0.732
1749260751,0.78800000,516.60000000,0.732
1749260751,0.78900000,5232.40000000,0.732
1749260751,0.79000000,4459.50000000,0.732
1749260751,0.79100000,407.30000000,0.732
1749260751,0.79200000,6504.20000000,0.732
1749260751,0.79300000,5144.30000000,0.732
1749260751,0.79400000,14806.30000000,0.732
1749260751,0.79500000,11162.30000000,0.732
1749260751,0.79600000,396.80000000,0.732
1749260751,0.79700000,2518.60000000,0.732
1749260751,0.79800000,5396.60000000,0.732
1749260751,0.79900000,1268.80000000,0.732
1749260751,0.80000000,32906.50000000,0.732
1749260751,0.80100000,1567.50000000,0.732
1749260751,0.80200000,5827.50000000,0.732
1749260751,0.80300000,1412.60000000,0.732
1749260751,0.80400000,1255.20000000,0.732
1749260751,0.80500000,5599.00000000,0.732
1749260751,0.80600000,477.70000000,0.732
1749260751,0.80700000,322.40000000,0.732
1749260751,0.80800000,1110.40000000,0.732
1749260751,0.80900000,14049.90000000,0.732
1749260751,0.81000000,126794.80000000,0.732
1749260751,0.81100000,8105.80000000,0.732
1749260751,0.81200000,11104.30000000,0.732
1749260751,0.81300000,126.40000000,0.732
1749260751,0.81400000,3908.10000000,0.732
1749260751,0.81500000,16982.80000000,0.732
1749260751,0.81600000,222.70000000,0.732
1749260751,0.81700000,1202.90000000,0.732
1749260751,0.81800000,516.10000000,0.732
1749260751,0.81900000,1126.10000000,0.732
1749260751,0.82000000,27170.90000000,0.732
1749260751,0.82100000,163.90000000,0.732
1749260751,0.82200000,11160.50000000,0.732
1749260751,0.82300000,893.90000000,0.732
1749260751,0.82400000,11651.90000000,0.732
1749260751,0.82500000,45339.80000000,0.732
1749260751,0.82600000,2424.20000000,0.732
1749260751,0.82700000,2751.30000000,0.732
1749260751,0.82800000,155.40000000,0.732
1749260751,0.82900000,1944.30000000,0.732
1749260751,0.83000000,8054.90000000,0.732
1749260751,0.83100000,1381.40000000,0.732
1749260751,0.83200000,63507.80000000,0.732
1749261071,0.73300000,6784.90000000,0.733
1749261071,0.73400000,145055.50000000,0.733
1749261071,0.73500000,199585.40000000,0.733
1749261071,0.73600000,112482.80000000,0.733
1749261071,0.73700000,29844.00000000,0.733
1749261071,0.73800000,27628.60000000,0.733
1749261071,0.73900000,53298.80000000,0.733
1749261071,0.74000000,34471.50000000,0.733
1749261071,0.74100000,11765.30000000,0.733
1749261071,0.74200000,19241.00000000,0.733
1749261071,0.74300000,11034.00000000,0.733
1749261071,0.74400000,7979.10000000,0.733
1749261071,0.74500000,2387.00000000,0.733
1749261071,0.74600000,28788.60000000,0.733
1749261071,0.74700000,28177.80000000,0.733
1749261071,0.74800000,2838.50000000,0.733
1749261071,0.74900000,2397.20000000,0.733
1749261071,0.75000000,25768.50000000,0.733
1749261071,0.75100000,1929.90000000,0.733
1749261071,0.75200000,43626.50000000,0.733
1749261071,0.75300000,42577.80000000,0.733
1749261071,0.75400000,13657.70000000,0.733
1749261071,0.75500000,7933.30000000,0.733
1749261071,0.75600000,2015.10000000,0.733
1749261071,0.75700000,4250.50000000,0.733
1749261071,0.75800000,4805.20000000,0.733
1749261071,0.75900000,4694.80000000,0.733
1749261071,0.76000000,28750.90000000,0.733
1749261071,0.76100000,509.80000000,0.733
1749261071,0.76200000,17771.90000000,0.733
1749261071,0.76300000,135.30000000,0.733
1749261071,0.76400000,444.50000000,0.733
1749261071,0.76500000,3148.80000000,0.733
1749261071,0.76600000,3568.20000000,0.733
1749261071,0.76700000,551.50000000,0.733
1749261071,0.76800000,272.80000000,0.733
1749261071,0.76900000,3416.40000000,0.733
1749261071,0.77000000,102808.10000000,0.733
1749261071,0.77100000,2976.20000000,0.733
1749261071,0.77200000,491.20000000,0.733
1749261071,0.77300000,256.20000000,0.733
1749261071,0.77400000,8710.30000000,0.733
1749261071,0.77500000,201.00000000,0.733
1749261071,0.77600000,646.40000000,0.733
1749261071,0.77700000,108.60000000,0.733
1749261071,0.77800000,28342.10000000,0.733
1749261071,0.77900000,525.50000000,0.733
1749261071,0.78000000,19898.70000000,0.733
1749261071,0.78100000,1608.00000000,0.733
1749261071,0.78200000,3658.40000000,0.733
1749261071,0.78300000,10577.30000000,0.733
1749261071,0.78400000,121.80000000,0.733
1749261071,0.78500000,6935.40000000,0.733
1749261071,0.78600000,465.50000000,0.733
1749261071,0.78700000,1120.00000000,0.733
1749261071,0.78800000,516.60000000,0.733
1749261071,0.78900000,5232.40000000,0.733
1749261071,0.79000000,4459.50000000,0.733
1749261071,0.79100000,407.30000000,0.733
1749261071,0.79200000,6504.20000000,0.733
1749261071,0.79300000,5144.30000000,0.733
1749261071,0.79400000,14806.30000000,0.733
1749261071,0.79500000,11162.30000000,0.733
1749261071,0.79600000,396.80000000,0.733
1749261071,0.79700000,2518.60000000,0.733
1749261071,0.79800000,5396.60000000,0.733
1749261071,0.79900000,1268.80000000,0.733
1749261071,0.80000000,32906.50000000,0.733
1749261071,0.80100000,1567.50000000,0.733
1749261071,0.80200000,5827.50000000,0.733
1749261071,0.80300000,1412.60000000,0.733
1749261071,0.80400000,1255.20000000,0.733
1749261071,0.80500000,5599.00000000,0.733
1749261071,0.80600000,477.70000000,0.733
1749261071,0.80700000,322.40000000,0.733
1749261071,0.80800000,1110.40000000,0.733
1749261071,0.80900000,14126.60000000,0.733
1749261071,0.81000000,126794.80000000,0.733
1749261071,0.81100000,8105.80000000,0.733
1749261071,0.81200000,11104.30000000,0.733
1749261071,0.81300000,126.40000000,0.733
1749261071,0.81400000,3908.10000000,0.733
1749261071,0.81500000,16982.80000000,0.733
1749261071,0.81600000,222.70000000,0.733
1749261071,0.81700000,1202.90000000,0.733
1749261071,0.81800000,516.10000000,0.733
1749261071,0.81900000,1126.10000000,0.733
1749261071,0.82000000,27170.90000000,0.733
1749261071,0.82100000,163.90000000,0.733
1749261071,0.82200000,11160.50000000,0.733
1749261071,0.82300000,893.90000000,0.733
1749261071,0.82400000,11651.90000000,0.733
1749261071,0.82500000,45339.80000000,0.733
1749261071,0.82600000,2424.20000000,0.733
1749261071,0.82700000,2751.30000000,0.733
1749261071,0.82800000,155.40000000,0.733
1749261071,0.82900000,1944.30000000,0.733
1749261071,0.83000000,8054.90000000,0.733
1749261071,0.83100000,1381.40000000,0.733
1749261071,0.83200000,63507.80000000,0.733
1749261380,0.73500000,94416.90000000,0.734
1749261380,0.73600000,230582.50000000,0.734
1749261380,0.73700000,75955.90000000,0.734
1749261380,0.73800000,50971.10000000,0.734
1749261380,0.73900000,39538.80000000,0.734
1749261380,0.74000000,19889.20000000,0.734
1749261380,0.74100000,40719.60000000,0.734
1749261380,0.74200000,30753.30000000,0.734
1749261380,0.74300000,11034.00000000,0.734
1749261380,0.74400000,2267.30000000,0.734
1749261380,0.74500000,7387.00000000,0.734
1749261380,0.74600000,2694.40000000,0.734
1749261380,0.74700000,28177.80000000,0.734
1749261380,0.74800000,31578.90000000,0.734
1749261380,0.74900000,2123.50000000,0.734
1749261380,0.75000000,23001.60000000,0.734
1749261380,0.75100000,2203.60000000,0.734
1749261380,0.75200000,44393.40000000,0.734
1749261380,0.75300000,40867.80000000,0.734
1749261380,0.75400000,11215.70000000,0.734
1749261380,0.75500000,6223.30000000,0.734
1749261380,0.75600000,1023.80000000,0.734
1749261380,0.75700000,871.20000000,0.734
1749261380,0.75800000,4805.20000000,0.734
1749261380,0.75900000,6372.10000000,0.734
1749261380,0.76000000,29117.30000000,0.734
1749261380,0.76100000,509.80000000,0.734
1749261380,0.76200000,17771.90000000,0.734
1749261380,0.76300000,135.30000000,0.734
1749261380,0.76400000,444.50000000,0.734
1749261380,0.76500000,1804.20000000,0.734
1749261380,0.76600000,3568.20000000,0.734
1749261380,0.76700000,1896.10000000,0.734
1749261380,0.76800000,272.80000000,0.734
1749261380,0.76900000,3305.70000000,0.734
1749261380,0.77000000,102808.10000000,0.734
1749261380,0.77100000,2976.20000000,0.734
1749261380,0.77200000,491.20000000,0.734
1749261380,0.77300000,256.20000000,0.734
1749261380,0.77400000,8710.30000000,0.734
1749261380,0.77500000,201.00000000,0.734
1749261380,0.77600000,646.40000000,0.734
1749261380,0.77700000,108.60000000,0.734
1749261380,0.77800000,28342.10000000,0.734
1749261380,0.77900000,525.50000000,0.734
1749261380,0.78000000,19898.70000000,0.734
1749261380,0.78100000,1608.00000000,0.734
1749261380,0.78200000,3658.40000000,0.734
1749261380,0.78300000,10577.30000000,0.734
1749261380,0.78400000,121.80000000,0.734
1749261380,0.78500000,6935.40000000,0.734
1749261380,0.78600000,465.50000000,0.734
1749261380,0.78700000,1120.00000000,0.734
1749261380,0.78800000,516.60000000,0.734
1749261380,0.78900000,5232.40000000,0.734
1749261380,0.79000000,6459.50000000,0.734
1749261380,0.79100000,407.30000000,0.734
1749261380,0.79200000,6504.20000000,0.734
1749261380,0.79300000,5144.30000000,0.734
1749261380,0.79400000,14806.30000000,0.734
1749261380,0.79500000,11162.30000000,0.734
1749261380,0.79600000,396.80000000,0.734
1749261380,0.79700000,2518.60000000,0.734
1749261380,0.79800000,5396.60000000,0.734
1749261380,0.79900000,1268.80000000,0.734
1749261380,0.80000000,32906.50000000,0.734
1749261380,0.80100000,1567.50000000,0.734
1749261380,0.80200000,5827.50000000,0.734
1749261380,0.80300000,1412.60000000,0.734
1749261380,0.80400000,1255.20000000,0.734
1749261380,0.80500000,5599.00000000,0.734
1749261380,0.80600000,477.70000000,0.734
1749261380,0.80700000,322.40000000,0.734
1749261380,0.80800000,1124.10000000,0.734
1749261380,0.80900000,14063.60000000,0.734
1749261380,0.81000000,126794.80000000,0.734
1749261380,0.81100000,8105.80000000,0.734
1749261380,0.81200000,11104.30000000,0.734
1749261380,0.81300000,126.40000000,0.734
1749261380,0.81400000,3908.10000000,0.734
1749261380,0.81500000,16982.80000000,0.734
1749261380,0.81600000,222.70000000,0.734
1749261380,0.81700000,1202.90000000,0.734
1749261380,0.81800000,516.10000000,0.734
1749261380,0.81900000,1126.10000000,0.734
1749261380,0.82000000,26170.90000000,0.734
1749261380,0.82100000,163.90000000,0.734
1749261380,0.82200000,11160.50000000,0.734
1749261380,0.82300000,893.90000000,0.734
1749261380,0.82400000,11651.90000000,0.734
1749261380,0.82500000,45339.80000000,0.734
1749261380,0.82600000,2424.20000000,0.734
1749261380,0.82700000,2751.30000000,0.734
1749261380,0.82800000,155.40000000,0.734
1749261380,0.82900000,1944.30000000,0.734
1749261380,0.83000000,8054.90000000,0.734
1749261380,0.83100000,1381.40000000,0.734
1749261380,0.83200000,63507.80000000,0.734
1749261380,0.83300000,429.30000000,0.734
1749261380,0.83400000,2207.30000000,0.734
1749261687,0.73200000,13174.30000000,0.732
1749261687,0.73300000,115394.40000000,0.732
1749261687,0.73400000,203302.20000000,0.732
1749261687,0.73500000,122769.70000000,0.732
1749261687,0.73600000,29181.80000000,0.732
1749261687,0.73700000,22041.30000000,0.732
1749261687,0.73800000,51676.60000000,0.732
1749261687,0.73900000,38489.20000000,0.732
1749261687,0.74000000,18696.60000000,0.732
1749261687,0.74100000,13694.70000000,0.732
1749261687,0.74200000,17173.60000000,0.732
1749261687,0.74300000,16026.50000000,0.732
1749261687,0.74400000,2721.70000000,0.732
1749261687,0.74500000,55104.90000000,0.732
1749261687,0.74600000,1975.20000000,0.732
1749261687,0.74700000,2548.30000000,0.732
1749261687,0.74800000,5605.40000000,0.732
1749261687,0.74900000,2123.50000000,0.732
1749261687,0.75000000,23001.60000000,0.732
1749261687,0.75100000,219.90000000,0.732
1749261687,0.75200000,42648.50000000,0.732
1749261687,0.75300000,44017.80000000,0.732
1749261687,0.75400000,11215.70000000,0.732
1749261687,0.75500000,29069.80000000,0.732
1749261687,0.75600000,291.80000000,0.732
1749261687,0.75700000,871.20000000,0.732
1749261687,0.75800000,4805.20000000,0.732
1749261687,0.75900000,4694.80000000,0.732
1749261687,0.76000000,29117.30000000,0.732
1749261687,0.76100000,509.80000000,0.732
1749261687,0.76200000,17771.90000000,0.732
1749261687,0.76300000,1479.90000000,0.732
1749261687,0.76400000,444.50000000,0.732
1749261687,0.76500000,2143.00000000,0.732
1749261687,0.76600000,3568.20000000,0.732
1749261687,0.76700000,163.60000000,0.732
1749261687,0.76800000,321.90000000,0.732
1749261687,0.76900000,2845.20000000,0.732
1749261687,0.77000000,102808.10000000,0.732
1749261687,0.77100000,2976.20000000,0.732
1749261687,0.77200000,1782.80000000,0.732
1749261687,0.77300000,256.20000000,0.732
1749261687,0.77400000,7747.20000000,0.732
1749261687,0.77500000,201.00000000,0.732
1749261687,0.77600000,317.90000000,0.732
1749261687,0.77700000,108.60000000,0.732
1749261687,0.77800000,28342.10000000,0.732
1749261687,0.77900000,525.50000000,0.732
1749261687,0.78000000,19898.70000000,0.732
1749261687,0.78100000,1608.00000000,0.732
1749261687,0.78200000,3658.40000000,0.732
1749261687,0.78300000,10577.30000000,0.732
1749261687,0.78400000,121.80000000,0.732
1749261687,0.78500000,6935.40000000,0.732
1749261687,0.78600000,465.50000000,0.732
1749261687,0.78700000,1120.00000000,0.732
1749261687,0.78800000,516.60000000,0.732
1749261687,0.78900000,5232.40000000,0.732
1749261687,0.79000000,6459.50000000,0.732
1749261687,0.79100000,440.90000000,0.732
1749261687,0.79200000,6504.20000000,0.732
1749261687,0.79300000,5144.30000000,0.732
1749261687,0.79400000,14806.30000000,0.732
1749261687,0.79500000,11162.30000000,0.732
1749261687,0.79600000,396.80000000,0.732
1749261687,0.79700000,2518.60000000,0.732
1749261687,0.79800000,5396.60000000,0.732
1749261687,0.79900000,1268.80000000,0.732
1749261687,0.80000000,32906.50000000,0.732
1749261687,0.80100000,1567.50000000,0.732
1749261687,0.80200000,5827.50000000,0.732
1749261687,0.80300000,1412.60000000,0.732
1749261687,0.80400000,1255.20000000,0.732
1749261687,0.80500000,5599.00000000,0.732
1749261687,0.80600000,477.70000000,0.732
1749261687,0.80700000,308.70000000,0.732
1749261687,0.80800000,1110.40000000,0.732
1749261687,0.80900000,14049.90000000,0.732
1749261687,0.81000000,126794.80000000,0.732
1749261687,0.81100000,8105.80000000,0.732
1749261687,0.81200000,11104.30000000,0.732
1749261687,0.81300000,126.40000000,0.732
1749261687,0.81400000,3908.10000000,0.732
1749261687,0.81500000,16982.80000000,0.732
1749261687,0.81600000,222.70000000,0.732
1749261687,0.81700000,1202.90000000,0.732
1749261687,0.81800000,516.10000000,0.732
1749261687,0.81900000,1126.10000000,0.732
1749261687,0.82000000,26170.90000000,0.732
1749261687,0.82100000,163.90000000,0.732
1749261687,0.82200000,11160.50000000,0.732
1749261687,0.82300000,893.90000000,0.732
1749261687,0.82400000,11651.90000000,0.732
1749261687,0.82500000,45339.80000000,0.732
1749261687,0.82600000,2424.20000000,0.732
1749261687,0.82700000,2751.30000000,0.732
1749261687,0.82800000,155.40000000,0.732
1749261687,0.82900000,1944.30000000,0.732
1749261687,0.83000000,8054.90000000,0.732
1749261687,0.83100000,1381.40000000,0.732
1749261989,0.73200000,55062.00000000,0.731
1749261989,0.73300000,214220.60000000,0.731
1749261989,0.73400000,180573.20000000,0.731
1749261989,0.73500000,42258.50000000,0.731
1749261989,0.73600000,21813.50000000,0.731
1749261989,0.73700000,21285.30000000,0.731
1749261989,0.73800000,51651.60000000,0.731
1749261989,0.73900000,38488.50000000,0.731
1749261989,0.74000000,18471.60000000,0.731
1749261989,0.74100000,13694.70000000,0.731
1749261989,0.74200000,17173.60000000,0.731
1749261989,0.74300000,16026.50000000,0.731
1749261989,0.74400000,2797.10000000,0.731
1749261989,0.74500000,55104.90000000,0.731
1749261989,0.74600000,1975.20000000,0.731
1749261989,0.74700000,2548.30000000,0.731
1749261989,0.74800000,5605.40000000,0.731
1749261989,0.74900000,2123.50000000,0.731
1749261989,0.75000000,22936.70000000,0.731
1749261989,0.75100000,219.90000000,0.731
1749261989,0.75200000,44358.50000000,0.731
1749261989,0.75300000,45727.80000000,0.731
1749261989,0.75400000,11215.70000000,0.731
1749261989,0.75500000,29069.80000000,0.731
1749261989,0.75600000,291.80000000,0.731
1749261989,0.75700000,871.20000000,0.731
1749261989,0.75800000,4805.20000000,0.731
1749261989,0.75900000,4694.80000000,0.731
1749261989,0.76000000,29117.30000000,0.731
1749261989,0.76100000,509.80000000,0.731
1749261989,0.76200000,17771.90000000,0.731
1749261989,0.76300000,1479.90000000,0.731
1749261989,0.76400000,444.50000000,0.731
1749261989,0.76500000,3173.00000000,0.731
1749261989,0.76600000,3568.20000000,0.731
1749261989,0.76700000,163.60000000,0.731
1749261989,0.76800000,321.90000000,0.731
1749261989,0.76900000,2007.00000000,0.731
1749261989,0.77000000,102808.10000000,0.731
1749261989,0.77100000,2976.20000000,0.731
1749261989,0.77200000,1782.80000000,0.731
1749261989,0.77300000,256.20000000,0.731
1749261989,0.77400000,7747.20000000,0.731
1749261989,0.77500000,201.00000000,0.731
1749261989,0.77600000,317.90000000,0.731
1749261989,0.77700000,108.60000000,0.731
1749261989,0.77800000,28342.10000000,0.731
1749261989,0.77900000,525.50000000,0.731
1749261989,0.78000000,19898.70000000,0.731
1749261989,0.78100000,1608.00000000,0.731
1749261989,0.78200000,3658.40000000,0.731
1749261989,0.78300000,10577.30000000,0.731
1749261989,0.78400000,121.80000000,0.731
1749261989,0.78500000,6935.40000000,0.731
1749261989,0.78600000,465.50000000,0.731
1749261989,0.78700000,1120.00000000,0.731
1749261989,0.78800000,516.60000000,0.731
1749261989,0.78900000,5232.40000000,0.731
1749261989,0.79000000,6459.50000000,0.731
1749261989,0.79100000,440.90000000,0.731
1749261989,0.79200000,6504.20000000,0.731
1749261989,0.79300000,5144.30000000,0.731
1749261989,0.79400000,14806.30000000,0.731
1749261989,0.79500000,11162.30000000,0.731
1749261989,0.79600000,396.80000000,0.731
1749261989,0.79700000,2518.60000000,0.731
1749261989,0.79800000,5396.60000000,0.731
1749261989,0.79900000,1268.80000000,0.731
1749261989,0.80000000,32906.50000000,0.731
1749261989,0.80100000,1567.50000000,0.731
1749261989,0.80200000,5827.50000000,0.731
1749261989,0.80300000,1412.60000000,0.731
1749261989,0.80400000,1255.20000000,0.731
1749261989,0.80500000,5599.00000000,0.731
1749261989,0.80600000,477.70000000,0.731
1749261989,0.80700000,308.70000000,0.731
1749261989,0.80800000,1110.40000000,0.731
1749261989,0.80900000,14049.90000000,0.731
1749261989,0.81000000,126794.80000000,0.731
1749261989,0.81100000,8105.80000000,0.731
1749261989,0.81200000,11104.30000000,0.731
1749261989,0.81300000,126.40000000,0.731
1749261989,0.81400000,3908.10000000,0.731
1749261989,0.81500000,16982.80000000,0.731
1749261989,0.81600000,222.70000000,0.731
1749261989,0.81700000,1202.90000000,0.731
1749261989,0.81800000,516.10000000,0.731
1749261989,0.81900000,1126.10000000,0.731
1749261989,0.82000000,26170.90000000,0.731
1749261989,0.82100000,163.90000000,0.731
1749261989,0.82200000,11160.50000000,0.731
1749261989,0.82300000,893.90000000,0.731
1749261989,0.82400000,11651.90000000,0.731
1749261989,0.82500000,45339.80000000,0.731
1749261989,0.82600000,2424.20000000,0.731
1749261989,0.82700000,2751.30000000,0.731
1749261989,0.82800000,155.40000000,0.731
1749261989,0.82900000,1944.30000000,0.731
1749261989,0.83000000,8054.90000000,0.731
1749261989,0.83100000,1381.40000000,0.731
1749262291,0.73300000,10576.20000000,0.733
1749262291,0.73400000,184543.80000000,0.733
1749262291,0.73500000,208066.90000000,0.733
1749262291,0.73600000,63122.50000000,0.733
1749262291,0.73700000,29009.60000000,0.733
1749262291,0.73800000,40103.50000000,0.733
1749262291,0.73900000,37991.00000000,0.733
1749262291,0.74000000,32696.40000000,0.733
1749262291,0.74100000,13694.70000000,0.733
1749262291,0.74200000,16454.40000000,0.733
1749262291,0.74300000,16026.50000000,0.733
1749262291,0.74400000,3317.20000000,0.733
1749262291,0.74500000,55104.90000000,0.733
1749262291,0.74600000,1975.20000000,0.733
1749262291,0.74700000,2274.60000000,0.733
1749262291,0.74800000,4838.50000000,0.733
1749262291,0.74900000,2397.20000000,0.733
1749262291,0.75000000,23703.60000000,0.733
1749262291,0.75100000,219.90000000,0.733
1749262291,0.75200000,43626.50000000,0.733
1749262291,0.75300000,42577.80000000,0.733
1749262291,0.75400000,13657.70000000,0.733
1749262291,0.75500000,32252.50000000,0.733
1749262291,0.75600000,291.80000000,0.733
1749262291,0.75700000,4258.50000000,0.733
1749262291,0.75800000,4814.70000000,0.733
1749262291,0.75900000,4694.80000000,0.733
1749262291,0.76000000,29117.30000000,0.733
1749262291,0.76100000,486.80000000,0.733
1749262291,0.76200000,17771.90000000,0.733
1749262291,0.76300000,135.30000000,0.733
1749262291,0.76400000,444.50000000,0.733
1749262291,0.76500000,4517.60000000,0.733
1749262291,0.76600000,3568.20000000,0.733
1749262291,0.76700000,163.60000000,0.733
1749262291,0.76800000,321.90000000,0.733
1749262291,0.76900000,2206.10000000,0.733
1749262291,0.77000000,102811.70000000,0.733
1749262291,0.77100000,2976.20000000,0.733
1749262291,0.77200000,1782.80000000,0.733
1749262291,0.77300000,256.20000000,0.733
1749262291,0.77400000,7747.20000000,0.733
1749262291,0.77500000,201.00000000,0.733
1749262291,0.77600000,317.90000000,0.733
1749262291,0.77700000,108.60000000,0.733
1749262291,0.77800000,28342.10000000,0.733
1749262291,0.77900000,525.50000000,0.733
1749262291,0.78000000,19898.70000000,0.733
1749262291,0.78100000,1608.00000000,0.733
1749262291,0.78200000,3658.40000000,0.733
1749262291,0.78300000,10577.30000000,0.733
1749262291,0.78400000,121.80000000,0.733
1749262291,0.78500000,6935.40000000,0.733
1749262291,0.78600000,465.50000000,0.733
1749262291,0.78700000,1120.00000000,0.733
1749262291,0.78800000,516.60000000,0.733
1749262291,0.78900000,5232.40000000,0.733
1749262291,0.79000000,6459.50000000,0.733
1749262291,0.79100000,440.90000000,0.733
1749262291,0.79200000,6504.20000000,0.733
1749262291,0.79300000,5144.30000000,0.733
1749262291,0.79400000,14806.30000000,0.733
1749262291,0.79500000,11162.30000000,0.733
1749262291,0.79600000,396.80000000,0.733
1749262291,0.79700000,2518.60000000,0.733
1749262291,0.79800000,5396.60000000,0.733
1749262291,0.79900000,1268.80000000,0.733
1749262291,0.80000000,32906.50000000,0.733
1749262291,0.80100000,1567.50000000,0.733
1749262291,0.80200000,5827.50000000,0.733
1749262291,0.80300000,1412.60000000,0.733
1749262291,0.80400000,1255.20000000,0.733
1749262291,0.80500000,5599.00000000,0.733
1749262291,0.80600000,477.70000000,0.733
1749262291,0.80700000,322.40000000,0.733
1749262291,0.80800000,1110.40000000,0.733
1749262291,0.80900000,14049.90000000,0.733
1749262291,0.81000000,126794.80000000,0.733
1749262291,0.81100000,8105.80000000,0.733
1749262291,0.81200000,11104.30000000,0.733
1749262291,0.81300000,126.40000000,0.733
1749262291,0.81400000,3908.10000000,0.733
1749262291,0.81500000,16982.80000000,0.733
1749262291,0.81600000,222.70000000,0.733
1749262291,0.81700000,1202.90000000,0.733
1749262291,0.81800000,516.10000000,0.733
1749262291,0.81900000,1126.10000000,0.733
1749262291,0.82000000,26170.90000000,0.733
1749262291,0.82100000,163.90000000,0.733
1749262291,0.82200000,11160.50000000,0.733
1749262291,0.82300000,893.90000000,0.733
1749262291,0.82400000,11651.90000000,0.733
1749262291,0.82500000,45339.80000000,0.733
1749262291,0.82600000,2424.20000000,0.733
1749262291,0.82700000,2751.30000000,0.733
1749262291,0.82800000,155.40000000,0.733
1749262291,0.82900000,1944.30000000,0.733
1749262291,0.83000000,8054.90000000,0.733
1749262291,0.83100000,1381.40000000,0.733
1749262291,0.83200000,63507.80000000,0.733
1749262592,0.73500000,18219.40000000,0.735
1749262592,0.73600000,191530.70000000,0.735
1749262592,0.73700000,190636.10000000,0.735
1749262592,0.73800000,64365.20000000,0.735
1749262592,0.73900000,39416.90000000,0.735
1749262592,0.74000000,39020.40000000,0.735
1749262592,0.74100000,40742.40000000,0.735
1749262592,0.74200000,12303.40000000,0.735
1749262592,0.74300000,11034.00000000,0.735
1749262592,0.74400000,7170.90000000,0.735
1749262592,0.74500000,7387.00000000,0.735
1749262592,0.74600000,2694.40000000,0.735
1749262592,0.74700000,54954.60000000,0.735
1749262592,0.74800000,4838.50000000,0.735
1749262592,0.74900000,2153.90000000,0.735
1749262592,0.75000000,22936.70000000,0.735
1749262592,0.75100000,2203.60000000,0.735
1749262592,0.75200000,44393.40000000,0.735
1749262592,0.75300000,42577.80000000,0.735
1749262592,0.75400000,12925.70000000,0.735
1749262592,0.75500000,29917.90000000,0.735
1749262592,0.75600000,2733.80000000,0.735
1749262592,0.75700000,3205.80000000,0.735
1749262592,0.75800000,4814.70000000,0.735
1749262592,0.75900000,6372.10000000,0.735
1749262592,0.76000000,29117.30000000,0.735
1749262592,0.76100000,496.60000000,0.735
1749262592,0.76200000,17771.90000000,0.735
1749262592,0.76300000,135.30000000,0.735
1749262592,0.76400000,444.50000000,0.735
1749262592,0.76500000,2834.20000000,0.735
1749262592,0.76600000,3568.20000000,0.735
1749262592,0.76700000,1847.00000000,0.735
1749262592,0.76800000,321.90000000,0.735
1749262592,0.76900000,2358.40000000,0.735
1749262592,0.77000000,102811.70000000,0.735
1749262592,0.77100000,2976.20000000,0.735
1749262592,0.77200000,491.20000000,0.735
1749262592,0.77300000,256.20000000,0.735
1749262592,0.77400000,8710.30000000,0.735
1749262592,0.77500000,201.00000000,0.735
1749262592,0.77600000,646.40000000,0.735
1749262592,0.77700000,108.60000000,0.735
1749262592,0.77800000,28342.10000000,0.735
1749262592,0.77900000,525.50000000,0.735
1749262592,0.78000000,19898.70000000,0.735
1749262592,0.78100000,1608.00000000,0.735
1749262592,0.78200000,3658.40000000,0.735
1749262592,0.78300000,10577.30000000,0.735
1749262592,0.78400000,121.80000000,0.735
1749262592,0.78500000,6935.40000000,0.735
1749262592,0.78600000,465.50000000,0.735
1749262592,0.78700000,1120.00000000,0.735
1749262592,0.78800000,516.60000000,0.735
1749262592,0.78900000,5232.40000000,0.735
1749262592,0.79000000,6459.50000000,0.735
1749262592,0.79100000,440.90000000,0.735
1749262592,0.79200000,6504.20000000,0.735
1749262592,0.79300000,5144.30000000,0.735
1749262592,0.79400000,14806.30000000,0.735
1749262592,0.79500000,11162.30000000,0.735
1749262592,0.79600000,396.80000000,0.735
1749262592,0.79700000,2518.60000000,0.735
1749262592,0.79800000,5396.60000000,0.735
1749262592,0.79900000,1268.80000000,0.735
1749262592,0.80000000,32906.50000000,0.735
1749262592,0.80100000,1567.50000000,0.735
1749262592,0.80200000,5827.50000000,0.735
1749262592,0.80300000,1412.60000000,0.735
1749262592,0.80400000,1255.20000000,0.735
1749262592,0.80500000,5599.00000000,0.735
1749262592,0.80600000,477.70000000,0.735
1749262592,0.80700000,322.40000000,0.735
1749262592,0.80800000,1124.10000000,0.735
1749262592,0.80900000,14187.30000000,0.735
1749262592,0.81000000,126794.80000000,0.735
1749262592,0.81100000,8105.80000000,0.735
1749262592,0.81200000,11104.30000000,0.735
1749262592,0.81300000,126.40000000,0.735
1749262592,0.81400000,3908.10000000,0.735
1749262592,0.81500000,16982.80000000,0.735
1749262592,0.81600000,222.70000000,0.735
1749262592,0.81700000,1202.90000000,0.735
1749262592,0.81800000,516.10000000,0.735
1749262592,0.81900000,1126.10000000,0.735
1749262592,0.82000000,26170.90000000,0.735
1749262592,0.82100000,163.90000000,0.735
1749262592,0.82200000,11160.50000000,0.735
1749262592,0.82300000,893.90000000,0.735
1749262592,0.82400000,11651.90000000,0.735
1749262592,0.82500000,45339.80000000,0.735
1749262592,0.82600000,2424.20000000,0.735
1749262592,0.82700000,2751.30000000,0.735
1749262592,0.82800000,155.40000000,0.735
1749262592,0.82900000,1944.30000000,0.735
1749262592,0.83000000,8054.90000000,0.735
1749262592,0.83100000,1381.40000000,0.735
1749262592,0.83200000,63507.80000000,0.735
1749262592,0.83300000,429.30000000,0.735
1749262592,0.83400000,2207.30000000,0.735
1749262898,0.73300000,12672.60000000,0.733
1749262898,0.73400000,146010.30000000,0.733
1749262898,0.73500000,202791.10000000,0.733
1749262898,0.73600000,112614.60000000,0.733
1749262898,0.73700000,37264.00000000,0.733
1749262898,0.73800000,26679.00000000,0.733
1749262898,0.73900000,43921.10000000,0.733
1749262898,0.74000000,33561.70000000,0.733
1749262898,0.74100000,27252.90000000,0.733
1749262898,0.74200000,11813.60000000,0.733
1749262898,0.74300000,11034.00000000,0.733
1749262898,0.74400000,12828.00000000,0.733
1749262898,0.74500000,2387.00000000,0.733
1749262898,0.74600000,28788.60000000,0.733
1749262898,0.74700000,28177.80000000,0.733
1749262898,0.74800000,4838.50000000,0.733
1749262898,0.74900000,2427.60000000,0.733
1749262898,0.75000000,23703.60000000,0.733
1749262898,0.75100000,1929.90000000,0.733
1749262898,0.75200000,43626.50000000,0.733
1749262898,0.75300000,43393.20000000,0.733
1749262898,0.75400000,13657.70000000,0.733
1749262898,0.75500000,31437.10000000,0.733
1749262898,0.75600000,2001.80000000,0.733
1749262898,0.75700000,2548.50000000,0.733
1749262898,0.75800000,4814.70000000,0.733
1749262898,0.75900000,4694.80000000,0.733
1749262898,0.76000000,29117.30000000,0.733
1749262898,0.76100000,496.60000000,0.733
1749262898,0.76200000,17771.90000000,0.733
1749262898,0.76300000,135.30000000,0.733
1749262898,0.76400000,444.50000000,0.733
1749262898,0.76500000,4178.80000000,0.733
1749262898,0.76600000,3568.20000000,0.733
1749262898,0.76700000,551.50000000,0.733
1749262898,0.76800000,272.80000000,0.733
1749262898,0.76900000,2544.20000000,0.733
1749262898,0.77000000,102811.70000000,0.733
1749262898,0.77100000,2976.20000000,0.733
1749262898,0.77200000,491.20000000,0.733
1749262898,0.77300000,256.20000000,0.733
1749262898,0.77400000,8710.30000000,0.733
1749262898,0.77500000,201.00000000,0.733
1749262898,0.77600000,646.40000000,0.733
1749262898,0.77700000,108.60000000,0.733
1749262898,0.77800000,28342.10000000,0.733
1749262898,0.77900000,525.50000000,0.733
1749262898,0.78000000,19898.70000000,0.733
1749262898,0.78100000,1608.00000000,0.733
1749262898,0.78200000,3658.40000000,0.733
1749262898,0.78300000,10577.30000000,0.733
1749262898,0.78400000,121.80000000,0.733
1749262898,0.78500000,6935.40000000,0.733
1749262898,0.78600000,465.50000000,0.733
1749262898,0.78700000,1120.00000000,0.733
1749262898,0.78800000,516.60000000,0.733
1749262898,0.78900000,5232.40000000,0.733
1749262898,0.79000000,6459.50000000,0.733
1749262898,0.79100000,440.90000000,0.733
1749262898,0.79200000,6504.20000000,0.733
1749262898,0.79300000,5144.30000000,0.733
1749262898,0.79400000,14806.30000000,0.733
1749262898,0.79500000,11162.30000000,0.733
1749262898,0.79600000,396.80000000,0.733
1749262898,0.79700000,2518.60000000,0.733
1749262898,0.79800000,5396.60000000,0.733
1749262898,0.79900000,1268.80000000,0.733
1749262898,0.80000000,32906.50000000,0.733
1749262898,0.80100000,1567.50000000,0.733
1749262898,0.80200000,5827.50000000,0.733
1749262898,0.80300000,1412.60000000,0.733
1749262898,0.80400000,1255.20000000,0.733
1749262898,0.80500000,5599.00000000,0.733
1749262898,0.80600000,477.70000000,0.733
1749262898,0.80700000,322.40000000,0.733
1749262898,0.80800000,1110.40000000,0.733
1749262898,0.80900000,14049.90000000,0.733
1749262898,0.81000000,126794.80000000,0.733
1749262898,0.81100000,8105.80000000,0.733
1749262898,0.81200000,11104.30000000,0.733
1749262898,0.81300000,126.40000000,0.733
1749262898,0.81400000,3908.10000000,0.733
1749262898,0.81500000,16982.80000000,0.733
1749262898,0.81600000,222.70000000,0.733
1749262898,0.81700000,1202.90000000,0.733
1749262898,0.81800000,516.10000000,0.733
1749262898,0.81900000,1126.10000000,0.733
1749262898,0.82000000,26170.90000000,0.733
1749262898,0.82100000,163.90000000,0.733
1749262898,0.82200000,11160.50000000,0.733
1749262898,0.82300000,893.90000000,0.733
1749262898,0.82400000,11651.90000000,0.733
1749262898,0.82500000,45339.80000000,0.733
1749262898,0.82600000,2424.20000000,0.733
1749262898,0.82700000,2751.30000000,0.733
1749262898,0.82800000,155.40000000,0.733
1749262898,0.82900000,1944.30000000,0.733
1749262898,0.83000000,8054.90000000,0.733
1749262898,0.83100000,1381.40000000,0.733
1749262898,0.83200000,63507.80000000,0.733
1749263200,0.73500000,133270.30000000,0.734
1749263200,0.73600000,191081.00000000,0.734
1749263200,0.73700000,81866.10000000,0.734
1749263200,0.73800000,44870.30000000,0.734
1749263200,0.73900000,33047.70000000,0.734
1749263200,0.74000000,32945.50000000,0.734
1749263200,0.74100000,29474.40000000,0.734
1749263200,0.74200000,26081.40000000,0.734
1749263200,0.74300000,11034.00000000,0.734
1749263200,0.74400000,7891.80000000,0.734
1749263200,0.74500000,7400.60000000,0.734
1749263200,0.74600000,1975.20000000,0.734
1749263200,0.74700000,28177.80000000,0.734
1749263200,0.74800000,31578.90000000,0.734
1749263200,0.74900000,2427.60000000,0.734
1749263200,0.75000000,23703.60000000,0.734
1749263200,0.75100000,1929.90000000,0.734
1749263200,0.75200000,43626.50000000,0.734
1749263200,0.75300000,42577.80000000,0.734
1749263200,0.75400000,13657.70000000,0.734
1749263200,0.75500000,32252.50000000,0.734
1749263200,0.75600000,2001.80000000,0.734
1749263200,0.75700000,4258.50000000,0.734
1749263200,0.75800000,6524.70000000,0.734
1749263200,0.75900000,4694.80000000,0.734
1749263200,0.76000000,29117.30000000,0.734
1749263200,0.76100000,496.60000000,0.734
1749263200,0.76200000,17771.90000000,0.734
1749263200,0.76300000,135.30000000,0.734
1749263200,0.76400000,444.50000000,0.734
1749263200,0.76500000,4178.80000000,0.734
1749263200,0.76600000,3568.20000000,0.734
1749263200,0.76700000,551.50000000,0.734
1749263200,0.76800000,272.80000000,0.734
1749263200,0.76900000,2531.20000000,0.734
1749263200,0.77000000,102824.70000000,0.734
1749263200,0.77100000,2989.20000000,0.734
1749263200,0.77200000,491.20000000,0.734
1749263200,0.77300000,243.20000000,0.734
1749263200,0.77400000,8710.30000000,0.734
1749263200,0.77500000,201.00000000,0.734
1749263200,0.77600000,646.40000000,0.734
1749263200,0.77700000,108.60000000,0.734
1749263200,0.77800000,28342.10000000,0.734
1749263200,0.77900000,525.50000000,0.734
1749263200,0.78000000,19898.70000000,0.734
1749263200,0.78100000,1608.00000000,0.734
1749263200,0.78200000,3658.40000000,0.734
1749263200,0.78300000,10577.30000000,0.734
1749263200,0.78400000,121.80000000,0.734
1749263200,0.78500000,6935.40000000,0.734
1749263200,0.78600000,465.50000000,0.734
1749263200,0.78700000,1120.00000000,0.734
1749263200,0.78800000,516.60000000,0.734
1749263200,0.78900000,5232.40000000,0.734
1749263200,0.79000000,6459.50000000,0.734
1749263200,0.79100000,440.90000000,0.734
1749263200,0.79200000,6504.20000000,0.734
1749263200,0.79300000,5144.30000000,0.734
1749263200,0.79400000,14806.30000000,0.734
1749263200,0.79500000,11162.30000000,0.734
1749263200,0.79600000,396.80000000,0.734
1749263200,0.79700000,2518.60000000,0.734
1749263200,0.79800000,5396.60000000,0.734
1749263200,0.79900000,1268.80000000,0.734
1749263200,0.80000000,31818.00000000,0.734
1749263200,0.80100000,1567.50000000,0.734
1749263200,0.80200000,5827.50000000,0.734
1749263200,0.80300000,1412.60000000,0.734
1749263200,0.80400000,1255.20000000,0.734
1749263200,0.80500000,5599.00000000,0.734
1749263200,0.80600000,477.70000000,0.734
1749263200,0.80700000,322.40000000,0.734
1749263200,0.80800000,1124.10000000,0.734
1749263200,0.80900000,14063.60000000,0.734
1749263200,0.81000000,127883.30000000,0.734
1749263200,0.81100000,8105.80000000,0.734
1749263200,0.81200000,11104.30000000,0.734
1749263200,0.81300000,126.40000000,0.734
1749263200,0.81400000,3908.10000000,0.734
1749263200,0.81500000,16982.80000000,0.734
1749263200,0.81600000,222.70000000,0.734
1749263200,0.81700000,1202.90000000,0.734
1749263200,0.81800000,516.10000000,0.734
1749263200,0.81900000,1126.10000000,0.734
1749263200,0.82000000,26170.90000000,0.734
1749263200,0.82100000,163.90000000,0.734
1749263200,0.82200000,11160.50000000,0.734
1749263200,0.82300000,893.90000000,0.734
1749263200,0.82400000,11651.90000000,0.734
1749263200,0.82500000,45339.80000000,0.734
1749263200,0.82600000,2424.20000000,0.734
1749263200,0.82700000,2751.30000000,0.734
1749263200,0.82800000,155.40000000,0.734
1749263200,0.82900000,1944.30000000,0.734
1749263200,0.83000000,8054.90000000,0.734
1749263200,0.83100000,1381.40000000,0.734
1749263200,0.83200000,63507.80000000,0.734
1749263200,0.83300000,429.30000000,0.734
1749263200,0.83400000,2207.30000000,0.734
1749263506,0.73500000,54721.00000000,0.734
1749263506,0.73600000,212829.50000000,0.734
1749263506,0.73700000,164978.60000000,0.734
1749263506,0.73800000,67104.00000000,0.734
1749263506,0.73900000,32075.90000000,0.734
1749263506,0.74000000,25505.30000000,0.734
1749263506,0.74100000,15543.50000000,0.734
1749263506,0.74200000,53002.90000000,0.734
1749263506,0.74300000,18328.20000000,0.734
1749263506,0.74400000,16123.10000000,0.734
1749263506,0.74500000,4149.50000000,0.734
1749263506,0.74600000,7701.80000000,0.734
1749263506,0.74700000,2274.60000000,0.734
1749263506,0.74800000,31778.20000000,0.734
1749263506,0.74900000,28021.80000000,0.734
1749263506,0.75000000,23093.50000000,0.734
1749263506,0.75100000,2203.60000000,0.734
1749263506,0.75200000,44393.40000000,0.734
1749263506,0.75300000,42670.60000000,0.734
1749263506,0.75400000,12925.70000000,0.734
1749263506,0.75500000,29917.90000000,0.734
1749263506,0.75600000,2733.80000000,0.734
1749263506,0.75700000,3205.80000000,0.734
1749263506,0.75800000,4814.70000000,0.734
1749263506,0.75900000,6372.10000000,0.734
1749263506,0.76000000,29117.30000000,0.734
1749263506,0.76100000,496.60000000,0.734
1749263506,0.76200000,17771.90000000,0.734
1749263506,0.76300000,135.30000000,0.734
1749263506,0.76400000,444.50000000,0.734
1749263506,0.76500000,1804.20000000,0.734
1749263506,0.76600000,3568.20000000,0.734
1749263506,0.76700000,1896.10000000,0.734
1749263506,0.76800000,272.80000000,0.734
1749263506,0.76900000,1864.30000000,0.734
1749263506,0.77000000,103802.70000000,0.734
1749263506,0.77100000,2976.20000000,0.734
1749263506,0.77200000,517.20000000,0.734
1749263506,0.77300000,269.20000000,0.734
1749263506,0.77400000,8723.30000000,0.734
1749263506,0.77500000,218.50000000,0.734
1749263506,0.77600000,646.40000000,0.734
1749263506,0.77700000,108.60000000,0.734
1749263506,0.77800000,28342.10000000,0.734
1749263506,0.77900000,508.00000000,0.734
1749263506,0.78000000,19898.70000000,0.734
1749263506,0.78100000,1608.00000000,0.734
1749263506,0.78200000,3658.40000000,0.734
1749263506,0.78300000,10577.30000000,0.734
1749263506,0.78400000,121.80000000,0.734
1749263506,0.78500000,6935.40000000,0.734
1749263506,0.78600000,465.50000000,0.734
1749263506,0.78700000,1120.00000000,0.734
1749263506,0.78800000,516.60000000,0.734
1749263506,0.78900000,5232.40000000,0.734
1749263506,0.79000000,6459.50000000,0.734
1749263506,0.79100000,440.90000000,0.734
1749263506,0.79200000,6504.20000000,0.734
1749263506,0.79300000,5144.30000000,0.734
1749263506,0.79400000,14806.30000000,0.734
1749263506,0.79500000,3925.10000000,0.734
1749263506,0.79600000,396.80000000,0.734
1749263506,0.79700000,2518.60000000,0.734
1749263506,0.79800000,5396.60000000,0.734
1749263506,0.79900000,1268.80000000,0.734
1749263506,0.80000000,31818.00000000,0.734
1749263506,0.80100000,1567.50000000,0.734
1749263506,0.80200000,5827.50000000,0.734
1749263506,0.80300000,1412.60000000,0.734
1749263506,0.80400000,1255.20000000,0.734
1749263506,0.80500000,5599.00000000,0.734
1749263506,0.80600000,477.70000000,0.734
1749263506,0.80700000,322.40000000,0.734
1749263506,0.80800000,1124.10000000,0.734
1749263506,0.80900000,14063.60000000,0.734
1749263506,0.81000000,127883.30000000,0.734
1749263506,0.81100000,8105.80000000,0.734
1749263506,0.81200000,11104.30000000,0.734
1749263506,0.81300000,126.40000000,0.734
1749263506,0.81400000,3908.10000000,0.734
1749263506,0.81500000,16982.80000000,0.734
1749263506,0.81600000,222.70000000,0.734
1749263506,0.81700000,1202.90000000,0.734
1749263506,0.81800000,516.10000000,0.734
1749263506,0.81900000,1126.10000000,0.734
1749263506,0.82000000,26170.90000000,0.734
1749263506,0.82100000,163.90000000,0.734
1749263506,0.82200000,11160.50000000,0.734
1749263506,0.82300000,893.90000000,0.734
1749263506,0.82400000,11651.90000000,0.734
1749263506,0.82500000,45339.80000000,0.734
1749263506,0.82600000,2424.20000000,0.734
1749263506,0.82700000,2751.30000000,0.734
1749263506,0.82800000,155.40000000,0.734
1749263506,0.82900000,1944.30000000,0.734
1749263506,0.83000000,8054.90000000,0.734
1749263506,0.83100000,1381.40000000,0.734
1749263506,0.83200000,63507.80000000,0.734
1749263506,0.83300000,429.30000000,0.734
1749263506,0.83400000,2207.30000000,0.734
1749263813,0.73700000,71483.50000000,0.736
1749263813,0.73800000,242276.50000000,0.736
1749263813,0.73900000,139785.00000000,0.736
1749263813,0.74000000,38561.30000000,0.736
1749263813,0.74100000,16516.10000000,0.736
1749263813,0.74200000,39387.80000000,0.736
1749263813,0.74300000,32125.70000000,0.736
1749263813,0.74400000,16112.30000000,0.736
1749263813,0.74500000,4149.50000000,0.736
1749263813,0.74600000,2701.80000000,0.736
1749263813,0.74700000,7274.60000000,0.736
1749263813,0.74800000,4838.50000000,0.736
1749263813,0.74900000,28021.80000000,0.736
1749263813,0.75000000,49761.30000000,0.736
1749263813,0.75100000,2203.60000000,0.736
1749263813,0.75200000,44393.40000000,0.736
1749263813,0.75300000,42670.60000000,0.736
1749263813,0.75400000,12925.70000000,0.736
1749263813,0.75500000,29094.60000000,0.736
1749263813,0.75600000,1023.80000000,0.736
1749263813,0.75700000,4021.20000000,0.736
1749263813,0.75800000,4801.50000000,0.736
1749263813,0.75900000,6372.10000000,0.736
1749263813,0.76000000,29117.30000000,0.736
1749263813,0.76100000,496.60000000,0.736
1749263813,0.76200000,17771.90000000,0.736
1749263813,0.76300000,115.60000000,0.736
1749263813,0.76400000,444.50000000,0.736
1749263813,0.76500000,1804.20000000,0.736
1749263813,0.76600000,3568.20000000,0.736
1749263813,0.76700000,1557.30000000,0.736
1749263813,0.76800000,272.80000000,0.736
1749263813,0.76900000,2471.60000000,0.736
1749263813,0.77000000,103776.70000000,0.736
1749263813,0.77100000,2976.20000000,0.736
1749263813,0.77200000,517.20000000,0.736
1749263813,0.77300000,282.20000000,0.736
1749263813,0.77400000,7431.70000000,0.736
1749263813,0.77500000,218.50000000,0.736
1749263813,0.77600000,1609.50000000,0.736
1749263813,0.77700000,108.60000000,0.736
1749263813,0.77800000,28660.30000000,0.736
1749263813,0.77900000,508.00000000,0.736
1749263813,0.78000000,19898.70000000,0.736
1749263813,0.78100000,1608.00000000,0.736
1749263813,0.78200000,3658.40000000,0.736
1749263813,0.78300000,10577.30000000,0.736
1749263813,0.78400000,121.80000000,0.736
1749263813,0.78500000,6935.40000000,0.736
1749263813,0.78600000,465.50000000,0.736
1749263813,0.78700000,1120.00000000,0.736
1749263813,0.78800000,516.60000000,0.736
1749263813,0.78900000,5232.40000000,0.736
1749263813,0.79000000,6459.50000000,0.736
1749263813,0.79100000,440.90000000,0.736
1749263813,0.79200000,6504.20000000,0.736
1749263813,0.79300000,5144.30000000,0.736
1749263813,0.79400000,14806.30000000,0.736
1749263813,0.79500000,3925.10000000,0.736
1749263813,0.79600000,396.80000000,0.736
1749263813,0.79700000,2518.60000000,0.736
1749263813,0.79800000,5396.60000000,0.736
1749263813,0.79900000,1268.80000000,0.736
1749263813,0.80000000,31818.00000000,0.736
1749263813,0.80100000,1567.50000000,0.736
1749263813,0.80200000,5827.50000000,0.736
1749263813,0.80300000,1412.60000000,0.736
1749263813,0.80400000,1255.20000000,0.736
1749263813,0.80500000,5599.00000000,0.736
1749263813,0.80600000,477.70000000,0.736
1749263813,0.80700000,322.40000000,0.736
1749263813,0.80800000,1124.10000000,0.736
1749263813,0.80900000,14063.60000000,0.736
1749263813,0.81000000,127897.00000000,0.736
1749263813,0.81100000,8119.50000000,0.736
1749263813,0.81200000,11104.30000000,0.736
1749263813,0.81300000,126.40000000,0.736
1749263813,0.81400000,3908.10000000,0.736
1749263813,0.81500000,16982.80000000,0.736
1749263813,0.81600000,222.70000000,0.736
1749263813,0.81700000,1202.90000000,0.736
1749263813,0.81800000,516.10000000,0.736
1749263813,0.81900000,1126.10000000,0.736
1749263813,0.82000000,26170.90000000,0.736
1749263813,0.82100000,163.90000000,0.736
1749263813,0.82200000,11160.50000000,0.736
1749263813,0.82300000,893.90000000,0.736
1749263813,0.82400000,11651.90000000,0.736
1749263813,0.82500000,45339.80000000,0.736
1749263813,0.82600000,2424.20000000,0.736
1749263813,0.82700000,2751.30000000,0.736
1749263813,0.82800000,155.40000000,0.736
1749263813,0.82900000,1944.30000000,0.736
1749263813,0.83000000,8054.90000000,0.736
1749263813,0.83100000,1381.40000000,0.736
1749263813,0.83200000,63507.80000000,0.736
1749263813,0.83300000,429.30000000,0.736
1749263813,0.83400000,2207.30000000,0.736
1749263813,0.83500000,5251.10000000,0.736
1749263813,0.83600000,1027.70000000,0.736
1749264115,0.73600000,28071.40000000,0.735
1749264115,0.73700000,174611.40000000,0.735
1749264115,0.73800000,207990.30000000,0.735
1749264115,0.73900000,78702.60000000,0.735
1749264115,0.74000000,40509.80000000,0.735
1749264115,0.74100000,34307.30000000,0.735
1749264115,0.74200000,24367.80000000,0.735
1749264115,0.74300000,31962.10000000,0.735
1749264115,0.74400000,16112.30000000,0.735
1749264115,0.74500000,13306.50000000,0.735
1749264115,0.74600000,7701.80000000,0.735
1749264115,0.74700000,2274.60000000,0.735
1749264115,0.74800000,4948.50000000,0.735
1749264115,0.74900000,54725.80000000,0.735
1749264115,0.75000000,23093.50000000,0.735
1749264115,0.75100000,2203.60000000,0.735
1749264115,0.75200000,44393.40000000,0.735
1749264115,0.75300000,40960.60000000,0.735
1749264115,0.75400000,11215.70000000,0.735
1749264115,0.75500000,27384.60000000,0.735
1749264115,0.75600000,1023.80000000,0.735
1749264115,0.75700000,4021.20000000,0.735
1749264115,0.75800000,4801.50000000,0.735
1749264115,0.75900000,6372.10000000,0.735
1749264115,0.76000000,29117.30000000,0.735
1749264115,0.76100000,496.60000000,0.735
1749264115,0.76200000,17771.90000000,0.735
1749264115,0.76300000,115.60000000,0.735
1749264115,0.76400000,444.50000000,0.735
1749264115,0.76500000,1796.20000000,0.735
1749264115,0.76600000,3641.90000000,0.735
1749264115,0.76700000,1508.20000000,0.735
1749264115,0.76800000,272.80000000,0.735
1749264115,0.76900000,2264.70000000,0.735
1749264115,0.77000000,103776.70000000,0.735
1749264115,0.77100000,2976.20000000,0.735
1749264115,0.77200000,500.60000000,0.735
1749264115,0.77300000,282.20000000,0.735
1749264115,0.77400000,7431.70000000,0.735
1749264115,0.77500000,218.50000000,0.735
1749264115,0.77600000,1609.50000000,0.735
1749264115,0.77700000,108.60000000,0.735
1749264115,0.77800000,28660.30000000,0.735
1749264115,0.77900000,508.00000000,0.735
1749264115,0.78000000,19898.70000000,0.735
1749264115,0.78100000,1608.00000000,0.735
1749264115,0.78200000,3658.40000000,0.735
1749264115,0.78300000,10577.30000000,0.735
1749264115,0.78400000,121.80000000,0.735
1749264115,0.78500000,6935.40000000,0.735
1749264115,0.78600000,465.50000000,0.735
1749264115,0.78700000,1120.00000000,0.735
1749264115,0.78800000,516.60000000,0.735
1749264115,0.78900000,5232.40000000,0.735
1749264115,0.79000000,6459.50000000,0.735
1749264115,0.79100000,440.90000000,0.735
1749264115,0.79200000,6504.20000000,0.735
1749264115,0.79300000,5144.30000000,0.735
1749264115,0.79400000,14806.30000000,0.735
1749264115,0.79500000,3925.10000000,0.735
1749264115,0.79600000,396.80000000,0.735
1749264115,0.79700000,2518.60000000,0.735
1749264115,0.79800000,5396.60000000,0.735
1749264115,0.79900000,1268.80000000,0.735
1749264115,0.80000000,31818.00000000,0.735
1749264115,0.80100000,1567.50000000,0.735
1749264115,0.80200000,5827.50000000,0.735
1749264115,0.80300000,1412.60000000,0.735
1749264115,0.80400000,1255.20000000,0.735
1749264115,0.80500000,5599.00000000,0.735
1749264115,0.80600000,477.70000000,0.735
1749264115,0.80700000,322.40000000,0.735
1749264115,0.80800000,1124.10000000,0.735
1749264115,0.80900000,14063.60000000,0.735
1749264115,0.81000000,127897.00000000,0.735
1749264115,0.81100000,8105.80000000,0.735
1749264115,0.81200000,11104.30000000,0.735
1749264115,0.81300000,126.40000000,0.735
1749264115,0.81400000,3908.10000000,0.735
1749264115,0.81500000,16982.80000000,0.735
1749264115,0.81600000,222.70000000,0.735
1749264115,0.81700000,1202.90000000,0.735
1749264115,0.81800000,516.10000000,0.735
1749264115,0.81900000,1126.10000000,0.735
1749264115,0.82000000,26170.90000000,0.735
1749264115,0.82100000,163.90000000,0.735
1749264115,0.82200000,11160.50000000,0.735
1749264115,0.82300000,893.90000000,0.735
1749264115,0.82400000,11651.90000000,0.735
1749264115,0.82500000,45339.80000000,0.735
1749264115,0.82600000,2424.20000000,0.735
1749264115,0.82700000,2751.30000000,0.735
1749264115,0.82800000,155.40000000,0.735
1749264115,0.82900000,1944.30000000,0.735
1749264115,0.83000000,8054.90000000,0.735
1749264115,0.83100000,1381.40000000,0.735
1749264115,0.83200000,63507.80000000,0.735
1749264115,0.83300000,429.30000000,0.735
1749264115,0.83400000,2207.30000000,0.735
1749264115,0.83500000,5251.10000000,0.735
1749264421,0.73700000,33919.60000000,0.736
1749264421,0.73800000,233004.90000000,0.736
1749264421,0.73900000,196135.70000000,0.736
1749264421,0.74000000,47913.50000000,0.736
1749264421,0.74100000,28903.20000000,0.736
1749264421,0.74200000,9110.90000000,0.736
1749264421,0.74300000,31952.30000000,0.736
1749264421,0.74400000,43656.70000000,0.736
1749264421,0.74500000,13306.50000000,0.736
1749264421,0.74600000,1982.60000000,0.736
1749264421,0.74700000,2282.00000000,0.736
1749264421,0.74800000,9563.80000000,0.736
1749264421,0.74900000,2153.90000000,0.736
1749264421,0.75000000,23093.50000000,0.736
1749264421,0.75100000,54324.20000000,0.736
1749264421,0.75200000,43626.50000000,0.736
1749264421,0.75300000,41234.30000000,0.736
1749264421,0.75400000,11982.60000000,0.736
1749264421,0.75500000,27384.60000000,0.736
1749264421,0.75600000,291.80000000,0.736
1749264421,0.75700000,4021.20000000,0.736
1749264421,0.75800000,5533.50000000,0.736
1749264421,0.75900000,6372.10000000,0.736
1749264421,0.76000000,28087.30000000,0.736
1749264421,0.76100000,468.80000000,0.736
1749264421,0.76200000,17771.90000000,0.736
1749264421,0.76300000,115.60000000,0.736
1749264421,0.76400000,1474.50000000,0.736
1749264421,0.76500000,1796.20000000,0.736
1749264421,0.76600000,3641.90000000,0.736
1749264421,0.76700000,1508.20000000,0.736
1749264421,0.76800000,272.80000000,0.736
1749264421,0.76900000,2870.00000000,0.736
1749264421,0.77000000,103776.70000000,0.736
1749264421,0.77100000,2976.20000000,0.736
1749264421,0.77200000,500.60000000,0.736
1749264421,0.77300000,282.20000000,0.736
1749264421,0.77400000,7431.70000000,0.736
1749264421,0.77500000,218.50000000,0.736
1749264421,0.77600000,1609.50000000,0.736
1749264421,0.77700000,108.60000000,0.736
1749264421,0.77800000,28660.30000000,0.736
1749264421,0.77900000,508.00000000,0.736
1749264421,0.78000000,19898.70000000,0.736
1749264421,0.78100000,1608.00000000,0.736
1749264421,0.78200000,3658.40000000,0.736
1749264421,0.78300000,10577.30000000,0.736
1749264421,0.78400000,121.80000000,0.736
1749264421,0.78500000,6935.40000000,0.736
1749264421,0.78600000,465.50000000,0.736
1749264421,0.78700000,1120.00000000,0.736
1749264421,0.78800000,516.60000000,0.736
1749264421,0.78900000,5232.40000000,0.736
1749264421,0.79000000,6459.50000000,0.736
1749264421,0.79100000,440.90000000,0.736
1749264421,0.79200000,6504.20000000,0.736
1749264421,0.79300000,5144.30000000,0.736
1749264421,0.79400000,14806.30000000,0.736
1749264421,0.79500000,3925.10000000,0.736
1749264421,0.79600000,396.80000000,0.736
1749264421,0.79700000,2518.60000000,0.736
1749264421,0.79800000,5396.60000000,0.736
1749264421,0.79900000,1268.80000000,0.736
1749264421,0.80000000,31818.00000000,0.736
1749264421,0.80100000,1567.50000000,0.736
1749264421,0.80200000,5827.50000000,0.736
1749264421,0.80300000,1412.60000000,0.736
1749264421,0.80400000,1255.20000000,0.736
1749264421,0.80500000,5599.00000000,0.736
1749264421,0.80600000,477.70000000,0.736
1749264421,0.80700000,322.40000000,0.736
1749264421,0.80800000,1124.10000000,0.736
1749264421,0.80900000,14063.60000000,0.736
1749264421,0.81000000,127897.00000000,0.736
1749264421,0.81100000,8119.50000000,0.736
1749264421,0.81200000,11104.30000000,0.736
1749264421,0.81300000,126.40000000,0.736
1749264421,0.81400000,3908.10000000,0.736
1749264421,0.81500000,16982.80000000,0.736
1749264421,0.81600000,222.70000000,0.736
1749264421,0.81700000,1202.90000000,0.736
1749264421,0.81800000,516.10000000,0.736
1749264421,0.81900000,1126.10000000,0.736
1749264421,0.82000000,26170.90000000,0.736
1749264421,0.82100000,163.90000000,0.736
1749264421,0.82200000,11160.50000000,0.736
1749264421,0.82300000,893.90000000,0.736
1749264421,0.82400000,11651.90000000,0.736
1749264421,0.82500000,45339.80000000,0.736
1749264421,0.82600000,2424.20000000,0.736
1749264421,0.82700000,2751.30000000,0.736
1749264421,0.82800000,155.40000000,0.736
1749264421,0.82900000,1944.30000000,0.736
1749264421,0.83000000,8054.90000000,0.736
1749264421,0.83100000,1381.40000000,0.736
1749264421,0.83200000,63507.80000000,0.736
1749264421,0.83300000,429.30000000,0.736
1749264421,0.83400000,2207.30000000,0.736
1749264421,0.83500000,5251.10000000,0.736
1749264421,0.83600000,1027.70000000,0.736
1749264723,0.73800000,74735.70000000,0.737
1749264723,0.73900000,242810.40000000,0.737
1749264723,0.74000000,134366.50000000,0.737
1749264723,0.74100000,34379.20000000,0.737
1749264723,0.74200000,18216.90000000,0.737
1749264723,0.74300000,33076.20000000,0.737
1749264723,0.74400000,38945.90000000,0.737
1749264723,0.74500000,13306.50000000,0.737
1749264723,0.74600000,1982.60000000,0.737
1749264723,0.74700000,12123.50000000,0.737
1749264723,0.74800000,4563.80000000,0.737
1749264723,0.74900000,2153.90000000,0.737
1749264723,0.75000000,23093.50000000,0.737
1749264723,0.75100000,54324.20000000,0.737
1749264723,0.75200000,43626.50000000,0.737
1749264723,0.75300000,42944.30000000,0.737
1749264723,0.75400000,13692.60000000,0.737
1749264723,0.75500000,29094.60000000,0.737
1749264723,0.75600000,291.80000000,0.737
1749264723,0.75700000,3205.80000000,0.737
1749264723,0.75800000,5515.70000000,0.737
1749264723,0.75900000,5510.20000000,0.737
1749264723,0.76000000,28087.30000000,0.737
1749264723,0.76100000,2135.60000000,0.737
1749264723,0.76200000,17771.90000000,0.737
1749264723,0.76300000,115.60000000,0.737
1749264723,0.76400000,1474.50000000,0.737
1749264723,0.76500000,1775.20000000,0.737
1749264723,0.76600000,3641.90000000,0.737
1749264723,0.76700000,163.60000000,0.737
1749264723,0.76800000,272.80000000,0.737
1749264723,0.76900000,4014.20000000,0.737
1749264723,0.77000000,103776.70000000,0.737
1749264723,0.77100000,2976.20000000,0.737
1749264723,0.77200000,500.60000000,0.737
1749264723,0.77300000,282.20000000,0.737
1749264723,0.77400000,7431.70000000,0.737
1749264723,0.77500000,193.50000000,0.737
1749264723,0.77600000,1596.60000000,0.737
1749264723,0.77700000,108.60000000,0.737
1749264723,0.77800000,28660.30000000,0.737
1749264723,0.77900000,508.00000000,0.737
1749264723,0.78000000,19898.70000000,0.737
1749264723,0.78100000,1608.00000000,0.737
1749264723,0.78200000,3658.40000000,0.737
1749264723,0.78300000,10577.30000000,0.737
1749264723,0.78400000,121.80000000,0.737
1749264723,0.78500000,6935.40000000,0.737
1749264723,0.78600000,465.50000000,0.737
1749264723,0.78700000,1120.00000000,0.737
1749264723,0.78800000,516.60000000,0.737
1749264723,0.78900000,5232.40000000,0.737
1749264723,0.79000000,6459.50000000,0.737
1749264723,0.79100000,440.90000000,0.737
1749264723,0.79200000,6504.20000000,0.737
1749264723,0.79300000,5144.30000000,0.737
1749264723,0.79400000,14806.30000000,0.737
1749264723,0.79500000,3925.10000000,0.737
1749264723,0.79600000,396.80000000,0.737
1749264723,0.79700000,2518.60000000,0.737
1749264723,0.79800000,5396.60000000,0.737
1749264723,0.79900000,1268.80000000,0.737
1749264723,0.80000000,31818.00000000,0.737
1749264723,0.80100000,1567.50000000,0.737
1749264723,0.80200000,5827.50000000,0.737
1749264723,0.80300000,1412.60000000,0.737
1749264723,0.80400000,1255.20000000,0.737
1749264723,0.80500000,5599.00000000,0.737
1749264723,0.80600000,477.70000000,0.737
1749264723,0.80700000,322.40000000,0.737
1749264723,0.80800000,1124.10000000,0.737
1749264723,0.80900000,14187.30000000,0.737
1749264723,0.81000000,127897.00000000,0.737
1749264723,0.81100000,8119.50000000,0.737
1749264723,0.81200000,11117.90000000,0.737
1749264723,0.81300000,126.40000000,0.737
1749264723,0.81400000,3908.10000000,0.737
1749264723,0.81500000,16982.80000000,0.737
1749264723,0.81600000,222.70000000,0.737
1749264723,0.81700000,1183.90000000,0.737
1749264723,0.81800000,516.10000000,0.737
1749264723,0.81900000,1126.10000000,0.737
1749264723,0.82000000,26170.90000000,0.737
1749264723,0.82100000,163.90000000,0.737
1749264723,0.82200000,11160.50000000,0.737
1749264723,0.82300000,893.90000000,0.737
1749264723,0.82400000,11651.90000000,0.737
1749264723,0.82500000,45339.80000000,0.737
1749264723,0.82600000,2424.20000000,0.737
1749264723,0.82700000,2751.30000000,0.737
1749264723,0.82800000,155.40000000,0.737
1749264723,0.82900000,1944.30000000,0.737
1749264723,0.83000000,8054.90000000,0.737
1749264723,0.83100000,1381.40000000,0.737
1749264723,0.83200000,63507.80000000,0.737
1749264723,0.83300000,429.30000000,0.737
1749264723,0.83400000,2207.30000000,0.737
1749264723,0.83500000,5251.10000000,0.737
1749264723,0.83600000,1027.70000000,0.737
1749264723,0.83700000,2590.80000000,0.737
1749265025,0.74300000,86676.20000000,0.742
1749265025,0.74400000,213675.50000000,0.742
1749265025,0.74500000,97835.80000000,0.742
1749265025,0.74600000,30028.20000000,0.742
1749265025,0.74700000,14691.90000000,0.742
1749265025,0.74800000,24971.90000000,0.742
1749265025,0.74900000,53769.50000000,0.742
1749265025,0.75000000,31908.90000000,0.742
1749265025,0.75100000,3705.80000000,0.742
1749265025,0.75200000,49328.50000000,0.742
1749265025,0.75300000,47588.00000000,0.742
1749265025,0.75400000,12925.70000000,0.742
1749265025,0.75500000,54683.80000000,0.742
1749265025,0.75600000,28454.10000000,0.742
1749265025,0.75700000,2854.90000000,0.742
1749265025,0.75800000,7260.60000000,0.742
1749265025,0.75900000,5810.10000000,0.742
1749265025,0.76000000,28097.50000000,0.742
1749265025,0.76100000,2803.10000000,0.742
1749265025,0.76200000,18514.10000000,0.742
1749265025,0.76300000,941.20000000,0.742
1749265025,0.76400000,444.50000000,0.742
1749265025,0.76500000,3452.50000000,0.742
1749265025,0.76600000,3568.20000000,0.742
1749265025,0.76700000,163.60000000,0.742
1749265025,0.76800000,1302.80000000,0.742
1749265025,0.76900000,2330.80000000,0.742
1749265025,0.77000000,102746.70000000,0.742
1749265025,0.77100000,2976.20000000,0.742
1749265025,0.77200000,500.60000000,0.742
1749265025,0.77300000,1965.60000000,0.742
1749265025,0.77400000,8461.70000000,0.742
1749265025,0.77500000,213.50000000,0.742
1749265025,0.77600000,305.00000000,0.742
1749265025,0.77700000,108.60000000,0.742
1749265025,0.77800000,28338.90000000,0.742
1749265025,0.77900000,508.00000000,0.742
1749265025,0.78000000,21190.30000000,0.742
1749265025,0.78100000,1750.20000000,0.742
1749265025,0.78200000,3986.90000000,0.742
1749265025,0.78300000,10577.30000000,0.742
1749265025,0.78400000,121.80000000,0.742
1749265025,0.78500000,6935.40000000,0.742
1749265025,0.78600000,465.50000000,0.742
1749265025,0.78700000,1120.00000000,0.742
1749265025,0.78800000,516.60000000,0.742
1749265025,0.78900000,5232.40000000,0.742
1749265025,0.79000000,6459.50000000,0.742
1749265025,0.79100000,440.90000000,0.742
1749265025,0.79200000,6504.20000000,0.742
1749265025,0.79300000,5144.30000000,0.742
1749265025,0.79400000,14806.30000000,0.742
1749265025,0.79500000,3925.10000000,0.742
1749265025,0.79600000,396.80000000,0.742
1749265025,0.79700000,2518.60000000,0.742
1749265025,0.79800000,5396.60000000,0.742
1749265025,0.79900000,1268.80000000,0.742
1749265025,0.80000000,31838.00000000,0.742
1749265025,0.80100000,1567.50000000,0.742
1749265025,0.80200000,5827.50000000,0.742
1749265025,0.80300000,1412.60000000,0.742
1749265025,0.80400000,1255.20000000,0.742
1749265025,0.80500000,5599.00000000,0.742
1749265025,0.80600000,477.70000000,0.742
1749265025,0.80700000,322.40000000,0.742
1749265025,0.80800000,1124.10000000,0.742
1749265025,0.80900000,14063.60000000,0.742
1749265025,0.81000000,127897.00000000,0.742
1749265025,0.81100000,8119.50000000,0.742
1749265025,0.81200000,11117.90000000,0.742
1749265025,0.81300000,140.00000000,0.742
1749265025,0.81400000,3921.70000000,0.742
1749265025,0.81500000,16996.40000000,0.742
1749265025,0.81600000,236.20000000,0.742
1749265025,0.81700000,1197.40000000,0.742
1749265025,0.81800000,516.10000000,0.742
1749265025,0.81900000,1126.10000000,0.742
1749265025,0.82000000,26170.90000000,0.742
1749265025,0.82100000,163.90000000,0.742
1749265025,0.82200000,11160.50000000,0.742
1749265025,0.82300000,893.90000000,0.742
1749265025,0.82400000,11651.90000000,0.742
1749265025,0.82500000,45339.80000000,0.742
1749265025,0.82600000,2424.20000000,0.742
1749265025,0.82700000,2751.30000000,0.742
1749265025,0.82800000,155.40000000,0.742
1749265025,0.82900000,1944.30000000,0.742
1749265025,0.83000000,8054.90000000,0.742
1749265025,0.83100000,1381.40000000,0.742
1749265025,0.83200000,63507.80000000,0.742
1749265025,0.83300000,429.30000000,0.742
1749265025,0.83400000,2207.30000000,0.742
1749265025,0.83500000,5251.10000000,0.742
1749265025,0.83600000,1027.70000000,0.742
1749265025,0.83700000,2590.80000000,0.742
1749265025,0.83800000,1484.40000000,0.742
1749265025,0.83900000,1577.90000000,0.742
1749265025,0.84000000,32441.20000000,0.742
1749265025,0.84100000,786.20000000,0.742
1749265025,0.84200000,2443.90000000,0.742
1749265326,0.74300000,53701.70000000,0.743
1749265326,0.74400000,241109.00000000,0.743
1749265326,0.74500000,144214.60000000,0.743
1749265326,0.74600000,40606.50000000,0.743
1749265326,0.74700000,14652.30000000,0.743
1749265326,0.74800000,17543.90000000,0.743
1749265326,0.74900000,53957.50000000,0.743
1749265326,0.75000000,32826.10000000,0.743
1749265326,0.75100000,3705.80000000,0.743
1749265326,0.75200000,49204.80000000,0.743
1749265326,0.75300000,47588.00000000,0.743
1749265326,0.75400000,13111.50000000,0.743
1749265326,0.75500000,81171.70000000,0.743
1749265326,0.75600000,2001.80000000,0.743
1749265326,0.75700000,2854.90000000,0.743
1749265326,0.75800000,5550.60000000,0.743
1749265326,0.75900000,4100.10000000,0.743
1749265326,0.76000000,26991.30000000,0.743
1749265326,0.76100000,2803.10000000,0.743
1749265326,0.76200000,18514.10000000,0.743
1749265326,0.76300000,941.20000000,0.743
1749265326,0.76400000,444.50000000,0.743
1749265326,0.76500000,3452.50000000,0.743
1749265326,0.76600000,3568.20000000,0.743
1749265326,0.76700000,163.60000000,0.743
1749265326,0.76800000,1302.80000000,0.743
1749265326,0.76900000,1802.20000000,0.743
1749265326,0.77000000,102746.70000000,0.743
1749265326,0.77100000,2976.20000000,0.743
1749265326,0.77200000,500.60000000,0.743
1749265326,0.77300000,1965.60000000,0.743
1749265326,0.77400000,8461.70000000,0.743
1749265326,0.77500000,213.50000000,0.743
1749265326,0.77600000,305.00000000,0.743
1749265326,0.77700000,108.60000000,0.743
1749265326,0.77800000,28338.90000000,0.743
1749265326,0.77900000,508.00000000,0.743
1749265326,0.78000000,21190.30000000,0.743
1749265326,0.78100000,1750.20000000,0.743
1749265326,0.78200000,3986.90000000,0.743
1749265326,0.78300000,10577.30000000,0.743
1749265326,0.78400000,121.80000000,0.743
1749265326,0.78500000,6935.40000000,0.743
1749265326,0.78600000,465.50000000,0.743
1749265326,0.78700000,1120.00000000,0.743
1749265326,0.78800000,516.60000000,0.743
1749265326,0.78900000,5232.40000000,0.743
1749265326,0.79000000,6459.50000000,0.743
1749265326,0.79100000,440.90000000,0.743
1749265326,0.79200000,6504.20000000,0.743
1749265326,0.79300000,5144.30000000,0.743
1749265326,0.79400000,14806.30000000,0.743
1749265326,0.79500000,3925.10000000,0.743
1749265326,0.79600000,396.80000000,0.743
1749265326,0.79700000,2518.60000000,0.743
1749265326,0.79800000,5396.60000000,0.743
1749265326,0.79900000,1235.00000000,0.743
1749265326,0.80000000,31838.00000000,0.743
1749265326,0.80100000,1567.50000000,0.743
1749265326,0.80200000,5827.50000000,0.743
1749265326,0.80300000,1412.60000000,0.743
1749265326,0.80400000,1255.20000000,0.743
1749265326,0.80500000,5599.00000000,0.743
1749265326,0.80600000,477.70000000,0.743
1749265326,0.80700000,322.40000000,0.743
1749265326,0.80800000,1124.10000000,0.743
1749265326,0.80900000,14063.60000000,0.743
1749265326,0.81000000,127897.00000000,0.743
1749265326,0.81100000,8119.50000000,0.743
1749265326,0.81200000,11117.90000000,0.743
1749265326,0.81300000,140.00000000,0.743
1749265326,0.81400000,3921.70000000,0.743
1749265326,0.81500000,16996.40000000,0.743
1749265326,0.81600000,236.20000000,0.743
1749265326,0.81700000,1197.40000000,0.743
1749265326,0.81800000,516.10000000,0.743
1749265326,0.81900000,1126.10000000,0.743
1749265326,0.82000000,26170.90000000,0.743
1749265326,0.82100000,163.90000000,0.743
1749265326,0.82200000,11160.50000000,0.743
1749265326,0.82300000,893.90000000,0.743
1749265326,0.82400000,11651.90000000,0.743
1749265326,0.82500000,45339.80000000,0.743
1749265326,0.82600000,2424.20000000,0.743
1749265326,0.82700000,2751.30000000,0.743
1749265326,0.82800000,155.40000000,0.743
1749265326,0.82900000,1944.30000000,0.743
1749265326,0.83000000,8054.90000000,0.743
1749265326,0.83100000,1381.40000000,0.743
1749265326,0.83200000,63507.80000000,0.743
1749265326,0.83300000,429.30000000,0.743
1749265326,0.83400000,2207.30000000,0.743
1749265326,0.83500000,5251.10000000,0.743
1749265326,0.83600000,1027.70000000,0.743
1749265326,0.83700000,2590.80000000,0.743
1749265326,0.83800000,1484.40000000,0.743
1749265326,0.83900000,1577.90000000,0.743
1749265326,0.84000000,32441.20000000,0.743
1749265326,0.84100000,786.20000000,0.743
1749265326,0.84200000,2443.90000000,0.743
1749265628,0.74800000,9665.60000000,0.748
1749265628,0.74900000,171083.40000000,0.748
1749265628,0.75000000,185381.80000000,0.748
1749265628,0.75100000,39010.60000000,0.748
1749265628,0.75200000,63214.90000000,0.748
1749265628,0.75300000,55091.30000000,0.748
1749265628,0.75400000,38292.80000000,0.748
1749265628,0.75500000,31176.40000000,0.748
1749265628,0.75600000,23085.60000000,0.748
1749265628,0.75700000,1158.60000000,0.748
1749265628,0.75800000,10078.10000000,0.748
1749265628,0.75900000,4008.00000000,0.748
1749265628,0.76000000,27006.40000000,0.748
1749265628,0.76100000,27017.50000000,0.748
1749265628,0.76200000,18549.00000000,0.748
1749265628,0.76300000,125.80000000,0.748
1749265628,0.76400000,454.60000000,0.748
1749265628,0.76500000,4191.00000000,0.748
1749265628,0.76600000,4310.30000000,0.748
1749265628,0.76700000,982.00000000,0.748
1749265628,0.76800000,275.40000000,0.748
1749265628,0.76900000,3479.50000000,0.748
1749265628,0.77000000,102746.70000000,0.748
1749265628,0.77100000,2976.20000000,0.748
1749265628,0.77200000,1517.60000000,0.748
1749265628,0.77300000,282.20000000,0.748
1749265628,0.77400000,7418.70000000,0.748
1749265628,0.77500000,213.50000000,0.748
1749265628,0.77600000,305.00000000,0.748
1749265628,0.77700000,1792.00000000,0.748
1749265628,0.77800000,28338.90000000,0.748
1749265628,0.77900000,539.80000000,0.748
1749265628,0.78000000,19898.70000000,0.748
1749265628,0.78100000,1750.20000000,0.748
1749265628,0.78200000,3658.40000000,0.748
1749265628,0.78300000,11620.10000000,0.748
1749265628,0.78400000,1741.90000000,0.748
1749265628,0.78500000,6948.20000000,0.748
1749265628,0.78600000,465.50000000,0.748
1749265628,0.78700000,1120.00000000,0.748
1749265628,0.78800000,516.60000000,0.748
1749265628,0.78900000,5232.40000000,0.748
1749265628,0.79000000,6459.50000000,0.748
1749265628,0.79100000,440.90000000,0.748
1749265628,0.79200000,6504.20000000,0.748
1749265628,0.79300000,5144.30000000,0.748
1749265628,0.79400000,14806.30000000,0.748
1749265628,0.79500000,3925.10000000,0.748
1749265628,0.79600000,396.80000000,0.748
1749265628,0.79700000,2518.60000000,0.748
1749265628,0.79800000,5396.60000000,0.748
1749265628,0.79900000,1235.00000000,0.748
1749265628,0.80000000,31838.00000000,0.748
1749265628,0.80100000,1567.50000000,0.748
1749265628,0.80200000,5827.50000000,0.748
1749265628,0.80300000,1412.60000000,0.748
1749265628,0.80400000,1255.20000000,0.748
1749265628,0.80500000,5599.00000000,0.748
1749265628,0.80600000,477.70000000,0.748
1749265628,0.80700000,322.40000000,0.748
1749265628,0.80800000,1124.10000000,0.748
1749265628,0.80900000,14063.60000000,0.748
1749265628,0.81000000,127897.00000000,0.748
1749265628,0.81100000,8119.50000000,0.748
1749265628,0.81200000,11117.90000000,0.748
1749265628,0.81300000,140.00000000,0.748
1749265628,0.81400000,3921.70000000,0.748
1749265628,0.81500000,16996.40000000,0.748
1749265628,0.81600000,236.20000000,0.748
1749265628,0.81700000,1197.40000000,0.748
1749265628,0.81800000,529.60000000,0.748
1749265628,0.81900000,1139.60000000,0.748
1749265628,0.82000000,26184.40000000,0.748
1749265628,0.82100000,177.40000000,0.748
1749265628,0.82200000,11174.00000000,0.748
1749265628,0.82300000,893.90000000,0.748
1749265628,0.82400000,11651.90000000,0.748
1749265628,0.82500000,45339.80000000,0.748
1749265628,0.82600000,2424.20000000,0.748
1749265628,0.82700000,2751.30000000,0.748
1749265628,0.82800000,155.40000000,0.748
1749265628,0.82900000,1944.30000000,0.748
1749265628,0.83000000,8054.90000000,0.748
1749265628,0.83100000,1381.40000000,0.748
1749265628,0.83200000,63507.80000000,0.748
1749265628,0.83300000,429.30000000,0.748
1749265628,0.83400000,2207.30000000,0.748
1749265628,0.83500000,5251.10000000,0.748
1749265628,0.83600000,1027.70000000,0.748
1749265628,0.83700000,2590.80000000,0.748
1749265628,0.83800000,1484.40000000,0.748
1749265628,0.83900000,1577.90000000,0.748
1749265628,0.84000000,32441.20000000,0.748
1749265628,0.84100000,786.20000000,0.748
1749265628,0.84200000,2443.90000000,0.748
1749265628,0.84300000,995.30000000,0.748
1749265628,0.84400000,1510.20000000,0.748
1749265628,0.84500000,108193.70000000,0.748
1749265628,0.84600000,1670.40000000,0.748
1749265628,0.84700000,3382.20000000,0.748
1749265929,0.75000000,47103.40000000,0.75
1749265929,0.75100000,214293.50000000,0.75
1749265929,0.75200000,195891.10000000,0.75
1749265929,0.75300000,52316.60000000,0.75
1749265929,0.75400000,44443.60000000,0.75
1749265929,0.75500000,13762.90000000,0.75
1749265929,0.75600000,44591.20000000,0.75
1749265929,0.75700000,28071.90000000,0.75
1749265929,0.75800000,8828.30000000,0.75
1749265929,0.75900000,6005.40000000,0.75
1749265929,0.76000000,34445.70000000,0.75
1749265929,0.76100000,2178.50000000,0.75
1749265929,0.76200000,19492.10000000,0.75
1749265929,0.76300000,28314.70000000,0.75
1749265929,0.76400000,27514.80000000,0.75
1749265929,0.76500000,1856.40000000,0.75
1749265929,0.76600000,4374.60000000,0.75
1749265929,0.76700000,2501.20000000,0.75
1749265929,0.76800000,275.40000000,0.75
1749265929,0.76900000,2627.70000000,0.75
1749265929,0.77000000,103499.20000000,0.75
1749265929,0.77100000,4653.50000000,0.75
1749265929,0.77200000,1521.10000000,0.75
1749265929,0.77300000,282.20000000,0.75
1749265929,0.77400000,7418.70000000,0.75
1749265929,0.77500000,221.00000000,0.75
1749265929,0.77600000,1335.00000000,0.75
1749265929,0.77700000,108.60000000,0.75
1749265929,0.77800000,28338.90000000,0.75
1749265929,0.77900000,2223.20000000,0.75
1749265929,0.78000000,19898.70000000,0.75
1749265929,0.78100000,1750.20000000,0.75
1749265929,0.78200000,3658.40000000,0.75
1749265929,0.78300000,11620.10000000,0.75
1749265929,0.78400000,121.80000000,0.75
1749265929,0.78500000,6960.90000000,0.75
1749265929,0.78600000,2085.60000000,0.75
1749265929,0.78700000,1120.00000000,0.75
1749265929,0.78800000,516.60000000,0.75
1749265929,0.78900000,5232.40000000,0.75
1749265929,0.79000000,6459.50000000,0.75
1749265929,0.79100000,440.90000000,0.75
1749265929,0.79200000,6504.20000000,0.75
1749265929,0.79300000,5144.30000000,0.75
1749265929,0.79400000,14806.30000000,0.75
1749265929,0.79500000,3925.10000000,0.75
1749265929,0.79600000,396.80000000,0.75
1749265929,0.79700000,2518.60000000,0.75
1749265929,0.79800000,5396.60000000,0.75
1749265929,0.79900000,1235.00000000,0.75
1749265929,0.80000000,31838.00000000,0.75
1749265929,0.80100000,1567.50000000,0.75
1749265929,0.80200000,5827.50000000,0.75
1749265929,0.80300000,1412.60000000,0.75
1749265929,0.80400000,1255.20000000,0.75
1749265929,0.80500000,5599.00000000,0.75
1749265929,0.80600000,477.70000000,0.75
1749265929,0.80700000,322.40000000,0.75
1749265929,0.80800000,1124.10000000,0.75
1749265929,0.80900000,14063.60000000,0.75
1749265929,0.81000000,127897.00000000,0.75
1749265929,0.81100000,8119.50000000,0.75
1749265929,0.81200000,11117.90000000,0.75
1749265929,0.81300000,140.00000000,0.75
1749265929,0.81400000,3921.70000000,0.75
1749265929,0.81500000,16996.40000000,0.75
1749265929,0.81600000,236.20000000,0.75
1749265929,0.81700000,1197.40000000,0.75
1749265929,0.81800000,529.60000000,0.75
1749265929,0.81900000,1139.60000000,0.75
1749265929,0.82000000,26184.40000000,0.75
1749265929,0.82100000,177.40000000,0.75
1749265929,0.82200000,11174.00000000,0.75
1749265929,0.82300000,907.30000000,0.75
1749265929,0.82400000,11665.30000000,0.75
1749265929,0.82500000,45339.80000000,0.75
1749265929,0.82600000,2424.20000000,0.75
1749265929,0.82700000,2751.30000000,0.75
1749265929,0.82800000,155.40000000,0.75
1749265929,0.82900000,1944.30000000,0.75
1749265929,0.83000000,8054.90000000,0.75
1749265929,0.83100000,1381.40000000,0.75
1749265929,0.83200000,63507.80000000,0.75
1749265929,0.83300000,429.30000000,0.75
1749265929,0.83400000,2207.30000000,0.75
1749265929,0.83500000,5251.10000000,0.75
1749265929,0.83600000,1027.70000000,0.75
1749265929,0.83700000,2590.80000000,0.75
1749265929,0.83800000,1484.40000000,0.75
1749265929,0.83900000,1577.90000000,0.75
1749265929,0.84000000,32441.20000000,0.75
1749265929,0.84100000,786.20000000,0.75
1749265929,0.84200000,2443.90000000,0.75
1749265929,0.84300000,995.30000000,0.75
1749265929,0.84400000,1510.20000000,0.75
1749265929,0.84500000,108193.70000000,0.75
1749265929,0.84600000,1670.40000000,0.75
1749265929,0.84700000,3382.20000000,0.75
1749265929,0.84800000,1177.90000000,0.75
1749265929,0.84900000,1571.00000000,0.75
1749266231,0.75200000,18749.60000000,0.752
1749266231,0.75300000,196749.30000000,0.752
1749266231,0.75400000,197843.80000000,0.752
1749266231,0.75500000,43948.00000000,0.752
1749266231,0.75600000,29287.20000000,0.752
1749266231,0.75700000,15871.40000000,0.752
1749266231,0.75800000,24976.80000000,0.752
1749266231,0.75900000,42123.60000000,0.752
1749266231,0.76000000,32981.00000000,0.752
1749266231,0.76100000,9048.80000000,0.752
1749266231,0.76200000,20498.60000000,0.752
1749266231,0.76300000,6845.80000000,0.752
1749266231,0.76400000,2164.60000000,0.752
1749266231,0.76500000,4581.30000000,0.752
1749266231,0.76600000,29708.40000000,0.752
1749266231,0.76700000,440.30000000,0.752
1749266231,0.76800000,1042.30000000,0.752
1749266231,0.76900000,4361.60000000,0.752
1749266231,0.77000000,102767.20000000,0.752
1749266231,0.77100000,2986.20000000,0.752
1749266231,0.77200000,2250.10000000,0.752
1749266231,0.77300000,1068.60000000,0.752
1749266231,0.77400000,7410.80000000,0.752
1749266231,0.77500000,1898.30000000,0.752
1749266231,0.77600000,305.00000000,0.752
1749266231,0.77700000,90.80000000,0.752
1749266231,0.77800000,28338.90000000,0.752
1749266231,0.77900000,539.80000000,0.752
1749266231,0.78000000,20928.70000000,0.752
1749266231,0.78100000,3433.60000000,0.752
1749266231,0.78200000,3658.40000000,0.752
1749266231,0.78300000,10577.30000000,0.752
1749266231,0.78400000,121.80000000,0.752
1749266231,0.78500000,6960.90000000,0.752
1749266231,0.78600000,465.50000000,0.752
1749266231,0.78700000,2188.10000000,0.752
1749266231,0.78800000,2136.70000000,0.752
1749266231,0.78900000,5232.40000000,0.752
1749266231,0.79000000,6459.50000000,0.752
1749266231,0.79100000,466.30000000,0.752
1749266231,0.79200000,6504.20000000,0.752
1749266231,0.79300000,5144.30000000,0.752
1749266231,0.79400000,14806.30000000,0.752
1749266231,0.79500000,3925.10000000,0.752
1749266231,0.79600000,396.80000000,0.752
1749266231,0.79700000,2518.60000000,0.752
1749266231,0.79800000,5396.60000000,0.752
1749266231,0.79900000,1235.00000000,0.752
1749266231,0.80000000,31838.00000000,0.752
1749266231,0.80100000,1567.50000000,0.752
1749266231,0.80200000,5827.50000000,0.752
1749266231,0.80300000,1412.60000000,0.752
1749266231,0.80400000,1255.20000000,0.752
1749266231,0.80500000,5599.00000000,0.752
1749266231,0.80600000,477.70000000,0.752
1749266231,0.80700000,390.70000000,0.752
1749266231,0.80800000,1124.10000000,0.752
1749266231,0.80900000,14063.60000000,0.752
1749266231,0.81000000,127897.00000000,0.752
1749266231,0.81100000,8119.50000000,0.752
1749266231,0.81200000,11117.90000000,0.752
1749266231,0.81300000,140.00000000,0.752
1749266231,0.81400000,3921.70000000,0.752
1749266231,0.81500000,16996.40000000,0.752
1749266231,0.81600000,236.20000000,0.752
1749266231,0.81700000,1197.40000000,0.752
1749266231,0.81800000,529.60000000,0.752
1749266231,0.81900000,1139.60000000,0.752
1749266231,0.82000000,26184.40000000,0.752
1749266231,0.82100000,177.40000000,0.752
1749266231,0.82200000,11174.00000000,0.752
1749266231,0.82300000,907.30000000,0.752
1749266231,0.82400000,11665.30000000,0.752
1749266231,0.82500000,45353.20000000,0.752
1749266231,0.82600000,2437.60000000,0.752
1749266231,0.82700000,2751.30000000,0.752
1749266231,0.82800000,155.40000000,0.752
1749266231,0.82900000,1944.30000000,0.752
1749266231,0.83000000,8054.90000000,0.752
1749266231,0.83100000,1381.40000000,0.752
1749266231,0.83200000,63507.80000000,0.752
1749266231,0.83300000,429.30000000,0.752
1749266231,0.83400000,2207.30000000,0.752
1749266231,0.83500000,5251.10000000,0.752
1749266231,0.83600000,1027.70000000,0.752
1749266231,0.83700000,2590.80000000,0.752
1749266231,0.83800000,1484.40000000,0.752
1749266231,0.83900000,1577.90000000,0.752
1749266231,0.84000000,32441.20000000,0.752
1749266231,0.84100000,786.20000000,0.752
1749266231,0.84200000,2443.90000000,0.752
1749266231,0.84300000,995.30000000,0.752
1749266231,0.84400000,1510.20000000,0.752
1749266231,0.84500000,108193.70000000,0.752
1749266231,0.84600000,1670.40000000,0.752
1749266231,0.84700000,3382.20000000,0.752
1749266231,0.84800000,1177.90000000,0.752
1749266231,0.84900000,1571.00000000,0.752
1749266231,0.85000000,29033.30000000,0.752
1749266231,0.85100000,4781.40000000,0.752
1749266533,0.75100000,102788.10000000,0.75
1749266533,0.75200000,195031.80000000,0.75
1749266533,0.75300000,164313.20000000,0.75
1749266533,0.75400000,57619.40000000,0.75
1749266533,0.75500000,23381.00000000,0.75
1749266533,0.75600000,30439.20000000,0.75
1749266533,0.75700000,27154.00000000,0.75
1749266533,0.75800000,31913.70000000,0.75
1749266533,0.75900000,14769.70000000,0.75
1749266533,0.76000000,34382.70000000,0.75
1749266533,0.76100000,12338.80000000,0.75
1749266533,0.76200000,18062.10000000,0.75
1749266533,0.76300000,26884.70000000,0.75
1749266533,0.76400000,25737.40000000,0.75
1749266533,0.76500000,2871.30000000,0.75
1749266533,0.76600000,4374.60000000,0.75
1749266533,0.76700000,2501.20000000,0.75
1749266533,0.76800000,275.40000000,0.75
1749266533,0.76900000,2027.00000000,0.75
1749266533,0.77000000,103364.30000000,0.75
1749266533,0.77100000,5613.80000000,0.75
1749266533,0.77200000,1001.30000000,0.75
1749266533,0.77300000,253.20000000,0.75
1749266533,0.77400000,7410.80000000,0.75
1749266533,0.77500000,221.00000000,0.75
1749266533,0.77600000,305.00000000,0.75
1749266533,0.77700000,90.80000000,0.75
1749266533,0.77800000,28338.90000000,0.75
1749266533,0.77900000,2212.00000000,0.75
1749266533,0.78000000,20928.70000000,0.75
1749266533,0.78100000,1750.20000000,0.75
1749266533,0.78200000,3658.40000000,0.75
1749266533,0.78300000,10577.30000000,0.75
1749266533,0.78400000,121.80000000,0.75
1749266533,0.78500000,6948.10000000,0.75
1749266533,0.78600000,2085.60000000,0.75
1749266533,0.78700000,2175.40000000,0.75
1749266533,0.78800000,516.60000000,0.75
1749266533,0.78900000,5232.40000000,0.75
1749266533,0.79000000,7001.70000000,0.75
1749266533,0.79100000,466.30000000,0.75
1749266533,0.79200000,6504.20000000,0.75
1749266533,0.79300000,5144.30000000,0.75
1749266533,0.79400000,14806.30000000,0.75
1749266533,0.79500000,3925.10000000,0.75
1749266533,0.79600000,396.80000000,0.75
1749266533,0.79700000,2518.60000000,0.75
1749266533,0.79800000,5396.60000000,0.75
1749266533,0.79900000,1235.00000000,0.75
1749266533,0.80000000,31948.10000000,0.75
1749266533,0.80100000,1567.50000000,0.75
1749266533,0.80200000,5827.50000000,0.75
1749266533,0.80300000,1412.60000000,0.75
1749266533,0.80400000,1255.20000000,0.75
1749266533,0.80500000,5599.00000000,0.75
1749266533,0.80600000,477.70000000,0.75
1749266533,0.80700000,390.70000000,0.75
1749266533,0.80800000,1124.10000000,0.75
1749266533,0.80900000,14063.60000000,0.75
1749266533,0.81000000,127897.00000000,0.75
1749266533,0.81100000,8119.50000000,0.75
1749266533,0.81200000,11117.90000000,0.75
1749266533,0.81300000,140.00000000,0.75
1749266533,0.81400000,3921.70000000,0.75
1749266533,0.81500000,16996.40000000,0.75
1749266533,0.81600000,236.20000000,0.75
1749266533,0.81700000,1197.40000000,0.75
1749266533,0.81800000,529.60000000,0.75
1749266533,0.81900000,1139.60000000,0.75
1749266533,0.82000000,26184.40000000,0.75
1749266533,0.82100000,177.40000000,0.75
1749266533,0.82200000,11174.00000000,0.75
1749266533,0.82300000,907.30000000,0.75
1749266533,0.82400000,11665.30000000,0.75
1749266533,0.82500000,45353.20000000,0.75
1749266533,0.82600000,2424.20000000,0.75
1749266533,0.82700000,2751.30000000,0.75
1749266533,0.82800000,155.40000000,0.75
1749266533,0.82900000,1944.30000000,0.75
1749266533,0.83000000,8054.90000000,0.75
1749266533,0.83100000,1381.40000000,0.75
1749266533,0.83200000,63507.80000000,0.75
1749266533,0.83300000,429.30000000,0.75
1749266533,0.83400000,2207.30000000,0.75
1749266533,0.83500000,5251.10000000,0.75
1749266533,0.83600000,1027.70000000,0.75
1749266533,0.83700000,2590.80000000,0.75
1749266533,0.83800000,1484.40000000,0.75
1749266533,0.83900000,1577.90000000,0.75
1749266533,0.84000000,32441.20000000,0.75
1749266533,0.84100000,786.20000000,0.75
1749266533,0.84200000,2443.90000000,0.75
1749266533,0.84300000,45.50000000,0.75
1749266533,0.84400000,1510.20000000,0.75
1749266533,0.84500000,108193.70000000,0.75
1749266533,0.84600000,1670.40000000,0.75
1749266533,0.84700000,3382.20000000,0.75
1749266533,0.84800000,1177.90000000,0.75
1749266533,0.84900000,1571.00000000,0.75
1749266533,0.85000000,29033.30000000,0.75
1749266834,0.75400000,21134.60000000,0.753
1749266834,0.75500000,228405.40000000,0.753
1749266834,0.75600000,171169.50000000,0.753
1749266834,0.75700000,40020.70000000,0.753
1749266834,0.75800000,37248.70000000,0.753
1749266834,0.75900000,16747.90000000,0.753
1749266834,0.76000000,42281.60000000,0.753
1749266834,0.76100000,44905.10000000,0.753
1749266834,0.76200000,30193.00000000,0.753
1749266834,0.76300000,7087.60000000,0.753
1749266834,0.76400000,1461.00000000,0.753
1749266834,0.76500000,3549.90000000,0.753
1749266834,0.76600000,3607.70000000,0.753
1749266834,0.76700000,51688.60000000,0.753
1749266834,0.76800000,275.40000000,0.753
1749266834,0.76900000,4237.90000000,0.753
1749266834,0.77000000,103399.20000000,0.753
1749266834,0.77100000,3121.10000000,0.753
1749266834,0.77200000,1733.30000000,0.753
1749266834,0.77300000,1068.60000000,0.753
1749266834,0.77400000,7420.80000000,0.753
1749266834,0.77500000,1900.80000000,0.753
1749266834,0.77600000,305.00000000,0.753
1749266834,0.77700000,100.00000000,0.753
1749266834,0.77800000,28338.90000000,0.753
1749266834,0.77900000,528.60000000,0.753
1749266834,0.78000000,20928.70000000,0.753
1749266834,0.78100000,1750.20000000,0.753
1749266834,0.78200000,3658.40000000,0.753
1749266834,0.78300000,12271.90000000,0.753
1749266834,0.78400000,121.80000000,0.753
1749266834,0.78500000,6948.10000000,0.753
1749266834,0.78600000,465.50000000,0.753
1749266834,0.78700000,2150.00000000,0.753
1749266834,0.78800000,845.10000000,0.753
1749266834,0.78900000,5245.10000000,0.753
1749266834,0.79000000,8306.00000000,0.753
1749266834,0.79100000,466.30000000,0.753
1749266834,0.79200000,6504.20000000,0.753
1749266834,0.79300000,5144.30000000,0.753
1749266834,0.79400000,14806.30000000,0.753
1749266834,0.79500000,3925.10000000,0.753
1749266834,0.79600000,396.80000000,0.753
1749266834,0.79700000,2518.60000000,0.753
1749266834,0.79800000,5396.60000000,0.753
1749266834,0.79900000,1235.00000000,0.753
1749266834,0.80000000,32638.50000000,0.753
1749266834,0.80100000,1567.50000000,0.753
1749266834,0.80200000,5827.50000000,0.753
1749266834,0.80300000,1412.60000000,0.753
1749266834,0.80400000,1255.20000000,0.753
1749266834,0.80500000,5599.00000000,0.753
1749266834,0.80600000,477.70000000,0.753
1749266834,0.80700000,390.70000000,0.753
1749266834,0.80800000,1124.10000000,0.753
1749266834,0.80900000,14063.60000000,0.753
1749266834,0.81000000,127897.00000000,0.753
1749266834,0.81100000,8119.50000000,0.753
1749266834,0.81200000,11117.90000000,0.753
1749266834,0.81300000,140.00000000,0.753
1749266834,0.81400000,3921.70000000,0.753
1749266834,0.81500000,16996.40000000,0.753
1749266834,0.81600000,236.20000000,0.753
1749266834,0.81700000,1197.40000000,0.753
1749266834,0.81800000,529.60000000,0.753
1749266834,0.81900000,1139.60000000,0.753
1749266834,0.82000000,26184.40000000,0.753
1749266834,0.82100000,177.40000000,0.753
1749266834,0.82200000,11174.00000000,0.753
1749266834,0.82300000,907.30000000,0.753
1749266834,0.82400000,11665.30000000,0.753
1749266834,0.82500000,45353.20000000,0.753
1749266834,0.82600000,2437.60000000,0.753
1749266834,0.82700000,3031.00000000,0.753
1749266834,0.82800000,168.70000000,0.753
1749266834,0.82900000,1944.30000000,0.753
1749266834,0.83000000,8054.90000000,0.753
1749266834,0.83100000,1381.40000000,0.753
1749266834,0.83200000,63507.80000000,0.753
1749266834,0.83300000,429.30000000,0.753
1749266834,0.83400000,2207.30000000,0.753
1749266834,0.83500000,5251.10000000,0.753
1749266834,0.83600000,1027.70000000,0.753
1749266834,0.83700000,2590.80000000,0.753
1749266834,0.83800000,1484.40000000,0.753
1749266834,0.83900000,1577.90000000,0.753
1749266834,0.84000000,32441.20000000,0.753
1749266834,0.84100000,786.20000000,0.753
1749266834,0.84200000,2443.90000000,0.753
1749266834,0.84300000,45.50000000,0.753
1749266834,0.84400000,1510.20000000,0.753
1749266834,0.84500000,108193.70000000,0.753
1749266834,0.84600000,1670.40000000,0.753
1749266834,0.84700000,3382.20000000,0.753
1749266834,0.84800000,1177.90000000,0.753
1749266834,0.84900000,1571.00000000,0.753
1749266834,0.85000000,28895.00000000,0.753
1749266834,0.85100000,4781.40000000,0.753
1749266834,0.85200000,3058.70000000,0.753
1749266834,0.85300000,381.80000000,0.753
1749267136,0.74900000,25680.90000000,0.748
1749267136,0.75000000,184206.00000000,0.748
1749267136,0.75100000,200832.20000000,0.748
1749267136,0.75200000,64704.80000000,0.748
1749267136,0.75300000,34715.50000000,0.748
1749267136,0.75400000,16739.70000000,0.748
1749267136,0.75500000,37549.70000000,0.748
1749267136,0.75600000,29712.90000000,0.748
1749267136,0.75700000,27068.40000000,0.748
1749267136,0.75800000,14853.70000000,0.748
1749267136,0.75900000,19162.40000000,0.748
1749267136,0.76000000,30133.60000000,0.748
1749267136,0.76100000,9164.50000000,0.748
1749267136,0.76200000,47718.30000000,0.748
1749267136,0.76300000,27366.80000000,0.748
1749267136,0.76400000,1231.50000000,0.748
1749267136,0.76500000,3549.90000000,0.748
1749267136,0.76600000,3607.70000000,0.748
1749267136,0.76700000,2501.20000000,0.748
1749267136,0.76800000,1007.40000000,0.748
1749267136,0.76900000,2718.70000000,0.748
1749267136,0.77000000,102632.30000000,0.748
1749267136,0.77100000,4798.40000000,0.748
1749267136,0.77200000,1001.30000000,0.748
1749267136,0.77300000,253.20000000,0.748
1749267136,0.77400000,7420.80000000,0.748
1749267136,0.77500000,223.50000000,0.748
1749267136,0.77600000,1335.00000000,0.748
1749267136,0.77700000,100.00000000,0.748
1749267136,0.77800000,28338.90000000,0.748
1749267136,0.77900000,2212.00000000,0.748
1749267136,0.78000000,19898.70000000,0.748
1749267136,0.78100000,1750.20000000,0.748
1749267136,0.78200000,3658.40000000,0.748
1749267136,0.78300000,10588.50000000,0.748
1749267136,0.78400000,121.80000000,0.748
1749267136,0.78500000,6948.10000000,0.748
1749267136,0.78600000,2085.60000000,0.748
1749267136,0.78700000,2150.00000000,0.748
1749267136,0.78800000,516.60000000,0.748
1749267136,0.78900000,5257.80000000,0.748
1749267136,0.79000000,7014.40000000,0.748
1749267136,0.79100000,453.60000000,0.748
1749267136,0.79200000,6504.20000000,0.748
1749267136,0.79300000,5144.30000000,0.748
1749267136,0.79400000,14806.30000000,0.748
1749267136,0.79500000,3925.10000000,0.748
1749267136,0.79600000,396.80000000,0.748
1749267136,0.79700000,2518.60000000,0.748
1749267136,0.79800000,5396.60000000,0.748
1749267136,0.79900000,1235.00000000,0.748
1749267136,0.80000000,32638.50000000,0.748
1749267136,0.80100000,1567.50000000,0.748
1749267136,0.80200000,5827.50000000,0.748
1749267136,0.80300000,1412.60000000,0.748
1749267136,0.80400000,1255.20000000,0.748
1749267136,0.80500000,5599.00000000,0.748
1749267136,0.80600000,477.70000000,0.748
1749267136,0.80700000,390.70000000,0.748
1749267136,0.80800000,1124.10000000,0.748
1749267136,0.80900000,14063.60000000,0.748
1749267136,0.81000000,127897.00000000,0.748
1749267136,0.81100000,8119.50000000,0.748
1749267136,0.81200000,11117.90000000,0.748
1749267136,0.81300000,140.00000000,0.748
1749267136,0.81400000,3921.70000000,0.748
1749267136,0.81500000,16996.40000000,0.748
1749267136,0.81600000,236.20000000,0.748
1749267136,0.81700000,1197.40000000,0.748
1749267136,0.81800000,529.60000000,0.748
1749267136,0.81900000,1139.60000000,0.748
1749267136,0.82000000,26184.40000000,0.748
1749267136,0.82100000,177.40000000,0.748
1749267136,0.82200000,11174.00000000,0.748
1749267136,0.82300000,907.30000000,0.748
1749267136,0.82400000,11651.90000000,0.748
1749267136,0.82500000,45339.80000000,0.748
1749267136,0.82600000,2424.20000000,0.748
1749267136,0.82700000,3017.60000000,0.748
1749267136,0.82800000,155.40000000,0.748
1749267136,0.82900000,1944.30000000,0.748
1749267136,0.83000000,8054.90000000,0.748
1749267136,0.83100000,1381.40000000,0.748
1749267136,0.83200000,63507.80000000,0.748
1749267136,0.83300000,429.30000000,0.748
1749267136,0.83400000,2207.30000000,0.748
1749267136,0.83500000,5251.10000000,0.748
1749267136,0.83600000,1027.70000000,0.748
1749267136,0.83700000,2590.80000000,0.748
1749267136,0.83800000,1484.40000000,0.748
1749267136,0.83900000,1577.90000000,0.748
1749267136,0.84000000,32441.20000000,0.748
1749267136,0.84100000,786.20000000,0.748
1749267136,0.84200000,2443.90000000,0.748
1749267136,0.84300000,45.50000000,0.748
1749267136,0.84400000,1510.20000000,0.748
1749267136,0.84500000,108193.70000000,0.748
1749267136,0.84600000,1670.40000000,0.748
1749267136,0.84700000,3382.20000000,0.748
1749267136,0.84800000,1177.90000000,0.748
1749267437,0.75400000,40314.90000000,0.753
1749267437,0.75500000,183290.00000000,0.753
1749267437,0.75600000,179582.60000000,0.753
1749267437,0.75700000,48676.90000000,0.753
1749267437,0.75800000,20225.90000000,0.753
1749267437,0.75900000,19338.10000000,0.753
1749267437,0.76000000,67381.50000000,0.753
1749267437,0.76100000,26968.90000000,0.753
1749267437,0.76200000,23914.60000000,0.753
1749267437,0.76300000,2123.10000000,0.753
1749267437,0.76400000,5734.60000000,0.753
1749267437,0.76500000,2713.70000000,0.753
1749267437,0.76600000,3607.70000000,0.753
1749267437,0.76700000,51688.60000000,0.753
1749267437,0.76800000,1042.30000000,0.753
1749267437,0.76900000,4237.90000000,0.753
1749267437,0.77000000,101895.30000000,0.753
1749267437,0.77100000,3121.10000000,0.753
1749267437,0.77200000,1733.30000000,0.753
1749267437,0.77300000,2422.80000000,0.753
1749267437,0.77400000,7420.80000000,0.753
1749267437,0.77500000,546.60000000,0.753
1749267437,0.77600000,305.00000000,0.753
1749267437,0.77700000,100.00000000,0.753
1749267437,0.77800000,28338.90000000,0.753
1749267437,0.77900000,528.60000000,0.753
1749267437,0.78000000,22771.90000000,0.753
1749267437,0.78100000,3452.40000000,0.753
1749267437,0.78200000,3658.40000000,0.753
1749267437,0.78300000,10588.50000000,0.753
1749267437,0.78400000,121.80000000,0.753
1749267437,0.78500000,6948.10000000,0.753
1749267437,0.78600000,446.70000000,0.753
1749267437,0.78700000,2162.70000000,0.753
1749267437,0.78800000,2136.70000000,0.753
1749267437,0.78900000,5270.50000000,0.753
1749267437,0.79000000,6989.00000000,0.753
1749267437,0.79100000,440.90000000,0.753
1749267437,0.79200000,6516.90000000,0.753
1749267437,0.79300000,5144.30000000,0.753
1749267437,0.79400000,14806.30000000,0.753
1749267437,0.79500000,3925.10000000,0.753
1749267437,0.79600000,396.80000000,0.753
1749267437,0.79700000,2518.60000000,0.753
1749267437,0.79800000,5396.60000000,0.753
1749267437,0.79900000,1235.00000000,0.753
1749267437,0.80000000,32638.50000000,0.753
1749267437,0.80100000,1567.50000000,0.753
1749267437,0.80200000,5827.50000000,0.753
1749267437,0.80300000,1412.60000000,0.753
1749267437,0.80400000,1255.20000000,0.753
1749267437,0.80500000,5599.00000000,0.753
1749267437,0.80600000,477.70000000,0.753
1749267437,0.80700000,390.70000000,0.753
1749267437,0.80800000,1124.10000000,0.753
1749267437,0.80900000,14063.60000000,0.753
1749267437,0.81000000,127897.00000000,0.753
1749267437,0.81100000,8119.50000000,0.753
1749267437,0.81200000,11117.90000000,0.753
1749267437,0.81300000,140.00000000,0.753
1749267437,0.81400000,3921.70000000,0.753
1749267437,0.81500000,16996.40000000,0.753
1749267437,0.81600000,236.20000000,0.753
1749267437,0.81700000,1197.40000000,0.753
1749267437,0.81800000,529.60000000,0.753
1749267437,0.81900000,1139.60000000,0.753
1749267437,0.82000000,26184.40000000,0.753
1749267437,0.82100000,177.40000000,0.753
1749267437,0.82200000,11174.00000000,0.753
1749267437,0.82300000,907.30000000,0.753
1749267437,0.82400000,11665.30000000,0.753
1749267437,0.82500000,45353.20000000,0.753
1749267437,0.82600000,2437.60000000,0.753
1749267437,0.82700000,3031.00000000,0.753
1749267437,0.82800000,168.70000000,0.753
1749267437,0.82900000,1944.30000000,0.753
1749267437,0.83000000,8054.90000000,0.753
1749267437,0.83100000,1381.40000000,0.753
1749267437,0.83200000,63507.80000000,0.753
1749267437,0.83300000,429.30000000,0.753
1749267437,0.83400000,2207.30000000,0.753
1749267437,0.83500000,5251.10000000,0.753
1749267437,0.83600000,1027.70000000,0.753
1749267437,0.83700000,2590.80000000,0.753
1749267437,0.83800000,1484.40000000,0.753
1749267437,0.83900000,1577.90000000,0.753
1749267437,0.84000000,32441.20000000,0.753
1749267437,0.84100000,786.20000000,0.753
1749267437,0.84200000,2443.90000000,0.753
1749267437,0.84300000,45.50000000,0.753
1749267437,0.84400000,1510.20000000,0.753
1749267437,0.84500000,108193.70000000,0.753
1749267437,0.84600000,1670.40000000,0.753
1749267437,0.84700000,3382.20000000,0.753
1749267437,0.84800000,1177.90000000,0.753
1749267437,0.84900000,1571.00000000,0.753
1749267437,0.85000000,28895.00000000,0.753
1749267437,0.85100000,4781.40000000,0.753
1749267437,0.85200000,3058.70000000,0.753
1749267437,0.85300000,381.80000000,0.753
1749267739,0.75500000,42773.90000000,0.754
1749267739,0.75600000,233052.80000000,0.754
1749267739,0.75700000,137150.80000000,0.754
1749267739,0.75800000,44509.90000000,0.754
1749267739,0.75900000,32010.60000000,0.754
1749267739,0.76000000,37904.40000000,0.754
1749267739,0.76100000,39628.30000000,0.754
1749267739,0.76200000,42341.60000000,0.754
1749267739,0.76300000,2179.60000000,0.754
1749267739,0.76400000,6302.50000000,0.754
1749267739,0.76500000,7713.70000000,0.754
1749267739,0.76600000,3877.70000000,0.754
1749267739,0.76700000,25348.80000000,0.754
1749267739,0.76800000,26306.90000000,0.754
1749267739,0.76900000,4420.60000000,0.754
1749267739,0.77000000,103662.20000000,0.754
1749267739,0.77100000,3121.10000000,0.754
1749267739,0.77200000,1001.30000000,0.754
1749267739,0.77300000,343.70000000,0.754
1749267739,0.77400000,8152.80000000,0.754
1749267739,0.77500000,2716.20000000,0.754
