timestamp,price,volume,current_price
1749254504,2.40800000,2055.32000000,2.408
1749254504,2.40900000,4656.60000000,2.408
1749254504,2.41000000,6941.28000000,2.408
1749254504,2.41100000,6808.52000000,2.408
1749254504,2.41200000,9809.62000000,2.408
1749254504,2.41300000,7566.76000000,2.408
1749254504,2.41400000,9319.82000000,2.408
1749254504,2.41500000,2519.60000000,2.408
1749254504,2.41600000,1456.49000000,2.408
1749254504,2.41700000,2255.18000000,2.408
1749254504,2.41800000,7998.76000000,2.408
1749254504,2.41900000,2005.08000000,2.408
1749254504,2.42000000,11620.16000000,2.408
1749254504,2.42100000,11808.94000000,2.408
1749254504,2.42200000,15613.00000000,2.408
1749254504,2.42300000,1252.78000000,2.408
1749254504,2.42400000,4916.14000000,2.408
1749254504,2.42500000,18908.09000000,2.408
1749254504,2.42600000,2431.39000000,2.408
1749254504,2.42700000,1106.58000000,2.408
1749254504,2.42800000,1102.77000000,2.408
1749254504,2.42900000,1084.48000000,2.408
1749254504,2.43000000,1343.76000000,2.408
1749254504,2.43100000,1086.63000000,2.408
1749254504,2.43200000,1437.84000000,2.408
1749254504,2.43300000,1088.78000000,2.408
1749254504,2.43400000,1111.08000000,2.408
1749254504,2.43500000,5198.34000000,2.408
1749254504,2.43600000,5243.70000000,2.408
1749254504,2.43700000,8126.93000000,2.408
1749254504,2.43800000,1115.86000000,2.408
1749254504,2.43900000,463.40000000,2.408
1749254504,2.44000000,544.02000000,2.408
1749254504,2.44100000,448.22000000,2.408
1749254504,2.44200000,454.05000000,2.408
1749254504,2.44300000,674.26000000,2.408
1749254504,2.44400000,11.89000000,2.408
1749254504,2.44500000,12.13000000,2.408
1749254504,2.44600000,86.25000000,2.408
1749254504,2.44700000,454.59000000,2.408
1749254504,2.44800000,6.37000000,2.408
1749254504,2.44900000,42.90000000,2.408
1749254504,2.45000000,108.64000000,2.408
1749254504,2.45100000,176.69000000,2.408
1749254504,2.45200000,28.15000000,2.408
1749254504,2.45300000,24.56000000,2.408
1749254504,2.45400000,193.06000000,2.408
1749254504,2.45500000,6.25000000,2.408
1749254504,2.45600000,12.94000000,2.408
1749254504,2.45700000,12.46000000,2.408
1749254504,2.45800000,4.12000000,2.408
1749254504,2.45900000,19.67000000,2.408
1749254504,2.46000000,53.03000000,2.408
1749254504,2.46100000,11.45000000,2.408
1749254504,2.46200000,205.60000000,2.408
1749254504,2.46300000,150.23000000,2.408
1749254504,2.46400000,20.00000000,2.408
1749254504,2.46500000,21.19000000,2.408
1749254504,2.46600000,19.76000000,2.408
1749254504,2.46700000,290.88000000,2.408
1749254504,2.46800000,103.84000000,2.408
1749254504,2.46900000,10.67000000,2.408
1749254504,2.47000000,28.88000000,2.408
1749254504,2.47100000,19.28000000,2.408
1749254504,2.47200000,6.52000000,2.408
1749254504,2.47300000,95.62000000,2.408
1749254504,2.47400000,25.68000000,2.408
1749254504,2.47500000,842.46000000,2.408
1749254504,2.47600000,20.02000000,2.408
1749254504,2.47700000,186.06000000,2.408
1749254504,2.47800000,8.74000000,2.408
1749254504,2.47900000,83.83000000,2.408
1749254504,2.48000000,132.89000000,2.408
1749254504,2.48100000,36.98000000,2.408
1749254504,2.48200000,277.13000000,2.408
1749254504,2.48300000,90.53000000,2.408
1749254504,2.48400000,4.45000000,2.408
1749254504,2.48500000,15.70000000,2.408
1749254504,2.48600000,8.59000000,2.408
1749254504,2.48700000,2.42000000,2.408
1749254504,2.48800000,404.77000000,2.408
1749254504,2.48900000,102.56000000,2.408
1749254504,2.49000000,1015.12000000,2.408
1749254504,2.49200000,22.47000000,2.408
1749254504,2.49300000,86.02000000,2.408
1749254504,2.49400000,3.04000000,2.408
1749254504,2.49500000,122.17000000,2.408
1749254504,2.49600000,33.81000000,2.408
1749254504,2.49700000,11.19000000,2.408
1749254504,2.49800000,8.84000000,2.408
1749254504,2.49900000,4179.73000000,2.408
1749254504,2.50000000,1744.42000000,2.408
1749254504,2.50100000,177.06000000,2.408
1749254504,2.50200000,9.99000000,2.408
1749254504,2.50300000,104.52000000,2.408
1749254504,2.50400000,16.52000000,2.408
1749254504,2.50500000,955.99000000,2.408
1749254504,2.50600000,18.51000000,2.408
1749254504,2.50700000,27.95000000,2.408
1749254504,2.50900000,88.32000000,2.408
1749254811,2.40400000,3483.05000000,2.404
1749254811,2.40500000,6257.92000000,2.404
1749254811,2.40600000,6126.07000000,2.404
1749254811,2.40700000,7368.54000000,2.404
1749254811,2.40800000,7493.84000000,2.404
1749254811,2.40900000,9785.88000000,2.404
1749254811,2.41000000,8089.39000000,2.404
1749254811,2.41100000,4172.96000000,2.404
1749254811,2.41200000,1452.82000000,2.404
1749254811,2.41300000,5642.84000000,2.404
1749254811,2.41400000,4626.00000000,2.404
1749254811,2.41500000,4706.36000000,2.404
1749254811,2.41600000,1151.25000000,2.404
1749254811,2.41700000,11603.34000000,2.404
1749254811,2.41800000,15388.16000000,2.404
1749254811,2.41900000,3703.18000000,2.404
1749254811,2.42000000,11572.47000000,2.404
1749254811,2.42100000,2470.37000000,2.404
1749254811,2.42200000,3070.79000000,2.404
1749254811,2.42300000,1202.27000000,2.404
1749254811,2.42400000,3121.60000000,2.404
1749254811,2.42500000,20934.21000000,2.404
1749254811,2.42600000,1096.24000000,2.404
1749254811,2.42700000,1103.47000000,2.404
1749254811,2.42800000,8459.30000000,2.404
1749254811,2.42900000,1084.48000000,2.404
1749254811,2.43000000,1572.18000000,2.404
1749254811,2.43100000,1086.63000000,2.404
1749254811,2.43200000,1107.84000000,2.404
1749254811,2.43300000,1088.78000000,2.404
1749254811,2.43400000,1127.62000000,2.404
1749254811,2.43500000,1139.90000000,2.404
1749254811,2.43600000,1128.26000000,2.404
1749254811,2.43700000,450.64000000,2.404
1749254811,2.43800000,474.59000000,2.404
1749254811,2.43900000,463.40000000,2.404
1749254811,2.44000000,544.02000000,2.404
1749254811,2.44100000,448.22000000,2.404
1749254811,2.44200000,454.05000000,2.404
1749254811,2.44300000,9.74000000,2.404
1749254811,2.44400000,31.26000000,2.404
1749254811,2.44500000,9.03000000,2.404
1749254811,2.44600000,86.25000000,2.404
1749254811,2.44700000,13.59000000,2.404
1749254811,2.44800000,6.37000000,2.404
1749254811,2.44900000,42.90000000,2.404
1749254811,2.45000000,108.64000000,2.404
1749254811,2.45100000,176.69000000,2.404
1749254811,2.45200000,6.53000000,2.404
1749254811,2.45300000,24.56000000,2.404
1749254811,2.45400000,193.06000000,2.404
1749254811,2.45500000,6.25000000,2.404
1749254811,2.45600000,12.94000000,2.404
1749254811,2.45700000,12.46000000,2.404
1749254811,2.45800000,4.12000000,2.404
1749254811,2.45900000,19.67000000,2.404
1749254811,2.46000000,69.32000000,2.404
1749254811,2.46100000,11.45000000,2.404
1749254811,2.46200000,205.60000000,2.404
1749254811,2.46300000,150.23000000,2.404
1749254811,2.46400000,20.00000000,2.404
1749254811,2.46500000,21.19000000,2.404
1749254811,2.46600000,19.76000000,2.404
1749254811,2.46700000,274.59000000,2.404
1749254811,2.46800000,103.84000000,2.404
1749254811,2.46900000,10.67000000,2.404
1749254811,2.47000000,28.88000000,2.404
1749254811,2.47100000,19.28000000,2.404
1749254811,2.47200000,6.52000000,2.404
1749254811,2.47300000,95.62000000,2.404
1749254811,2.47400000,25.68000000,2.404
1749254811,2.47500000,904.04000000,2.404
1749254811,2.47600000,20.02000000,2.404
1749254811,2.47700000,186.06000000,2.404
1749254811,2.47800000,8.74000000,2.404
1749254811,2.47900000,83.83000000,2.404
1749254811,2.48000000,128.77000000,2.404
1749254811,2.48100000,422.56000000,2.404
1749254811,2.48200000,308.03000000,2.404
1749254811,2.48300000,86.37000000,2.404
1749254811,2.48400000,4.45000000,2.404
1749254811,2.48500000,15.70000000,2.404
1749254811,2.48600000,8.59000000,2.404
1749254811,2.48700000,2.42000000,2.404
1749254811,2.48800000,15.03000000,2.404
1749254811,2.48900000,5.92000000,2.404
1749254811,2.49000000,1015.12000000,2.404
1749254811,2.49200000,22.47000000,2.404
1749254811,2.49300000,86.02000000,2.404
1749254811,2.49400000,3.04000000,2.404
1749254811,2.49500000,122.17000000,2.404
1749254811,2.49600000,33.81000000,2.404
1749254811,2.49700000,11.19000000,2.404
1749254811,2.49800000,8.84000000,2.404
1749254811,2.49900000,4179.73000000,2.404
1749254811,2.50000000,1744.42000000,2.404
1749254811,2.50100000,177.06000000,2.404
1749254811,2.50200000,9.99000000,2.404
1749254811,2.50300000,104.52000000,2.404
1749254811,2.50400000,16.52000000,2.404
