timestamp,price,volume,current_price
1749258273,2.43800000,3037.53000000,2.438
1749258273,2.43900000,6334.64000000,2.438
1749258273,2.44000000,5069.13000000,2.438
1749258273,2.44100000,8306.06000000,2.438
1749258273,2.44200000,8718.06000000,2.438
1749258273,2.44300000,7982.60000000,2.438
1749258273,2.44400000,6957.93000000,2.438
1749258273,2.44500000,3951.83000000,2.438
1749258273,2.44600000,14412.40000000,2.438
1749258273,2.44700000,4863.90000000,2.438
1749258273,2.44800000,4291.40000000,2.438
1749258273,2.44900000,1383.31000000,2.438
1749258273,2.45000000,610.13000000,2.438
1749258273,2.45100000,15883.50000000,2.438
1749258273,2.45200000,607.89000000,2.438
1749258273,2.45300000,1104.92000000,2.438
1749258273,2.45400000,22901.70000000,2.438
1749258273,2.45500000,73.59000000,2.438
1749258273,2.45600000,1149.21000000,2.438
1749258273,2.45700000,456.54000000,2.438
1749258273,2.45800000,511.68000000,2.438
1749258273,2.45900000,1100.02000000,2.438
1749258273,2.46000000,509.61000000,2.438
1749258273,2.46100000,4510.89000000,2.438
1749258273,2.46200000,7735.23000000,2.438
1749258273,2.46300000,89.35000000,2.438
1749258273,2.46400000,447.36000000,2.438
1749258273,2.46500000,21.19000000,2.438
1749258273,2.46600000,1762.26000000,2.438
1749258273,2.46700000,715.59000000,2.438
1749258273,2.46800000,106.07000000,2.438
1749258273,2.46900000,675.19000000,2.438
1749258273,2.47000000,28.88000000,2.438
1749258273,2.47100000,24.28000000,2.438
1749258273,2.47200000,8.75000000,2.438
1749258273,2.47300000,536.62000000,2.438
1749258273,2.47400000,45.05000000,2.438
1749258273,2.47500000,1258.51000000,2.438
1749258273,2.47600000,22.30000000,2.438
1749258273,2.47700000,627.11000000,2.438
1749258273,2.47800000,8.79000000,2.438
1749258273,2.47900000,83.88000000,2.438
1749258273,2.48000000,590.22000000,2.438
1749258273,2.48100000,36.98000000,2.438
1749258273,2.48200000,656.55000000,2.438
1749258273,2.48300000,90.53000000,2.438
1749258273,2.48400000,449.61000000,2.438
1749258273,2.48500000,19.86000000,2.438
1749258273,2.48600000,28.62000000,2.438
1749258273,2.48700000,6.57000000,2.438
1749258273,2.48800000,19.18000000,2.438
1749258273,2.48900000,451.07000000,2.438
1749258273,2.49000000,1019.27000000,2.438
1749258273,2.49100000,4.15000000,2.438
1749258273,2.49200000,26.61000000,2.438
1749258273,2.49300000,90.16000000,2.438
1749258273,2.49400000,67.31000000,2.438
1749258273,2.49500000,126.31000000,2.438
1749258273,2.49600000,37.95000000,2.438
1749258273,2.49700000,15.33000000,2.438
1749258273,2.49800000,12.97000000,2.438
1749258273,2.49900000,4183.86000000,2.438
1749258273,2.50000000,1748.55000000,2.438
1749258273,2.50100000,181.19000000,2.438
1749258273,2.50200000,14.12000000,2.438
1749258273,2.50300000,108.65000000,2.438
1749258273,2.50400000,20.64000000,2.438
1749258273,2.50500000,960.11000000,2.438
1749258273,2.50600000,22.63000000,2.438
1749258273,2.50700000,32.07000000,2.438
1749258273,2.50800000,4.12000000,2.438
1749258273,2.50900000,402.47000000,2.438
1749258273,2.51000000,622.06000000,2.438
1749258273,2.51100000,4.11000000,2.438
1749258273,2.51200000,140.75000000,2.438
1749258273,2.51300000,94.83000000,2.438
1749258273,2.51400000,309.34000000,2.438
1749258273,2.51500000,2.42000000,2.438
1749258273,2.51600000,9.41000000,2.438
1749258273,2.51700000,105.13000000,2.438
1749258273,2.51800000,13.83000000,2.438
1749258273,2.51900000,17.09000000,2.438
1749258273,2.52000000,128.75000000,2.438
1749258273,2.52100000,3.07000000,2.438
1749258273,2.52200000,3.97000000,2.438
1749258273,2.52300000,103.24000000,2.438
1749258273,2.52400000,75.95000000,2.438
1749258273,2.52500000,391.28000000,2.438
1749258273,2.52600000,14.48000000,2.438
1749258273,2.52700000,31.12000000,2.438
1749258273,2.52800000,36.98000000,2.438
1749258273,2.52900000,93.99000000,2.438
1749258273,2.53000000,102.42000000,2.438
1749258273,2.53100000,31.15000000,2.438
1749258273,2.53200000,10.81000000,2.438
1749258273,2.53300000,157.64000000,2.438
1749258273,2.53400000,9.17000000,2.438
1749258273,2.53500000,440.26000000,2.438
1749258273,2.53600000,49.68000000,2.438
1749258273,2.53700000,8.75000000,2.438
1749258582,2.43900000,1491.62000000,2.439
1749258582,2.44000000,5327.04000000,2.439
1749258582,2.44100000,6721.17000000,2.439
1749258582,2.44200000,9155.69000000,2.439
1749258582,2.44300000,6014.82000000,2.439
1749258582,2.44400000,8666.33000000,2.439
1749258582,2.44500000,12274.98000000,2.439
1749258582,2.44600000,5396.88000000,2.439
1749258582,2.44700000,4298.52000000,2.439
1749258582,2.44800000,11877.37000000,2.439
1749258582,2.44900000,16099.01000000,2.439
1749258582,2.45000000,599.80000000,2.439
1749258582,2.45100000,1468.79000000,2.439
1749258582,2.45200000,597.60000000,2.439
1749258582,2.45300000,21507.34000000,2.439
1749258582,2.45400000,694.15000000,2.439
1749258582,2.45500000,2289.01000000,2.439
1749258582,2.45600000,1139.34000000,2.439
1749258582,2.45700000,456.54000000,2.439
1749258582,2.45800000,501.42000000,2.439
1749258582,2.45900000,1100.02000000,2.439
1749258582,2.46000000,8399.88000000,2.439
1749258582,2.46100000,4513.97000000,2.439
1749258582,2.46200000,1440.34000000,2.439
1749258582,2.46300000,89.35000000,2.439
1749258582,2.46400000,447.36000000,2.439
1749258582,2.46500000,462.19000000,2.439
1749258582,2.46600000,460.76000000,2.439
1749258582,2.46700000,715.59000000,2.439
1749258582,2.46800000,106.07000000,2.439
1749258582,2.46900000,675.19000000,2.439
1749258582,2.47000000,28.88000000,2.439
1749258582,2.47100000,24.28000000,2.439
1749258582,2.47200000,8.75000000,2.439
1749258582,2.47300000,536.62000000,2.439
1749258582,2.47400000,45.05000000,2.439
1749258582,2.47500000,1258.51000000,2.439
1749258582,2.47600000,22.30000000,2.439
1749258582,2.47700000,627.11000000,2.439
1749258582,2.47800000,8.79000000,2.439
1749258582,2.47900000,83.88000000,2.439
1749258582,2.48000000,576.15000000,2.439
1749258582,2.48100000,36.98000000,2.439
1749258582,2.48200000,656.55000000,2.439
1749258582,2.48300000,90.53000000,2.439
1749258582,2.48400000,449.61000000,2.439
1749258582,2.48500000,19.86000000,2.439
1749258582,2.48600000,28.62000000,2.439
1749258582,2.48700000,22.86000000,2.439
1749258582,2.48800000,19.18000000,2.439
1749258582,2.48900000,451.07000000,2.439
1749258582,2.49000000,1460.27000000,2.439
1749258582,2.49100000,4.15000000,2.439
1749258582,2.49200000,26.61000000,2.439
1749258582,2.49300000,90.16000000,2.439
1749258582,2.49400000,67.31000000,2.439
1749258582,2.49500000,126.31000000,2.439
1749258582,2.49600000,37.95000000,2.439
1749258582,2.49700000,15.33000000,2.439
1749258582,2.49800000,12.97000000,2.439
1749258582,2.49900000,4183.86000000,2.439
1749258582,2.50000000,1748.55000000,2.439
1749258582,2.50100000,181.19000000,2.439
1749258582,2.50200000,14.12000000,2.439
1749258582,2.50300000,108.65000000,2.439
1749258582,2.50400000,20.64000000,2.439
1749258582,2.50500000,960.11000000,2.439
1749258582,2.50600000,22.63000000,2.439
1749258582,2.50700000,32.07000000,2.439
1749258582,2.50800000,4.12000000,2.439
1749258582,2.50900000,402.47000000,2.439
1749258582,2.51000000,622.06000000,2.439
1749258582,2.51100000,4.11000000,2.439
1749258582,2.51200000,140.75000000,2.439
1749258582,2.51300000,94.83000000,2.439
1749258582,2.51400000,313.45000000,2.439
1749258582,2.51500000,2.42000000,2.439
1749258582,2.51600000,9.41000000,2.439
1749258582,2.51700000,105.13000000,2.439
1749258582,2.51800000,13.83000000,2.439
1749258582,2.51900000,17.09000000,2.439
1749258582,2.52000000,128.75000000,2.439
1749258582,2.52100000,3.07000000,2.439
1749258582,2.52200000,3.97000000,2.439
1749258582,2.52300000,103.24000000,2.439
1749258582,2.52400000,75.95000000,2.439
1749258582,2.52500000,391.28000000,2.439
1749258582,2.52600000,14.48000000,2.439
1749258582,2.52700000,31.12000000,2.439
1749258582,2.52800000,36.98000000,2.439
1749258582,2.52900000,93.99000000,2.439
1749258582,2.53000000,102.42000000,2.439
1749258582,2.53100000,31.15000000,2.439
1749258582,2.53200000,10.81000000,2.439
1749258582,2.53300000,157.64000000,2.439
1749258582,2.53400000,9.17000000,2.439
1749258582,2.53500000,440.26000000,2.439
1749258582,2.53600000,49.68000000,2.439
1749258582,2.53700000,8.75000000,2.439
1749258582,2.53800000,484.05000000,2.439
1749258896,2.44300000,950.97000000,2.443
1749258896,2.44400000,5945.71000000,2.443
1749258896,2.44500000,6126.74000000,2.443
1749258896,2.44600000,11915.13000000,2.443
1749258896,2.44700000,6059.67000000,2.443
1749258896,2.44800000,12932.14000000,2.443
1749258896,2.44900000,14066.73000000,2.443
1749258896,2.45000000,14546.28000000,2.443
1749258896,2.45100000,1306.83000000,2.443
1749258896,2.45200000,508.10000000,2.443
1749258896,2.45300000,19483.03000000,2.443
1749258896,2.45400000,19174.27000000,2.443
1749258896,2.45500000,618.18000000,2.443
1749258896,2.45600000,1468.57000000,2.443
1749258896,2.45700000,601.27000000,2.443
1749258896,2.45800000,501.42000000,2.443
1749258896,2.45900000,1100.02000000,2.443
1749258896,2.46000000,1190.07000000,2.443
1749258896,2.46100000,455.53000000,2.443
1749258896,2.46200000,1113.42000000,2.443
1749258896,2.46300000,2167.15000000,2.443
1749258896,2.46400000,5212.39000000,2.443
1749258896,2.46500000,9309.53000000,2.443
1749258896,2.46600000,1818.60000000,2.443
1749258896,2.46700000,1045.59000000,2.443
1749258896,2.46800000,557.32000000,2.443
1749258896,2.46900000,675.19000000,2.443
1749258896,2.47000000,28.88000000,2.443
1749258896,2.47100000,19.28000000,2.443
1749258896,2.47200000,19.00000000,2.443
1749258896,2.47300000,536.62000000,2.443
1749258896,2.47400000,25.68000000,2.443
1749258896,2.47500000,1263.51000000,2.443
1749258896,2.47600000,32.55000000,2.443
1749258896,2.47700000,627.11000000,2.443
1749258896,2.47800000,8.79000000,2.443
1749258896,2.47900000,83.88000000,2.443
1749258896,2.48000000,586.40000000,2.443
1749258896,2.48100000,56.35000000,2.443
1749258896,2.48200000,656.55000000,2.443
1749258896,2.48300000,90.53000000,2.443
1749258896,2.48400000,462.08000000,2.443
1749258896,2.48500000,19.86000000,2.443
1749258896,2.48600000,12.74000000,2.443
1749258896,2.48700000,22.86000000,2.443
1749258896,2.48800000,19.18000000,2.443
1749258896,2.48900000,451.07000000,2.443
1749258896,2.49000000,1460.27000000,2.443
1749258896,2.49100000,4.15000000,2.443
1749258896,2.49200000,26.61000000,2.443
1749258896,2.49300000,547.04000000,2.443
1749258896,2.49400000,67.31000000,2.443
1749258896,2.49500000,567.31000000,2.443
1749258896,2.49600000,37.95000000,2.443
1749258896,2.49700000,15.33000000,2.443
1749258896,2.49800000,12.97000000,2.443
1749258896,2.49900000,4183.86000000,2.443
1749258896,2.50000000,1748.55000000,2.443
1749258896,2.50100000,181.19000000,2.443
1749258896,2.50200000,14.12000000,2.443
1749258896,2.50300000,108.65000000,2.443
1749258896,2.50400000,20.64000000,2.443
1749258896,2.50500000,960.11000000,2.443
1749258896,2.50600000,22.63000000,2.443
1749258896,2.50700000,32.07000000,2.443
1749258896,2.50800000,4.12000000,2.443
1749258896,2.50900000,12.73000000,2.443
1749258896,2.51000000,560.48000000,2.443
1749258896,2.51100000,4.11000000,2.443
1749258896,2.51200000,140.75000000,2.443
1749258896,2.51300000,94.83000000,2.443
1749258896,2.51400000,313.45000000,2.443
1749258896,2.51500000,6.52000000,2.443
1749258896,2.51600000,403.25000000,2.443
1749258896,2.51700000,170.81000000,2.443
1749258896,2.51800000,17.93000000,2.443
1749258896,2.51900000,17.09000000,2.443
1749258896,2.52000000,128.75000000,2.443
1749258896,2.52100000,3.07000000,2.443
1749258896,2.52200000,3.97000000,2.443
1749258896,2.52300000,103.24000000,2.443
1749258896,2.52400000,75.95000000,2.443
1749258896,2.52500000,391.28000000,2.443
1749258896,2.52600000,14.48000000,2.443
1749258896,2.52700000,31.12000000,2.443
1749258896,2.52800000,36.98000000,2.443
1749258896,2.52900000,93.99000000,2.443
1749258896,2.53000000,102.42000000,2.443
1749258896,2.53100000,31.15000000,2.443
1749258896,2.53200000,10.81000000,2.443
1749258896,2.53300000,157.64000000,2.443
1749258896,2.53400000,9.17000000,2.443
1749258896,2.53500000,440.26000000,2.443
1749258896,2.53600000,49.68000000,2.443
1749258896,2.53700000,8.75000000,2.443
1749258896,2.53800000,381.29000000,2.443
1749258896,2.53900000,40.90000000,2.443
1749258896,2.54000000,226.89000000,2.443
1749258896,2.54100000,21.27000000,2.443
1749258896,2.54200000,23.21000000,2.443
1749259198,2.44000000,1091.50000000,2.44
1749259198,2.44100000,5860.81000000,2.44
1749259198,2.44200000,5604.23000000,2.44
1749259198,2.44300000,7434.70000000,2.44
1749259198,2.44400000,8041.70000000,2.44
1749259198,2.44500000,8974.66000000,2.44
1749259198,2.44600000,7222.37000000,2.44
1749259198,2.44700000,13163.26000000,2.44
1749259198,2.44800000,2778.18000000,2.44
1749259198,2.44900000,18599.66000000,2.44
1749259198,2.45000000,4020.13000000,2.44
1749259198,2.45100000,1468.79000000,2.44
1749259198,2.45200000,652.85000000,2.44
1749259198,2.45300000,3137.22000000,2.44
1749259198,2.45400000,20479.89000000,2.44
1749259198,2.45500000,2234.70000000,2.44
1749259198,2.45600000,1262.47000000,2.44
1749259198,2.45700000,501.04000000,2.44
1749259198,2.45800000,501.42000000,2.44
1749259198,2.45900000,1100.02000000,2.44
1749259198,2.46000000,1145.87000000,2.44
1749259198,2.46100000,455.53000000,2.44
1749259198,2.46200000,1113.42000000,2.44
1749259198,2.46300000,4921.87000000,2.44
1749259198,2.46400000,5212.39000000,2.44
1749259198,2.46500000,7280.31000000,2.44
1749259198,2.46600000,517.10000000,2.44
1749259198,2.46700000,715.59000000,2.44
1749259198,2.46800000,557.32000000,2.44
1749259198,2.46900000,675.19000000,2.44
1749259198,2.47000000,28.88000000,2.44
1749259198,2.47100000,19.28000000,2.44
1749259198,2.47200000,24.00000000,2.44
1749259198,2.47300000,536.62000000,2.44
1749259198,2.47400000,45.05000000,2.44
1749259198,2.47500000,1258.51000000,2.44
1749259198,2.47600000,32.55000000,2.44
1749259198,2.47700000,627.11000000,2.44
1749259198,2.47800000,8.79000000,2.44
1749259198,2.47900000,83.88000000,2.44
1749259198,2.48000000,586.40000000,2.44
1749259198,2.48100000,36.98000000,2.44
1749259198,2.48200000,656.55000000,2.44
1749259198,2.48300000,90.53000000,2.44
1749259198,2.48400000,21.08000000,2.44
1749259198,2.48500000,19.86000000,2.44
1749259198,2.48600000,28.62000000,2.44
1749259198,2.48700000,22.86000000,2.44
1749259198,2.48800000,19.18000000,2.44
1749259198,2.48900000,10.07000000,2.44
1749259198,2.49000000,1019.27000000,2.44
1749259198,2.49100000,4.15000000,2.44
1749259198,2.49200000,26.61000000,2.44
1749259198,2.49300000,90.16000000,2.44
1749259198,2.49400000,67.31000000,2.44
1749259198,2.49500000,126.31000000,2.44
1749259198,2.49600000,37.95000000,2.44
1749259198,2.49700000,15.33000000,2.44
1749259198,2.49800000,12.97000000,2.44
1749259198,2.49900000,4183.86000000,2.44
1749259198,2.50000000,1748.55000000,2.44
1749259198,2.50100000,181.19000000,2.44
1749259198,2.50200000,14.12000000,2.44
1749259198,2.50300000,108.65000000,2.44
1749259198,2.50400000,20.64000000,2.44
1749259198,2.50500000,960.11000000,2.44
1749259198,2.50600000,22.63000000,2.44
1749259198,2.50700000,32.07000000,2.44
1749259198,2.50800000,4.12000000,2.44
1749259198,2.50900000,12.73000000,2.44
1749259198,2.51000000,622.06000000,2.44
1749259198,2.51100000,4.11000000,2.44
1749259198,2.51200000,140.75000000,2.44
1749259198,2.51300000,94.82000000,2.44
1749259198,2.51400000,313.44000000,2.44
1749259198,2.51500000,6.52000000,2.44
1749259198,2.51600000,399.15000000,2.44
1749259198,2.51700000,105.13000000,2.44
1749259198,2.51800000,13.83000000,2.44
1749259198,2.51900000,17.09000000,2.44
1749259198,2.52000000,128.75000000,2.44
1749259198,2.52100000,3.07000000,2.44
1749259198,2.52200000,3.97000000,2.44
1749259198,2.52300000,103.24000000,2.44
1749259198,2.52400000,75.95000000,2.44
1749259198,2.52500000,391.28000000,2.44
1749259198,2.52600000,14.48000000,2.44
1749259198,2.52700000,31.12000000,2.44
1749259198,2.52800000,36.98000000,2.44
1749259198,2.52900000,93.99000000,2.44
1749259198,2.53000000,102.42000000,2.44
1749259198,2.53100000,31.15000000,2.44
1749259198,2.53200000,10.81000000,2.44
1749259198,2.53300000,157.64000000,2.44
1749259198,2.53400000,9.17000000,2.44
1749259198,2.53500000,440.26000000,2.44
1749259198,2.53600000,49.68000000,2.44
1749259198,2.53700000,8.75000000,2.44
1749259198,2.53800000,381.29000000,2.44
1749259198,2.53900000,40.90000000,2.44
