timestamp,price,volume,current_price
1749260691,2.43700000,1638.07000000,2.437
1749260691,2.43800000,6462.02000000,2.437
1749260691,2.43900000,6266.13000000,2.437
1749260691,2.44000000,12010.38000000,2.437
1749260691,2.44100000,14686.53000000,2.437
1749260691,2.44200000,20010.97000000,2.437
1749260691,2.44300000,3341.58000000,2.437
1749260691,2.44400000,1134.21000000,2.437
1749260691,2.44500000,34172.76000000,2.437
1749260691,2.44600000,4284.67000000,2.437
1749260691,2.44700000,2571.47000000,2.437
1749260691,2.44800000,2798.36000000,2.437
1749260691,2.44900000,1416.08000000,2.437
1749260691,2.45000000,968.50000000,2.437
1749260691,2.45100000,1319.69000000,2.437
1749260691,2.45200000,2487.09000000,2.437
1749260691,2.45300000,8906.81000000,2.437
1749260691,2.45400000,841.69000000,2.437
1749260691,2.45500000,461.32000000,2.437
1749260691,2.45600000,1157.36000000,2.437
1749260691,2.45700000,458.99000000,2.437
1749260691,2.45800000,448.20000000,2.437
1749260691,2.45900000,1104.10000000,2.437
1749260691,2.46000000,1465.62000000,2.437
1749260691,2.46100000,455.53000000,2.437
1749260691,2.46200000,1113.42000000,2.437
1749260691,2.46300000,533.43000000,2.437
1749260691,2.46400000,1086.70000000,2.437
1749260691,2.46500000,1325.05000000,2.437
1749260691,2.46600000,463.83000000,2.437
1749260691,2.46700000,720.59000000,2.437
1749260691,2.46800000,106.07000000,2.437
1749260691,2.46900000,451.67000000,2.437
1749260691,2.47000000,28.88000000,2.437
1749260691,2.47100000,19.28000000,2.437
1749260691,2.47200000,8.75000000,2.437
1749260691,2.47300000,536.62000000,2.437
1749260691,2.47400000,45.05000000,2.437
1749260691,2.47500000,1258.51000000,2.437
1749260691,2.47600000,22.30000000,2.437
1749260691,2.47700000,627.11000000,2.437
1749260691,2.47800000,8.79000000,2.437
1749260691,2.47900000,83.88000000,2.437
1749260691,2.48000000,149.22000000,2.437
1749260691,2.48100000,36.98000000,2.437
1749260691,2.48200000,215.55000000,2.437
1749260691,2.48300000,90.53000000,2.437
1749260691,2.48400000,8.61000000,2.437
1749260691,2.48500000,19.86000000,2.437
1749260691,2.48600000,28.62000000,2.437
1749260691,2.48700000,6.57000000,2.437
1749260691,2.48800000,19.18000000,2.437
1749260691,2.48900000,10.07000000,2.437
1749260691,2.49000000,1019.27000000,2.437
1749260691,2.49100000,4.15000000,2.437
1749260691,2.49200000,26.61000000,2.437
1749260691,2.49300000,90.16000000,2.437
1749260691,2.49400000,67.31000000,2.437
1749260691,2.49500000,126.31000000,2.437
1749260691,2.49600000,37.95000000,2.437
1749260691,2.49700000,15.33000000,2.437
1749260691,2.49800000,2042.19000000,2.437
1749260691,2.49900000,4183.86000000,2.437
1749260691,2.50000000,1748.55000000,2.437
1749260691,2.50100000,181.19000000,2.437
1749260691,2.50200000,14.12000000,2.437
1749260691,2.50300000,170.23000000,2.437
1749260691,2.50400000,20.64000000,2.437
1749260691,2.50500000,960.11000000,2.437
1749260691,2.50600000,22.63000000,2.437
1749260691,2.50700000,32.07000000,2.437
1749260691,2.50800000,4.12000000,2.437
1749260691,2.50900000,402.47000000,2.437
1749260691,2.51000000,657.12000000,2.437
1749260691,2.51100000,4.11000000,2.437
1749260691,2.51200000,140.75000000,2.437
1749260691,2.51300000,90.72000000,2.437
1749260691,2.51400000,309.34000000,2.437
1749260691,2.51500000,2.42000000,2.437
1749260691,2.51600000,9.41000000,2.437
1749260691,2.51700000,8.49000000,2.437
1749260691,2.51800000,13.83000000,2.437
1749260691,2.51900000,13.12000000,2.437
1749260691,2.52000000,124.78000000,2.437
1749260691,2.52100000,3.07000000,2.437
1749260691,2.52200000,3.97000000,2.437
1749260691,2.52300000,103.24000000,2.437
1749260691,2.52400000,75.95000000,2.437
1749260691,2.52500000,391.28000000,2.437
1749260691,2.52600000,14.48000000,2.437
1749260691,2.52700000,31.12000000,2.437
1749260691,2.52800000,33.02000000,2.437
1749260691,2.52900000,93.99000000,2.437
1749260691,2.53000000,1102.42000000,2.437
1749260691,2.53100000,409.99000000,2.437
1749260691,2.53200000,6.86000000,2.437
1749260691,2.53300000,157.64000000,2.437
1749260691,2.53400000,9.17000000,2.437
1749260691,2.53500000,440.26000000,2.437
1749260691,2.53600000,49.68000000,2.437
1749261010,2.43700000,3535.79000000,2.436
1749261010,2.43800000,5369.42000000,2.436
1749261010,2.43900000,9242.82000000,2.436
1749261010,2.44000000,6519.41000000,2.436
1749261010,2.44100000,5022.37000000,2.436
1749261010,2.44200000,7246.32000000,2.436
1749261010,2.44300000,11777.36000000,2.436
1749261010,2.44400000,15267.60000000,2.436
1749261010,2.44500000,2730.58000000,2.436
1749261010,2.44600000,8658.57000000,2.436
1749261010,2.44700000,15187.05000000,2.436
1749261010,2.44800000,1131.78000000,2.436
1749261010,2.44900000,1329.98000000,2.436
1749261010,2.45000000,2428.98000000,2.436
1749261010,2.45100000,3498.01000000,2.436
1749261010,2.45200000,20133.38000000,2.436
1749261010,2.45300000,1166.27000000,2.436
1749261010,2.45400000,953.65000000,2.436
1749261010,2.45500000,3212.91000000,2.436
1749261010,2.45600000,7804.92000000,2.436
1749261010,2.45700000,458.99000000,2.436
1749261010,2.45800000,448.20000000,2.436
1749261010,2.45900000,1104.10000000,2.436
1749261010,2.46000000,1135.62000000,2.436
1749261010,2.46100000,785.53000000,2.436
1749261010,2.46200000,1170.42000000,2.436
1749261010,2.46300000,533.43000000,2.436
1749261010,2.46400000,1086.70000000,2.436
1749261010,2.46500000,1325.05000000,2.436
1749261010,2.46600000,463.83000000,2.436
1749261010,2.46700000,715.59000000,2.436
1749261010,2.46800000,111.07000000,2.436
1749261010,2.46900000,451.67000000,2.436
1749261010,2.47000000,28.88000000,2.436
1749261010,2.47100000,19.28000000,2.436
1749261010,2.47200000,8.75000000,2.436
1749261010,2.47300000,536.62000000,2.436
1749261010,2.47400000,45.05000000,2.436
1749261010,2.47500000,1258.51000000,2.436
1749261010,2.47600000,22.30000000,2.436
1749261010,2.47700000,186.11000000,2.436
1749261010,2.47800000,8.79000000,2.436
1749261010,2.47900000,83.88000000,2.436
1749261010,2.48000000,135.15000000,2.436
1749261010,2.48100000,36.98000000,2.436
1749261010,2.48200000,215.55000000,2.436
1749261010,2.48300000,90.53000000,2.436
1749261010,2.48400000,8.61000000,2.436
1749261010,2.48500000,19.86000000,2.436
1749261010,2.48600000,28.62000000,2.436
1749261010,2.48700000,6.57000000,2.436
1749261010,2.48800000,35.47000000,2.436
1749261010,2.48900000,10.07000000,2.436
1749261010,2.49000000,1019.27000000,2.436
1749261010,2.49100000,4.15000000,2.436
1749261010,2.49200000,26.61000000,2.436
1749261010,2.49300000,90.16000000,2.436
1749261010,2.49400000,67.31000000,2.436
1749261010,2.49500000,126.31000000,2.436
1749261010,2.49600000,37.95000000,2.436
1749261010,2.49700000,15.33000000,2.436
1749261010,2.49800000,2042.19000000,2.436
1749261010,2.49900000,4183.86000000,2.436
1749261010,2.50000000,1748.55000000,2.436
1749261010,2.50100000,181.19000000,2.436
1749261010,2.50200000,14.12000000,2.436
1749261010,2.50300000,108.65000000,2.436
1749261010,2.50400000,20.64000000,2.436
1749261010,2.50500000,960.11000000,2.436
1749261010,2.50600000,22.63000000,2.436
1749261010,2.50700000,32.07000000,2.436
1749261010,2.50800000,4.12000000,2.436
1749261010,2.50900000,12.73000000,2.436
1749261010,2.51000000,622.06000000,2.436
1749261010,2.51100000,4.11000000,2.436
1749261010,2.51200000,140.75000000,2.436
1749261010,2.51300000,90.72000000,2.436
1749261010,2.51400000,309.34000000,2.436
1749261010,2.51500000,2.42000000,2.436
1749261010,2.51600000,399.15000000,2.436
1749261010,2.51700000,105.13000000,2.436
1749261010,2.51800000,13.83000000,2.436
1749261010,2.51900000,13.12000000,2.436
1749261010,2.52000000,124.78000000,2.436
1749261010,2.52100000,3.07000000,2.436
1749261010,2.52200000,3.97000000,2.436
1749261010,2.52300000,103.24000000,2.436
1749261010,2.52400000,75.95000000,2.436
1749261010,2.52500000,391.28000000,2.436
1749261010,2.52600000,14.48000000,2.436
1749261010,2.52700000,31.12000000,2.436
1749261010,2.52800000,33.02000000,2.436
1749261010,2.52900000,93.99000000,2.436
1749261010,2.53000000,1102.42000000,2.436
1749261010,2.53100000,31.15000000,2.436
1749261010,2.53200000,6.86000000,2.436
1749261010,2.53300000,157.64000000,2.436
1749261010,2.53400000,9.17000000,2.436
1749261010,2.53500000,440.26000000,2.436
1749261010,2.53600000,49.68000000,2.436
1749261317,2.43800000,1455.38000000,2.438
1749261317,2.43900000,6255.60000000,2.438
1749261317,2.44000000,5953.33000000,2.438
1749261317,2.44100000,8220.78000000,2.438
1749261317,2.44200000,6527.08000000,2.438
1749261317,2.44300000,11668.14000000,2.438
1749261317,2.44400000,19758.86000000,2.438
1749261317,2.44500000,2772.52000000,2.438
1749261317,2.44600000,5543.03000000,2.438
1749261317,2.44700000,19648.05000000,2.438
1749261317,2.44800000,1217.88000000,2.438
1749261317,2.44900000,1329.98000000,2.438
1749261317,2.45000000,2424.86000000,2.438
1749261317,2.45100000,3498.01000000,2.438
1749261317,2.45200000,18824.45000000,2.438
1749261317,2.45300000,1161.27000000,2.438
1749261317,2.45400000,958.65000000,2.438
1749261317,2.45500000,3126.81000000,2.438
1749261317,2.45600000,7804.92000000,2.438
1749261317,2.45700000,458.99000000,2.438
1749261317,2.45800000,448.20000000,2.438
1749261317,2.45900000,1104.10000000,2.438
1749261317,2.46000000,1135.62000000,2.438
1749261317,2.46100000,455.53000000,2.438
1749261317,2.46200000,1500.42000000,2.438
1749261317,2.46300000,533.43000000,2.438
1749261317,2.46400000,1086.70000000,2.438
1749261317,2.46500000,1325.05000000,2.438
1749261317,2.46600000,463.83000000,2.438
1749261317,2.46700000,715.59000000,2.438
1749261317,2.46800000,111.07000000,2.438
1749261317,2.46900000,451.67000000,2.438
1749261317,2.47000000,28.88000000,2.438
1749261317,2.47100000,19.28000000,2.438
1749261317,2.47200000,8.75000000,2.438
1749261317,2.47300000,536.62000000,2.438
1749261317,2.47400000,1591.81000000,2.438
1749261317,2.47500000,1258.51000000,2.438
1749261317,2.47600000,22.30000000,2.438
1749261317,2.47700000,186.11000000,2.438
1749261317,2.47800000,8.79000000,2.438
1749261317,2.47900000,83.88000000,2.438
1749261317,2.48000000,135.15000000,2.438
1749261317,2.48100000,36.98000000,2.438
1749261317,2.48200000,215.55000000,2.438
1749261317,2.48300000,90.53000000,2.438
1749261317,2.48400000,8.61000000,2.438
1749261317,2.48500000,19.86000000,2.438
1749261317,2.48600000,28.62000000,2.438
1749261317,2.48700000,6.57000000,2.438
1749261317,2.48800000,35.47000000,2.438
1749261317,2.48900000,10.07000000,2.438
1749261317,2.49000000,1019.27000000,2.438
1749261317,2.49100000,4.15000000,2.438
1749261317,2.49200000,26.61000000,2.438
1749261317,2.49300000,90.16000000,2.438
1749261317,2.49400000,67.31000000,2.438
1749261317,2.49500000,126.31000000,2.438
1749261317,2.49600000,37.95000000,2.438
1749261317,2.49700000,15.33000000,2.438
1749261317,2.49800000,2042.19000000,2.438
1749261317,2.49900000,4183.86000000,2.438
1749261317,2.50000000,2854.31000000,2.438
1749261317,2.50100000,181.19000000,2.438
1749261317,2.50200000,14.12000000,2.438
1749261317,2.50300000,108.65000000,2.438
1749261317,2.50400000,20.64000000,2.438
1749261317,2.50500000,960.11000000,2.438
1749261317,2.50600000,22.63000000,2.438
1749261317,2.50700000,32.07000000,2.438
1749261317,2.50800000,4.12000000,2.438
1749261317,2.50900000,12.73000000,2.438
1749261317,2.51000000,622.06000000,2.438
1749261317,2.51100000,4.11000000,2.438
1749261317,2.51200000,140.75000000,2.438
1749261317,2.51300000,94.83000000,2.438
1749261317,2.51400000,309.34000000,2.438
1749261317,2.51500000,2.42000000,2.438
1749261317,2.51600000,399.15000000,2.438
1749261317,2.51700000,105.13000000,2.438
1749261317,2.51800000,13.83000000,2.438
1749261317,2.51900000,13.12000000,2.438
1749261317,2.52000000,124.78000000,2.438
1749261317,2.52100000,3.07000000,2.438
1749261317,2.52200000,3.97000000,2.438
1749261317,2.52300000,103.24000000,2.438
1749261317,2.52400000,75.95000000,2.438
1749261317,2.52500000,391.28000000,2.438
1749261317,2.52600000,14.48000000,2.438
1749261317,2.52700000,31.12000000,2.438
1749261317,2.52800000,33.02000000,2.438
1749261317,2.52900000,93.99000000,2.438
1749261317,2.53000000,1102.42000000,2.438
1749261317,2.53100000,31.15000000,2.438
1749261317,2.53200000,6.86000000,2.438
1749261317,2.53300000,157.64000000,2.438
1749261317,2.53400000,9.17000000,2.438
1749261317,2.53500000,440.26000000,2.438
1749261317,2.53600000,49.68000000,2.438
1749261317,2.53700000,8.75000000,2.438
1749261618,2.43900000,1353.05000000,2.439
1749261618,2.44000000,7549.67000000,2.439
1749261618,2.44100000,7307.70000000,2.439
1749261618,2.44200000,5711.50000000,2.439
1749261618,2.44300000,5760.02000000,2.439
1749261618,2.44400000,8544.25000000,2.439
1749261618,2.44500000,14435.20000000,2.439
1749261618,2.44600000,4651.60000000,2.439
1749261618,2.44700000,27021.78000000,2.439
1749261618,2.44800000,4278.79000000,2.439
1749261618,2.44900000,1229.39000000,2.439
1749261618,2.45000000,806.54000000,2.439
1749261618,2.45100000,1510.68000000,2.439
1749261618,2.45200000,20478.69000000,2.439
1749261618,2.45300000,1161.27000000,2.439
1749261618,2.45400000,1103.38000000,2.439
1749261618,2.45500000,5156.03000000,2.439
1749261618,2.45600000,7891.02000000,2.439
1749261618,2.45700000,458.99000000,2.439
1749261618,2.45800000,448.20000000,2.439
1749261618,2.45900000,1104.10000000,2.439
1749261618,2.46000000,1135.62000000,2.439
1749261618,2.46100000,455.53000000,2.439
1749261618,2.46200000,1170.42000000,2.439
1749261618,2.46300000,863.43000000,2.439
1749261618,2.46400000,1086.70000000,2.439
1749261618,2.46500000,1325.05000000,2.439
1749261618,2.46600000,463.83000000,2.439
1749261618,2.46700000,715.59000000,2.439
1749261618,2.46800000,106.07000000,2.439
1749261618,2.46900000,456.67000000,2.439
1749261618,2.47000000,28.88000000,2.439
1749261618,2.47100000,19.28000000,2.439
1749261618,2.47200000,8.75000000,2.439
1749261618,2.47300000,536.62000000,2.439
1749261618,2.47400000,1591.81000000,2.439
1749261618,2.47500000,1258.51000000,2.439
1749261618,2.47600000,22.30000000,2.439
1749261618,2.47700000,627.11000000,2.439
1749261618,2.47800000,8.79000000,2.439
1749261618,2.47900000,83.88000000,2.439
1749261618,2.48000000,135.15000000,2.439
1749261618,2.48100000,36.98000000,2.439
1749261618,2.48200000,215.55000000,2.439
1749261618,2.48300000,90.53000000,2.439
1749261618,2.48400000,8.61000000,2.439
1749261618,2.48500000,19.86000000,2.439
1749261618,2.48600000,28.62000000,2.439
1749261618,2.48700000,6.57000000,2.439
1749261618,2.48800000,35.47000000,2.439
1749261618,2.48900000,10.07000000,2.439
1749261618,2.49000000,1019.27000000,2.439
1749261618,2.49100000,4.15000000,2.439
1749261618,2.49200000,26.61000000,2.439
1749261618,2.49300000,90.16000000,2.439
1749261618,2.49400000,67.31000000,2.439
1749261618,2.49500000,126.31000000,2.439
1749261618,2.49600000,37.95000000,2.439
1749261618,2.49700000,15.33000000,2.439
1749261618,2.49800000,2042.19000000,2.439
1749261618,2.49900000,4183.86000000,2.439
1749261618,2.50000000,2854.31000000,2.439
1749261618,2.50100000,181.19000000,2.439
1749261618,2.50200000,14.12000000,2.439
1749261618,2.50300000,108.65000000,2.439
1749261618,2.50400000,20.64000000,2.439
1749261618,2.50500000,960.11000000,2.439
1749261618,2.50600000,22.63000000,2.439
1749261618,2.50700000,32.07000000,2.439
1749261618,2.50800000,4.12000000,2.439
1749261618,2.50900000,12.73000000,2.439
1749261618,2.51000000,622.06000000,2.439
1749261618,2.51100000,4.11000000,2.439
1749261618,2.51200000,140.75000000,2.439
1749261618,2.51300000,94.83000000,2.439
1749261618,2.51400000,313.45000000,2.439
1749261618,2.51500000,2.42000000,2.439
1749261618,2.51600000,399.15000000,2.439
1749261618,2.51700000,105.13000000,2.439
1749261618,2.51800000,13.83000000,2.439
1749261618,2.51900000,13.12000000,2.439
1749261618,2.52000000,124.78000000,2.439
1749261618,2.52100000,3.07000000,2.439
1749261618,2.52200000,3.97000000,2.439
1749261618,2.52300000,103.24000000,2.439
1749261618,2.52400000,75.95000000,2.439
1749261618,2.52500000,391.28000000,2.439
1749261618,2.52600000,14.48000000,2.439
1749261618,2.52700000,31.12000000,2.439
1749261618,2.52800000,33.02000000,2.439
1749261618,2.52900000,93.99000000,2.439
1749261618,2.53000000,1102.42000000,2.439
1749261618,2.53100000,31.15000000,2.439
1749261618,2.53200000,6.86000000,2.439
1749261618,2.53300000,157.64000000,2.439
1749261618,2.53400000,9.17000000,2.439
1749261618,2.53500000,440.26000000,2.439
1749261618,2.53600000,49.68000000,2.439
1749261618,2.53700000,8.75000000,2.439
1749261618,2.53800000,381.29000000,2.439
1749261919,2.43800000,6156.36000000,2.437
1749261919,2.43900000,4809.51000000,2.437
1749261919,2.44000000,7187.25000000,2.437
1749261919,2.44100000,6936.08000000,2.437
1749261919,2.44200000,9695.37000000,2.437
1749261919,2.44300000,9653.99000000,2.437
1749261919,2.44400000,4225.77000000,2.437
1749261919,2.44500000,15043.78000000,2.437
1749261919,2.44600000,2165.55000000,2.437
1749261919,2.44700000,19605.89000000,2.437
1749261919,2.44800000,1131.70000000,2.437
1749261919,2.44900000,2975.70000000,2.437
1749261919,2.45000000,949.07000000,2.437
1749261919,2.45100000,3498.01000000,2.437
1749261919,2.45200000,18824.45000000,2.437
1749261919,2.45300000,1161.27000000,2.437
1749261919,2.45400000,998.65000000,2.437
1749261919,2.45500000,3126.81000000,2.437
1749261919,2.45600000,7804.92000000,2.437
1749261919,2.45700000,458.99000000,2.437
1749261919,2.45800000,448.20000000,2.437
1749261919,2.45900000,1104.10000000,2.437
1749261919,2.46000000,1135.62000000,2.437
1749261919,2.46100000,785.53000000,2.437
1749261919,2.46200000,1170.42000000,2.437
1749261919,2.46300000,533.43000000,2.437
1749261919,2.46400000,1086.70000000,2.437
1749261919,2.46500000,1325.05000000,2.437
1749261919,2.46600000,463.83000000,2.437
1749261919,2.46700000,715.59000000,2.437
1749261919,2.46800000,106.07000000,2.437
1749261919,2.46900000,456.67000000,2.437
1749261919,2.47000000,28.88000000,2.437
1749261919,2.47100000,19.28000000,2.437
1749261919,2.47200000,8.75000000,2.437
1749261919,2.47300000,536.62000000,2.437
1749261919,2.47400000,486.05000000,2.437
1749261919,2.47500000,458.51000000,2.437
1749261919,2.47600000,22.30000000,2.437
1749261919,2.47700000,627.11000000,2.437
1749261919,2.47800000,8.79000000,2.437
1749261919,2.47900000,83.88000000,2.437
1749261919,2.48000000,135.15000000,2.437
1749261919,2.48100000,36.98000000,2.437
1749261919,2.48200000,215.55000000,2.437
1749261919,2.48300000,90.53000000,2.437
1749261919,2.48400000,8.61000000,2.437
1749261919,2.48500000,19.86000000,2.437
1749261919,2.48600000,28.62000000,2.437
1749261919,2.48700000,6.57000000,2.437
1749261919,2.48800000,35.47000000,2.437
1749261919,2.48900000,10.07000000,2.437
1749261919,2.49000000,1019.27000000,2.437
1749261919,2.49100000,4.15000000,2.437
1749261919,2.49200000,26.61000000,2.437
1749261919,2.49300000,90.16000000,2.437
1749261919,2.49400000,67.31000000,2.437
1749261919,2.49500000,126.31000000,2.437
1749261919,2.49600000,37.95000000,2.437
1749261919,2.49700000,15.33000000,2.437
1749261919,2.49800000,2042.19000000,2.437
1749261919,2.49900000,4183.86000000,2.437
1749261919,2.50000000,1748.55000000,2.437
1749261919,2.50100000,181.19000000,2.437
1749261919,2.50200000,14.12000000,2.437
1749261919,2.50300000,108.65000000,2.437
1749261919,2.50400000,20.64000000,2.437
1749261919,2.50500000,960.11000000,2.437
1749261919,2.50600000,22.63000000,2.437
1749261919,2.50700000,32.07000000,2.437
1749261919,2.50800000,4.12000000,2.437
1749261919,2.50900000,12.73000000,2.437
1749261919,2.51000000,622.06000000,2.437
1749261919,2.51100000,4.11000000,2.437
1749261919,2.51200000,140.75000000,2.437
1749261919,2.51300000,94.83000000,2.437
1749261919,2.51400000,309.34000000,2.437
1749261919,2.51500000,2.42000000,2.437
1749261919,2.51600000,399.15000000,2.437
1749261919,2.51700000,105.13000000,2.437
1749261919,2.51800000,13.83000000,2.437
1749261919,2.51900000,13.12000000,2.437
1749261919,2.52000000,124.78000000,2.437
1749261919,2.52100000,3.07000000,2.437
1749261919,2.52200000,3.97000000,2.437
1749261919,2.52300000,103.24000000,2.437
1749261919,2.52400000,75.95000000,2.437
1749261919,2.52500000,391.28000000,2.437
1749261919,2.52600000,14.48000000,2.437
1749261919,2.52700000,31.12000000,2.437
1749261919,2.52800000,33.02000000,2.437
1749261919,2.52900000,93.99000000,2.437
1749261919,2.53000000,1102.42000000,2.437
1749261919,2.53100000,31.15000000,2.437
1749261919,2.53200000,6.86000000,2.437
1749261919,2.53300000,157.64000000,2.437
1749261919,2.53400000,9.17000000,2.437
1749261919,2.53500000,440.26000000,2.437
1749261919,2.53600000,49.68000000,2.437
1749261919,2.53700000,8.75000000,2.437
1749262226,2.44100000,4763.74000000,2.44
1749262226,2.44200000,8342.21000000,2.44
1749262226,2.44300000,10844.45000000,2.44
1749262226,2.44400000,8039.02000000,2.44
1749262226,2.44500000,13833.45000000,2.44
1749262226,2.44600000,14400.22000000,2.44
1749262226,2.44700000,21012.95000000,2.44
1749262226,2.44800000,1389.60000000,2.44
1749262226,2.44900000,1315.49000000,2.44
1749262226,2.45000000,4098.18000000,2.44
1749262226,2.45100000,1510.73000000,2.44
1749262226,2.45200000,20478.61000000,2.44
1749262226,2.45300000,1203.19000000,2.44
1749262226,2.45400000,953.65000000,2.44
1749262226,2.45500000,3126.81000000,2.44
1749262226,2.45600000,9834.14000000,2.44
1749262226,2.45700000,504.19000000,2.44
1749262226,2.45800000,448.20000000,2.44
1749262226,2.45900000,1104.10000000,2.44
1749262226,2.46000000,1135.62000000,2.44
1749262226,2.46100000,455.53000000,2.44
1749262226,2.46200000,1170.42000000,2.44
1749262226,2.46300000,533.43000000,2.44
1749262226,2.46400000,1086.70000000,2.44
1749262226,2.46500000,1655.05000000,2.44
1749262226,2.46600000,463.83000000,2.44
1749262226,2.46700000,715.59000000,2.44
1749262226,2.46800000,106.07000000,2.44
1749262226,2.46900000,451.67000000,2.44
1749262226,2.47000000,28.88000000,2.44
1749262226,2.47100000,19.28000000,2.44
1749262226,2.47200000,13.75000000,2.44
1749262226,2.47300000,536.62000000,2.44
1749262226,2.47400000,486.05000000,2.44
1749262226,2.47500000,458.51000000,2.44
1749262226,2.47600000,22.30000000,2.44
1749262226,2.47700000,627.11000000,2.44
1749262226,2.47800000,8.79000000,2.44
1749262226,2.47900000,83.88000000,2.44
1749262226,2.48000000,576.15000000,2.44
1749262226,2.48100000,36.98000000,2.44
1749262226,2.48200000,656.55000000,2.44
1749262226,2.48300000,90.53000000,2.44
1749262226,2.48400000,449.61000000,2.44
1749262226,2.48500000,19.86000000,2.44
1749262226,2.48600000,28.62000000,2.44
1749262226,2.48700000,6.57000000,2.44
1749262226,2.48800000,35.47000000,2.44
1749262226,2.48900000,10.07000000,2.44
1749262226,2.49000000,1019.27000000,2.44
1749262226,2.49100000,4.15000000,2.44
1749262226,2.49200000,26.61000000,2.44
1749262226,2.49300000,90.16000000,2.44
1749262226,2.49400000,67.31000000,2.44
1749262226,2.49500000,126.31000000,2.44
1749262226,2.49600000,37.95000000,2.44
1749262226,2.49700000,15.33000000,2.44
1749262226,2.49800000,2042.19000000,2.44
1749262226,2.49900000,4183.86000000,2.44
1749262226,2.50000000,1748.55000000,2.44
1749262226,2.50100000,181.19000000,2.44
1749262226,2.50200000,14.12000000,2.44
1749262226,2.50300000,108.65000000,2.44
1749262226,2.50400000,20.64000000,2.44
1749262226,2.50500000,960.11000000,2.44
1749262226,2.50600000,22.63000000,2.44
1749262226,2.50700000,32.07000000,2.44
1749262226,2.50800000,4.12000000,2.44
1749262226,2.50900000,402.47000000,2.44
1749262226,2.51000000,622.06000000,2.44
1749262226,2.51100000,4.11000000,2.44
1749262226,2.51200000,140.75000000,2.44
1749262226,2.51300000,94.83000000,2.44
1749262226,2.51400000,313.45000000,2.44
1749262226,2.51500000,6.52000000,2.44
1749262226,2.51600000,13.51000000,2.44
1749262226,2.51700000,105.13000000,2.44
1749262226,2.51800000,13.83000000,2.44
1749262226,2.51900000,13.12000000,2.44
1749262226,2.52000000,124.78000000,2.44
1749262226,2.52100000,3.07000000,2.44
1749262226,2.52200000,3.97000000,2.44
1749262226,2.52300000,103.24000000,2.44
1749262226,2.52400000,75.95000000,2.44
1749262226,2.52500000,391.28000000,2.44
1749262226,2.52600000,14.48000000,2.44
1749262226,2.52700000,31.12000000,2.44
1749262226,2.52800000,33.02000000,2.44
1749262226,2.52900000,93.99000000,2.44
1749262226,2.53000000,1102.42000000,2.44
1749262226,2.53100000,31.15000000,2.44
1749262226,2.53200000,6.86000000,2.44
1749262226,2.53300000,157.64000000,2.44
1749262226,2.53400000,9.17000000,2.44
1749262226,2.53500000,440.26000000,2.44
1749262226,2.53600000,49.68000000,2.44
1749262226,2.53700000,8.75000000,2.44
1749262226,2.53800000,484.05000000,2.44
1749262226,2.53900000,40.90000000,2.44
1749262226,2.54000000,226.89000000,2.44
1749262527,2.44500000,2810.43000000,2.445
1749262527,2.44600000,5514.25000000,2.445
1749262527,2.44700000,7073.33000000,2.445
1749262527,2.44800000,10274.62000000,2.445
1749262527,2.44900000,11379.14000000,2.445
1749262527,2.45000000,9572.49000000,2.445
1749262527,2.45100000,5854.31000000,2.445
1749262527,2.45200000,11062.88000000,2.445
1749262527,2.45300000,16497.47000000,2.445
1749262527,2.45400000,4028.44000000,2.445
1749262527,2.45500000,1133.82000000,2.445
1749262527,2.45600000,19740.72000000,2.445
1749262527,2.45700000,586.92000000,2.445
1749262527,2.45800000,490.02000000,2.445
1749262527,2.45900000,2886.58000000,2.445
1749262527,2.46000000,1135.62000000,2.445
1749262527,2.46100000,572.49000000,2.445
1749262527,2.46200000,5249.33000000,2.445
1749262527,2.46300000,7180.99000000,2.445
1749262527,2.46400000,1139.97000000,2.445
1749262527,2.46500000,1154.75000000,2.445
1749262527,2.46600000,463.83000000,2.445
1749262527,2.46700000,715.59000000,2.445
1749262527,2.46800000,447.02000000,2.445
1749262527,2.46900000,451.67000000,2.445
1749262527,2.47000000,28.88000000,2.445
1749262527,2.47100000,242.80000000,2.445
1749262527,2.47200000,8.75000000,2.445
1749262527,2.47300000,536.62000000,2.445
1749262527,2.47400000,466.68000000,2.445
1749262527,2.47500000,458.51000000,2.445
1749262527,2.47600000,27.30000000,2.445
1749262527,2.47700000,627.11000000,2.445
1749262527,2.47800000,8.79000000,2.445
1749262527,2.47900000,83.88000000,2.445
1749262527,2.48000000,576.15000000,2.445
1749262527,2.48100000,56.35000000,2.445
1749262527,2.48200000,656.55000000,2.445
1749262527,2.48300000,90.53000000,2.445
1749262527,2.48400000,451.83000000,2.445
1749262527,2.48500000,19.86000000,2.445
1749262527,2.48600000,12.74000000,2.445
1749262527,2.48700000,6.57000000,2.445
1749262527,2.48800000,35.47000000,2.445
1749262527,2.48900000,451.07000000,2.445
1749262527,2.49000000,1460.27000000,2.445
1749262527,2.49100000,4.15000000,2.445
1749262527,2.49200000,26.61000000,2.445
1749262527,2.49300000,106.04000000,2.445
1749262527,2.49400000,508.31000000,2.445
1749262527,2.49500000,126.31000000,2.445
1749262527,2.49600000,37.95000000,2.445
1749262527,2.49700000,15.33000000,2.445
1749262527,2.49800000,2042.19000000,2.445
1749262527,2.49900000,4183.86000000,2.445
1749262527,2.50000000,1748.55000000,2.445
1749262527,2.50100000,181.19000000,2.445
1749262527,2.50200000,14.12000000,2.445
1749262527,2.50300000,108.65000000,2.445
1749262527,2.50400000,20.64000000,2.445
1749262527,2.50500000,960.11000000,2.445
1749262527,2.50600000,22.63000000,2.445
1749262527,2.50700000,32.07000000,2.445
1749262527,2.50800000,4.12000000,2.445
1749262527,2.50900000,12.73000000,2.445
1749262527,2.51000000,622.06000000,2.445
1749262527,2.51100000,4.11000000,2.445
1749262527,2.51200000,140.75000000,2.445
1749262527,2.51300000,94.83000000,2.445
1749262527,2.51400000,313.45000000,2.445
1749262527,2.51500000,6.52000000,2.445
1749262527,2.51600000,403.25000000,2.445
1749262527,2.51700000,109.23000000,2.445
1749262527,2.51800000,17.93000000,2.445
1749262527,2.51900000,17.22000000,2.445
1749262527,2.52000000,128.88000000,2.445
1749262527,2.52100000,3.07000000,2.445
1749262527,2.52200000,3.97000000,2.445
1749262527,2.52300000,103.24000000,2.445
1749262527,2.52400000,75.95000000,2.445
1749262527,2.52500000,391.28000000,2.445
1749262527,2.52600000,14.48000000,2.445
1749262527,2.52700000,31.12000000,2.445
1749262527,2.52800000,33.02000000,2.445
1749262527,2.52900000,93.99000000,2.445
1749262527,2.53000000,1102.42000000,2.445
1749262527,2.53100000,31.15000000,2.445
1749262527,2.53200000,6.86000000,2.445
1749262527,2.53300000,157.64000000,2.445
1749262527,2.53400000,9.17000000,2.445
1749262527,2.53500000,440.26000000,2.445
1749262527,2.53600000,49.68000000,2.445
1749262527,2.53700000,8.75000000,2.445
1749262527,2.53800000,381.29000000,2.445
1749262527,2.53900000,40.90000000,2.445
1749262527,2.54000000,226.89000000,2.445
1749262527,2.54100000,21.27000000,2.445
1749262527,2.54200000,23.21000000,2.445
1749262527,2.54300000,86.74000000,2.445
1749262527,2.54400000,4.78000000,2.445
1749262829,2.44200000,5707.47000000,2.442
1749262829,2.44300000,4727.61000000,2.442
1749262829,2.44400000,8775.15000000,2.442
1749262829,2.44500000,5552.98000000,2.442
1749262829,2.44600000,5588.77000000,2.442
1749262829,2.44700000,10702.27000000,2.442
1749262829,2.44800000,6786.04000000,2.442
1749262829,2.44900000,17012.80000000,2.442
1749262829,2.45000000,3908.29000000,2.442
1749262829,2.45100000,19002.25000000,2.442
1749262829,2.45200000,497.77000000,2.442
1749262829,2.45300000,2460.57000000,2.442
1749262829,2.45400000,20796.92000000,2.442
1749262829,2.45500000,1131.57000000,2.442
1749262829,2.45600000,1425.44000000,2.442
1749262829,2.45700000,548.16000000,2.442
1749262829,2.45800000,453.20000000,2.442
1749262829,2.45900000,1248.83000000,2.442
1749262829,2.46000000,5194.06000000,2.442
1749262829,2.46100000,6879.01000000,2.442
1749262829,2.46200000,1190.89000000,2.442
1749262829,2.46300000,533.43000000,2.442
1749262829,2.46400000,1139.97000000,2.442
1749262829,2.46500000,1101.53000000,2.442
1749262829,2.46600000,793.83000000,2.442
1749262829,2.46700000,718.66000000,2.442
1749262829,2.46800000,117.02000000,2.442
1749262829,2.46900000,451.67000000,2.442
1749262829,2.47000000,469.88000000,2.442
1749262829,2.47100000,242.80000000,2.442
1749262829,2.47200000,8.75000000,2.442
1749262829,2.47300000,541.62000000,2.442
1749262829,2.47400000,466.68000000,2.442
1749262829,2.47500000,458.51000000,2.442
1749262829,2.47600000,22.30000000,2.442
1749262829,2.47700000,627.11000000,2.442
1749262829,2.47800000,8.79000000,2.442
1749262829,2.47900000,83.88000000,2.442
1749262829,2.48000000,576.15000000,2.442
1749262829,2.48100000,56.35000000,2.442
1749262829,2.48200000,656.55000000,2.442
1749262829,2.48300000,90.53000000,2.442
1749262829,2.48400000,10.83000000,2.442
1749262829,2.48500000,19.86000000,2.442
1749262829,2.48600000,12.74000000,2.442
1749262829,2.48700000,6.57000000,2.442
1749262829,2.48800000,35.47000000,2.442
1749262829,2.48900000,10.07000000,2.442
1749262829,2.49000000,1019.27000000,2.442
1749262829,2.49100000,4.15000000,2.442
1749262829,2.49200000,26.61000000,2.442
1749262829,2.49300000,106.04000000,2.442
1749262829,2.49400000,67.31000000,2.442
1749262829,2.49500000,126.31000000,2.442
1749262829,2.49600000,37.95000000,2.442
1749262829,2.49700000,15.33000000,2.442
1749262829,2.49800000,2042.19000000,2.442
1749262829,2.49900000,4183.86000000,2.442
1749262829,2.50000000,1748.55000000,2.442
1749262829,2.50100000,181.19000000,2.442
1749262829,2.50200000,14.12000000,2.442
1749262829,2.50300000,108.65000000,2.442
1749262829,2.50400000,20.64000000,2.442
1749262829,2.50500000,960.11000000,2.442
1749262829,2.50600000,22.63000000,2.442
1749262829,2.50700000,32.07000000,2.442
1749262829,2.50800000,4.12000000,2.442
1749262829,2.50900000,12.73000000,2.442
1749262829,2.51000000,560.48000000,2.442
1749262829,2.51100000,4.11000000,2.442
1749262829,2.51200000,140.75000000,2.442
1749262829,2.51300000,94.83000000,2.442
1749262829,2.51400000,313.45000000,2.442
1749262829,2.51500000,6.52000000,2.442
1749262829,2.51600000,403.25000000,2.442
1749262829,2.51700000,170.81000000,2.442
1749262829,2.51800000,13.83000000,2.442
1749262829,2.51900000,13.12000000,2.442
1749262829,2.52000000,124.78000000,2.442
1749262829,2.52100000,3.07000000,2.442
1749262829,2.52200000,3.97000000,2.442
1749262829,2.52300000,103.24000000,2.442
1749262829,2.52400000,75.95000000,2.442
1749262829,2.52500000,391.28000000,2.442
1749262829,2.52600000,14.48000000,2.442
1749262829,2.52700000,31.12000000,2.442
1749262829,2.52800000,33.02000000,2.442
1749262829,2.52900000,93.99000000,2.442
1749262829,2.53000000,1102.42000000,2.442
1749262829,2.53100000,31.15000000,2.442
1749262829,2.53200000,6.86000000,2.442
1749262829,2.53300000,157.64000000,2.442
1749262829,2.53400000,9.17000000,2.442
1749262829,2.53500000,440.26000000,2.442
1749262829,2.53600000,49.68000000,2.442
1749262829,2.53700000,8.75000000,2.442
1749262829,2.53800000,2.45000000,2.442
1749262829,2.53900000,40.90000000,2.442
1749262829,2.54000000,226.89000000,2.442
1749262829,2.54100000,21.27000000,2.442
1749263131,2.44400000,1348.83000000,2.443
1749263131,2.44500000,5385.89000000,2.443
1749263131,2.44600000,7978.94000000,2.443
1749263131,2.44700000,8361.60000000,2.443
1749263131,2.44800000,10017.74000000,2.443
1749263131,2.44900000,22573.94000000,2.443
1749263131,2.45000000,4880.75000000,2.443
1749263131,2.45100000,17658.92000000,2.443
1749263131,2.45200000,497.77000000,2.443
1749263131,2.45300000,5601.54000000,2.443
1749263131,2.45400000,19150.97000000,2.443
1749263131,2.45500000,1276.30000000,2.443
1749263131,2.45600000,3009.97000000,2.443
1749263131,2.45700000,548.16000000,2.443
1749263131,2.45800000,448.20000000,2.443
1749263131,2.45900000,1109.10000000,2.443
1749263131,2.46000000,5194.06000000,2.443
1749263131,2.46100000,6879.01000000,2.443
1749263131,2.46200000,1190.89000000,2.443
1749263131,2.46300000,533.43000000,2.443
1749263131,2.46400000,1139.97000000,2.443
1749263131,2.46500000,1154.75000000,2.443
1749263131,2.46600000,463.83000000,2.443
1749263131,2.46700000,718.66000000,2.443
1749263131,2.46800000,447.02000000,2.443
1749263131,2.46900000,451.67000000,2.443
1749263131,2.47000000,469.88000000,2.443
1749263131,2.47100000,242.80000000,2.443
1749263131,2.47200000,8.75000000,2.443
1749263131,2.47300000,536.62000000,2.443
1749263131,2.47400000,471.68000000,2.443
1749263131,2.47500000,458.51000000,2.443
1749263131,2.47600000,22.30000000,2.443
1749263131,2.47700000,627.11000000,2.443
1749263131,2.47800000,8.79000000,2.443
1749263131,2.47900000,83.88000000,2.443
1749263131,2.48000000,576.15000000,2.443
1749263131,2.48100000,56.35000000,2.443
1749263131,2.48200000,656.55000000,2.443
1749263131,2.48300000,90.53000000,2.443
1749263131,2.48400000,451.83000000,2.443
1749263131,2.48500000,19.86000000,2.443
1749263131,2.48600000,12.74000000,2.443
1749263131,2.48700000,6.57000000,2.443
1749263131,2.48800000,35.47000000,2.443
1749263131,2.48900000,10.07000000,2.443
1749263131,2.49000000,1460.27000000,2.443
1749263131,2.49100000,4.15000000,2.443
1749263131,2.49200000,26.61000000,2.443
1749263131,2.49300000,547.04000000,2.443
1749263131,2.49400000,67.31000000,2.443
1749263131,2.49500000,126.31000000,2.443
1749263131,2.49600000,37.95000000,2.443
1749263131,2.49700000,15.33000000,2.443
1749263131,2.49800000,2042.19000000,2.443
1749263131,2.49900000,4183.86000000,2.443
1749263131,2.50000000,1748.55000000,2.443
1749263131,2.50100000,181.19000000,2.443
1749263131,2.50200000,14.12000000,2.443
1749263131,2.50300000,108.65000000,2.443
1749263131,2.50400000,20.64000000,2.443
1749263131,2.50500000,960.11000000,2.443
1749263131,2.50600000,22.63000000,2.443
1749263131,2.50700000,32.07000000,2.443
1749263131,2.50800000,4.12000000,2.443
1749263131,2.50900000,12.73000000,2.443
1749263131,2.51000000,560.48000000,2.443
1749263131,2.51100000,4.11000000,2.443
1749263131,2.51200000,140.75000000,2.443
1749263131,2.51300000,94.83000000,2.443
1749263131,2.51400000,313.45000000,2.443
1749263131,2.51500000,6.52000000,2.443
1749263131,2.51600000,403.25000000,2.443
1749263131,2.51700000,170.81000000,2.443
1749263131,2.51800000,17.93000000,2.443
1749263131,2.51900000,17.22000000,2.443
1749263131,2.52000000,124.78000000,2.443
1749263131,2.52100000,3.07000000,2.443
1749263131,2.52200000,3.97000000,2.443
1749263131,2.52300000,103.24000000,2.443
1749263131,2.52400000,75.95000000,2.443
1749263131,2.52500000,391.28000000,2.443
1749263131,2.52600000,14.48000000,2.443
1749263131,2.52700000,31.12000000,2.443
1749263131,2.52800000,33.02000000,2.443
1749263131,2.52900000,93.99000000,2.443
1749263131,2.53000000,1102.42000000,2.443
1749263131,2.53100000,31.15000000,2.443
1749263131,2.53200000,6.86000000,2.443
1749263131,2.53300000,157.64000000,2.443
1749263131,2.53400000,9.17000000,2.443
1749263131,2.53500000,440.26000000,2.443
1749263131,2.53600000,49.68000000,2.443
1749263131,2.53700000,8.75000000,2.443
1749263131,2.53800000,2.45000000,2.443
1749263131,2.53900000,40.90000000,2.443
1749263131,2.54000000,226.89000000,2.443
1749263131,2.54100000,21.27000000,2.443
1749263131,2.54200000,23.21000000,2.443
1749263131,2.54300000,86.74000000,2.443
1749263432,2.44500000,5414.19000000,2.444
1749263432,2.44600000,5854.90000000,2.444
1749263432,2.44700000,7540.06000000,2.444
1749263432,2.44800000,6966.09000000,2.444
1749263432,2.44900000,8855.04000000,2.444
1749263432,2.45000000,8451.61000000,2.444
1749263432,2.45100000,12209.95000000,2.444
1749263432,2.45200000,11209.02000000,2.444
1749263432,2.45300000,3492.34000000,2.444
1749263432,2.45400000,33672.00000000,2.444
1749263432,2.45500000,4272.17000000,2.444
1749263432,2.45600000,1414.02000000,2.444
1749263432,2.45700000,589.98000000,2.444
1749263432,2.45800000,2077.76000000,2.444
1749263432,2.45900000,1104.10000000,2.444
1749263432,2.46000000,3309.57000000,2.444
1749263432,2.46100000,6884.01000000,2.444
1749263432,2.46200000,1190.89000000,2.444
1749263432,2.46300000,533.43000000,2.444
1749263432,2.46400000,1139.97000000,2.444
1749263432,2.46500000,1154.75000000,2.444
1749263432,2.46600000,463.83000000,2.444
1749263432,2.46700000,718.66000000,2.444
1749263432,2.46800000,117.02000000,2.444
1749263432,2.46900000,781.67000000,2.444
1749263432,2.47000000,469.88000000,2.444
1749263432,2.47100000,242.80000000,2.444
1749263432,2.47200000,8.75000000,2.444
1749263432,2.47300000,536.62000000,2.444
1749263432,2.47400000,466.68000000,2.444
1749263432,2.47500000,458.51000000,2.444
1749263432,2.47600000,27.30000000,2.444
1749263432,2.47700000,627.11000000,2.444
1749263432,2.47800000,8.79000000,2.444
1749263432,2.47900000,83.88000000,2.444
1749263432,2.48000000,576.15000000,2.444
1749263432,2.48100000,56.35000000,2.444
1749263432,2.48200000,656.55000000,2.444
1749263432,2.48300000,90.53000000,2.444
1749263432,2.48400000,451.83000000,2.444
1749263432,2.48500000,19.86000000,2.444
1749263432,2.48600000,12.74000000,2.444
1749263432,2.48700000,6.57000000,2.444
1749263432,2.48800000,35.47000000,2.444
1749263432,2.48900000,10.07000000,2.444
1749263432,2.49000000,1460.27000000,2.444
1749263432,2.49100000,4.15000000,2.444
1749263432,2.49200000,26.61000000,2.444
1749263432,2.49300000,547.04000000,2.444
1749263432,2.49400000,67.31000000,2.444
1749263432,2.49500000,567.31000000,2.444
1749263432,2.49600000,37.95000000,2.444
1749263432,2.49700000,15.33000000,2.444
1749263432,2.49800000,4071.41000000,2.444
1749263432,2.49900000,4183.86000000,2.444
1749263432,2.50000000,1748.55000000,2.444
1749263432,2.50100000,181.19000000,2.444
1749263432,2.50200000,14.12000000,2.444
1749263432,2.50300000,108.65000000,2.444
1749263432,2.50400000,20.64000000,2.444
1749263432,2.50500000,960.11000000,2.444
1749263432,2.50600000,22.63000000,2.444
1749263432,2.50700000,32.07000000,2.444
1749263432,2.50800000,4.12000000,2.444
1749263432,2.50900000,12.73000000,2.444
1749263432,2.51000000,560.48000000,2.444
1749263432,2.51100000,4.11000000,2.444
1749263432,2.51200000,140.75000000,2.444
1749263432,2.51300000,94.83000000,2.444
1749263432,2.51400000,313.45000000,2.444
1749263432,2.51500000,6.52000000,2.444
1749263432,2.51600000,403.25000000,2.444
1749263432,2.51700000,170.81000000,2.444
1749263432,2.51800000,17.93000000,2.444
1749263432,2.51900000,17.22000000,2.444
1749263432,2.52000000,128.88000000,2.444
1749263432,2.52100000,3.07000000,2.444
1749263432,2.52200000,3.97000000,2.444
1749263432,2.52300000,103.24000000,2.444
1749263432,2.52400000,75.95000000,2.444
1749263432,2.52500000,391.28000000,2.444
1749263432,2.52600000,14.48000000,2.444
1749263432,2.52700000,31.12000000,2.444
1749263432,2.52800000,33.02000000,2.444
1749263432,2.52900000,93.99000000,2.444
1749263432,2.53000000,1102.42000000,2.444
1749263432,2.53100000,31.15000000,2.444
1749263432,2.53200000,6.86000000,2.444
1749263432,2.53300000,157.64000000,2.444
1749263432,2.53400000,9.17000000,2.444
1749263432,2.53500000,440.26000000,2.444
1749263432,2.53600000,49.68000000,2.444
1749263432,2.53700000,8.75000000,2.444
1749263432,2.53800000,2.45000000,2.444
1749263432,2.53900000,40.90000000,2.444
1749263432,2.54000000,226.89000000,2.444
1749263432,2.54100000,21.27000000,2.444
1749263432,2.54200000,23.21000000,2.444
1749263432,2.54300000,86.74000000,2.444
1749263432,2.54400000,4.78000000,2.444
1749263734,2.44200000,2362.09000000,2.441
1749263734,2.44300000,8205.01000000,2.441
1749263734,2.44400000,5136.28000000,2.441
1749263734,2.44500000,8966.45000000,2.441
1749263734,2.44600000,6013.98000000,2.441
1749263734,2.44700000,6067.23000000,2.441
1749263734,2.44800000,9010.80000000,2.441
1749263734,2.44900000,7825.68000000,2.441
1749263734,2.45000000,13868.24000000,2.441
1749263734,2.45100000,4482.96000000,2.441
1749263734,2.45200000,497.77000000,2.441
1749263734,2.45300000,3492.34000000,2.441
1749263734,2.45400000,35277.52000000,2.441
1749263734,2.45500000,1131.57000000,2.441
1749263734,2.45600000,1570.17000000,2.441
1749263734,2.45700000,548.16000000,2.441
1749263734,2.45800000,453.20000000,2.441
1749263734,2.45900000,1104.10000000,2.441
1749263734,2.46000000,5194.06000000,2.441
1749263734,2.46100000,6879.01000000,2.441
1749263734,2.46200000,1190.89000000,2.441
1749263734,2.46300000,533.43000000,2.441
1749263734,2.46400000,1139.97000000,2.441
1749263734,2.46500000,1101.53000000,2.441
1749263734,2.46600000,793.83000000,2.441
1749263734,2.46700000,718.66000000,2.441
1749263734,2.46800000,117.02000000,2.441
1749263734,2.46900000,451.67000000,2.441
1749263734,2.47000000,469.88000000,2.441
1749263734,2.47100000,242.80000000,2.441
1749263734,2.47200000,8.75000000,2.441
1749263734,2.47300000,539.19000000,2.441
1749263734,2.47400000,466.68000000,2.441
1749263734,2.47500000,458.51000000,2.441
1749263734,2.47600000,22.30000000,2.441
1749263734,2.47700000,627.11000000,2.441
1749263734,2.47800000,8.79000000,2.441
1749263734,2.47900000,83.88000000,2.441
1749263734,2.48000000,576.15000000,2.441
1749263734,2.48100000,53.53000000,2.441
1749263734,2.48200000,656.55000000,2.441
1749263734,2.48300000,90.53000000,2.441
1749263734,2.48400000,451.83000000,2.441
1749263734,2.48500000,19.86000000,2.441
1749263734,2.48600000,12.74000000,2.441
1749263734,2.48700000,6.57000000,2.441
1749263734,2.48800000,35.47000000,2.441
1749263734,2.48900000,10.07000000,2.441
1749263734,2.49000000,1460.27000000,2.441
1749263734,2.49100000,4.15000000,2.441
1749263734,2.49200000,26.61000000,2.441
1749263734,2.49300000,106.04000000,2.441
1749263734,2.49400000,67.31000000,2.441
1749263734,2.49500000,126.31000000,2.441
1749263734,2.49600000,37.95000000,2.441
1749263734,2.49700000,15.33000000,2.441
1749263734,2.49800000,2035.79000000,2.441
1749263734,2.49900000,4183.86000000,2.441
1749263734,2.50000000,1748.55000000,2.441
1749263734,2.50100000,181.19000000,2.441
1749263734,2.50200000,14.12000000,2.441
1749263734,2.50300000,108.65000000,2.441
1749263734,2.50400000,20.64000000,2.441
1749263734,2.50500000,960.11000000,2.441
1749263734,2.50600000,22.63000000,2.441
1749263734,2.50700000,32.07000000,2.441
1749263734,2.50800000,4.12000000,2.441
1749263734,2.50900000,12.73000000,2.441
1749263734,2.51000000,560.48000000,2.441
1749263734,2.51100000,4.11000000,2.441
1749263734,2.51200000,140.75000000,2.441
1749263734,2.51300000,94.83000000,2.441
1749263734,2.51400000,313.45000000,2.441
1749263734,2.51500000,6.52000000,2.441
1749263734,2.51600000,403.25000000,2.441
1749263734,2.51700000,170.81000000,2.441
1749263734,2.51800000,13.83000000,2.441
1749263734,2.51900000,13.12000000,2.441
1749263734,2.52000000,124.78000000,2.441
1749263734,2.52100000,3.07000000,2.441
1749263734,2.52300000,103.24000000,2.441
1749263734,2.52400000,75.95000000,2.441
1749263734,2.52500000,391.28000000,2.441
1749263734,2.52600000,14.48000000,2.441
1749263734,2.52700000,31.12000000,2.441
1749263734,2.52800000,33.02000000,2.441
1749263734,2.52900000,90.83000000,2.441
1749263734,2.53000000,1102.42000000,2.441
1749263734,2.53100000,31.15000000,2.441
1749263734,2.53200000,6.86000000,2.441
1749263734,2.53300000,157.64000000,2.441
1749263734,2.53400000,9.17000000,2.441
1749263734,2.53500000,440.26000000,2.441
1749263734,2.53600000,49.68000000,2.441
1749263734,2.53700000,8.75000000,2.441
1749263734,2.53800000,2.45000000,2.441
1749263734,2.53900000,40.90000000,2.441
1749263734,2.54000000,226.89000000,2.441
1749263734,2.54100000,21.27000000,2.441
1749263734,2.54200000,23.21000000,2.441
1749264035,2.44400000,2301.15000000,2.443
1749264035,2.44500000,6857.58000000,2.443
1749264035,2.44600000,6425.13000000,2.443
1749264035,2.44700000,6710.70000000,2.443
1749264035,2.44800000,6020.16000000,2.443
1749264035,2.44900000,9893.13000000,2.443
1749264035,2.45000000,9219.77000000,2.443
1749264035,2.45100000,3964.98000000,2.443
1749264035,2.45200000,16819.30000000,2.443
1749264035,2.45300000,19876.02000000,2.443
1749264035,2.45400000,718.47000000,2.443
1749264035,2.45500000,1227.23000000,2.443
1749264035,2.45600000,1207.89000000,2.443
1749264035,2.45700000,2279.10000000,2.443
1749264035,2.45800000,1129.36000000,2.443
1749264035,2.45900000,22705.92000000,2.443
1749264035,2.46000000,1135.62000000,2.443
1749264035,2.46100000,923.32000000,2.443
1749264035,2.46200000,1199.47000000,2.443
1749264035,2.46300000,533.43000000,2.443
1749264035,2.46400000,1139.97000000,2.443
1749264035,2.46500000,1101.53000000,2.443
1749264035,2.46600000,463.83000000,2.443
1749264035,2.46700000,4777.10000000,2.443
1749264035,2.46800000,7202.61000000,2.443
1749264035,2.46900000,454.74000000,2.443
1749264035,2.47000000,469.88000000,2.443
1749264035,2.47100000,683.80000000,2.443
1749264035,2.47200000,8.75000000,2.443
1749264035,2.47300000,534.19000000,2.443
1749264035,2.47400000,466.68000000,2.443
1749264035,2.47500000,463.51000000,2.443
1749264035,2.47600000,22.30000000,2.443
1749264035,2.47700000,627.11000000,2.443
1749264035,2.47800000,8.79000000,2.443
1749264035,2.47900000,83.88000000,2.443
1749264035,2.48000000,135.15000000,2.443
1749264035,2.48100000,53.53000000,2.443
1749264035,2.48200000,215.55000000,2.443
1749264035,2.48300000,90.53000000,2.443
1749264035,2.48400000,10.83000000,2.443
1749264035,2.48500000,19.86000000,2.443
1749264035,2.48600000,12.74000000,2.443
1749264035,2.48700000,6.57000000,2.443
1749264035,2.48800000,19.18000000,2.443
1749264035,2.48900000,10.07000000,2.443
1749264035,2.49000000,1019.27000000,2.443
1749264035,2.49100000,4.15000000,2.443
1749264035,2.49200000,26.61000000,2.443
1749264035,2.49300000,106.04000000,2.443
1749264035,2.49400000,7.18000000,2.443
1749264035,2.49500000,142.60000000,2.443
1749264035,2.49600000,37.95000000,2.443
1749264035,2.49700000,15.33000000,2.443
1749264035,2.49800000,6.57000000,2.443
1749264035,2.49900000,4183.86000000,2.443
1749264035,2.50000000,1748.55000000,2.443
1749264035,2.50100000,181.19000000,2.443
1749264035,2.50200000,14.12000000,2.443
1749264035,2.50300000,108.65000000,2.443
1749264035,2.50400000,80.53000000,2.443
1749264035,2.50500000,960.11000000,2.443
1749264035,2.50600000,22.63000000,2.443
1749264035,2.50700000,32.07000000,2.443
1749264035,2.50800000,4.12000000,2.443
1749264035,2.50900000,12.73000000,2.443
1749264035,2.51000000,560.48000000,2.443
1749264035,2.51100000,4.11000000,2.443
1749264035,2.51200000,140.75000000,2.443
1749264035,2.51300000,94.83000000,2.443
1749264035,2.51400000,313.45000000,2.443
1749264035,2.51500000,6.52000000,2.443
1749264035,2.51600000,403.25000000,2.443
1749264035,2.51700000,74.17000000,2.443
1749264035,2.51800000,17.93000000,2.443
1749264035,2.51900000,17.22000000,2.443
1749264035,2.52000000,124.78000000,2.443
1749264035,2.52100000,3.07000000,2.443
1749264035,2.52300000,103.24000000,2.443
1749264035,2.52400000,172.59000000,2.443
1749264035,2.52500000,391.28000000,2.443
1749264035,2.52600000,14.48000000,2.443
1749264035,2.52700000,31.12000000,2.443
1749264035,2.52800000,33.02000000,2.443
1749264035,2.52900000,90.83000000,2.443
1749264035,2.53000000,1102.42000000,2.443
1749264035,2.53100000,31.15000000,2.443
1749264035,2.53200000,6.86000000,2.443
1749264035,2.53300000,157.64000000,2.443
1749264035,2.53400000,9.17000000,2.443
1749264035,2.53500000,440.26000000,2.443
1749264035,2.53600000,49.68000000,2.443
1749264035,2.53700000,8.75000000,2.443
1749264035,2.53800000,2.45000000,2.443
1749264035,2.53900000,40.90000000,2.443
1749264035,2.54000000,148.17000000,2.443
1749264035,2.54100000,21.27000000,2.443
1749264035,2.54200000,23.21000000,2.443
1749264035,2.54300000,86.74000000,2.443
1749264035,2.54400000,4.78000000,2.443
1749264338,2.44200000,945.34000000,2.442
1749264338,2.44300000,6546.23000000,2.442
1749264338,2.44400000,6217.10000000,2.442
1749264338,2.44500000,4630.61000000,2.442
1749264338,2.44600000,9051.23000000,2.442
1749264338,2.44700000,7776.01000000,2.442
1749264338,2.44800000,8276.05000000,2.442
1749264338,2.44900000,4586.70000000,2.442
1749264338,2.45000000,12051.62000000,2.442
1749264338,2.45100000,7770.14000000,2.442
1749264338,2.45200000,3842.96000000,2.442
1749264338,2.45300000,17011.80000000,2.442
1749264338,2.45400000,684.36000000,2.442
1749264338,2.45500000,21385.47000000,2.442
1749264338,2.45600000,1166.12000000,2.442
1749264338,2.45700000,954.45000000,2.442
1749264338,2.45800000,1092.54000000,2.442
1749264338,2.45900000,1107.17000000,2.442
1749264338,2.46000000,1135.62000000,2.442
1749264338,2.46100000,567.49000000,2.442
1749264338,2.46200000,1199.47000000,2.442
1749264338,2.46300000,533.43000000,2.442
1749264338,2.46400000,1139.97000000,2.442
1749264338,2.46500000,1431.53000000,2.442
1749264338,2.46600000,463.83000000,2.442
1749264338,2.46700000,8835.54000000,2.442
1749264338,2.46800000,12982.59000000,2.442
1749264338,2.46900000,454.74000000,2.442
1749264338,2.47000000,469.88000000,2.442
1749264338,2.47100000,739.83000000,2.442
1749264338,2.47200000,8.75000000,2.442
1749264338,2.47300000,539.19000000,2.442
1749264338,2.47400000,466.68000000,2.442
1749264338,2.47500000,17.51000000,2.442
1749264338,2.47600000,22.30000000,2.442
1749264338,2.47700000,186.11000000,2.442
1749264338,2.47800000,8.79000000,2.442
1749264338,2.47900000,83.88000000,2.442
1749264338,2.48000000,135.15000000,2.442
1749264338,2.48100000,53.53000000,2.442
1749264338,2.48200000,215.55000000,2.442
1749264338,2.48300000,90.53000000,2.442
1749264338,2.48400000,10.83000000,2.442
1749264338,2.48500000,19.86000000,2.442
1749264338,2.48600000,12.74000000,2.442
1749264338,2.48700000,6.57000000,2.442
1749264338,2.48800000,35.47000000,2.442
1749264338,2.48900000,10.07000000,2.442
1749264338,2.49000000,1019.27000000,2.442
1749264338,2.49100000,4.15000000,2.442
1749264338,2.49200000,26.61000000,2.442
1749264338,2.49300000,106.04000000,2.442
1749264338,2.49400000,7.18000000,2.442
1749264338,2.49500000,126.31000000,2.442
1749264338,2.49600000,37.95000000,2.442
1749264338,2.49700000,15.33000000,2.442
1749264338,2.49800000,6.57000000,2.442
1749264338,2.49900000,4183.86000000,2.442
1749264338,2.50000000,1748.55000000,2.442
1749264338,2.50100000,181.19000000,2.442
1749264338,2.50200000,14.12000000,2.442
1749264338,2.50300000,108.65000000,2.442
1749264338,2.50400000,80.53000000,2.442
1749264338,2.50500000,960.11000000,2.442
1749264338,2.50600000,22.63000000,2.442
1749264338,2.50700000,32.07000000,2.442
1749264338,2.50800000,4.12000000,2.442
1749264338,2.50900000,12.73000000,2.442
1749264338,2.51000000,560.48000000,2.442
1749264338,2.51100000,4.11000000,2.442
1749264338,2.51200000,140.75000000,2.442
1749264338,2.51300000,94.83000000,2.442
1749264338,2.51400000,313.45000000,2.442
1749264338,2.51500000,6.52000000,2.442
1749264338,2.51600000,403.25000000,2.442
1749264338,2.51700000,170.81000000,2.442
1749264338,2.51800000,13.83000000,2.442
1749264338,2.51900000,13.12000000,2.442
1749264338,2.52000000,124.78000000,2.442
1749264338,2.52100000,3.07000000,2.442
1749264338,2.52300000,103.24000000,2.442
1749264338,2.52400000,75.95000000,2.442
1749264338,2.52500000,391.28000000,2.442
1749264338,2.52600000,14.48000000,2.442
1749264338,2.52700000,31.12000000,2.442
1749264338,2.52800000,33.02000000,2.442
1749264338,2.52900000,90.83000000,2.442
1749264338,2.53000000,1102.42000000,2.442
1749264338,2.53100000,31.15000000,2.442
1749264338,2.53200000,6.86000000,2.442
1749264338,2.53300000,157.64000000,2.442
1749264338,2.53400000,9.17000000,2.442
1749264338,2.53500000,440.26000000,2.442
1749264338,2.53600000,49.68000000,2.442
1749264338,2.53700000,8.75000000,2.442
1749264338,2.53800000,2.45000000,2.442
1749264338,2.53900000,40.90000000,2.442
1749264338,2.54000000,148.17000000,2.442
1749264338,2.54100000,21.27000000,2.442
1749264338,2.54200000,23.21000000,2.442
1749264639,2.44600000,5994.77000000,2.445
1749264639,2.44700000,6143.22000000,2.445
1749264639,2.44800000,6643.02000000,2.445
1749264639,2.44900000,7988.25000000,2.445
1749264639,2.45000000,6432.09000000,2.445
1749264639,2.45100000,10525.58000000,2.445
1749264639,2.45200000,8873.49000000,2.445
1749264639,2.45300000,16053.14000000,2.445
1749264639,2.45400000,755.09000000,2.445
1749264639,2.45500000,1133.70000000,2.445
1749264639,2.45600000,18829.06000000,2.445
1749264639,2.45700000,592.23000000,2.445
1749264639,2.45800000,2435.10000000,2.445
1749264639,2.45900000,1148.95000000,2.445
1749264639,2.46000000,21021.32000000,2.445
1749264639,2.46100000,773.59000000,2.445
1749264639,2.46200000,1349.20000000,2.445
1749264639,2.46300000,533.43000000,2.445
1749264639,2.46400000,1139.97000000,2.445
1749264639,2.46500000,1101.53000000,2.445
1749264639,2.46600000,463.83000000,2.445
1749264639,2.46700000,4777.10000000,2.445
1749264639,2.46800000,8901.83000000,2.445
1749264639,2.46900000,507.96000000,2.445
1749264639,2.47000000,799.88000000,2.445
1749264639,2.47100000,739.83000000,2.445
1749264639,2.47200000,8.75000000,2.445
1749264639,2.47300000,534.19000000,2.445
1749264639,2.47400000,466.68000000,2.445
1749264639,2.47500000,17.51000000,2.445
1749264639,2.47600000,27.30000000,2.445
1749264639,2.47700000,627.11000000,2.445
1749264639,2.47800000,8.79000000,2.445
1749264639,2.47900000,83.88000000,2.445
1749264639,2.48000000,576.15000000,2.445
1749264639,2.48100000,53.53000000,2.445
1749264639,2.48200000,656.55000000,2.445
1749264639,2.48300000,90.53000000,2.445
1749264639,2.48400000,451.83000000,2.445
1749264639,2.48500000,19.86000000,2.445
1749264639,2.48600000,12.74000000,2.445
1749264639,2.48700000,6.57000000,2.445
1749264639,2.48800000,19.18000000,2.445
1749264639,2.48900000,451.07000000,2.445
1749264639,2.49000000,1019.27000000,2.445
1749264639,2.49100000,4.15000000,2.445
1749264639,2.49200000,26.61000000,2.445
1749264639,2.49300000,106.04000000,2.445
1749264639,2.49400000,7.18000000,2.445
1749264639,2.49500000,142.60000000,2.445
1749264639,2.49600000,37.95000000,2.445
1749264639,2.49700000,15.33000000,2.445
1749264639,2.49800000,6.57000000,2.445
1749264639,2.49900000,4183.86000000,2.445
1749264639,2.50000000,1748.55000000,2.445
1749264639,2.50100000,181.19000000,2.445
1749264639,2.50200000,14.12000000,2.445
1749264639,2.50300000,108.65000000,2.445
1749264639,2.50400000,80.53000000,2.445
1749264639,2.50500000,960.11000000,2.445
1749264639,2.50600000,22.63000000,2.445
1749264639,2.50700000,32.07000000,2.445
1749264639,2.50800000,4.12000000,2.445
1749264639,2.50900000,12.73000000,2.445
1749264639,2.51000000,560.48000000,2.445
1749264639,2.51100000,4.11000000,2.445
1749264639,2.51200000,140.75000000,2.445
1749264639,2.51300000,94.83000000,2.445
1749264639,2.51400000,313.45000000,2.445
1749264639,2.51500000,6.52000000,2.445
1749264639,2.51600000,403.25000000,2.445
1749264639,2.51700000,170.81000000,2.445
1749264639,2.51800000,17.93000000,2.445
1749264639,2.51900000,17.22000000,2.445
1749264639,2.52000000,128.88000000,2.445
1749264639,2.52100000,7.16000000,2.445
1749264639,2.52300000,103.24000000,2.445
1749264639,2.52400000,75.95000000,2.445
1749264639,2.52500000,391.28000000,2.445
1749264639,2.52600000,14.48000000,2.445
1749264639,2.52700000,31.12000000,2.445
1749264639,2.52800000,33.02000000,2.445
1749264639,2.52900000,90.83000000,2.445
1749264639,2.53000000,1102.42000000,2.445
1749264639,2.53100000,31.15000000,2.445
1749264639,2.53200000,6.86000000,2.445
1749264639,2.53300000,157.64000000,2.445
1749264639,2.53400000,9.17000000,2.445
1749264639,2.53500000,440.26000000,2.445
1749264639,2.53600000,49.68000000,2.445
1749264639,2.53700000,8.75000000,2.445
1749264639,2.53800000,2.45000000,2.445
1749264639,2.53900000,40.90000000,2.445
1749264639,2.54000000,148.17000000,2.445
1749264639,2.54100000,21.27000000,2.445
1749264639,2.54200000,23.21000000,2.445
1749264639,2.54300000,86.74000000,2.445
1749264639,2.54400000,4.78000000,2.445
1749264639,2.54500000,715.91000000,2.445
1749264639,2.54600000,82.22000000,2.445
1749264941,2.44900000,862.68000000,2.449
1749264941,2.45000000,6723.22000000,2.449
1749264941,2.45100000,4389.86000000,2.449
1749264941,2.45200000,9225.68000000,2.449
1749264941,2.45300000,10092.92000000,2.449
1749264941,2.45400000,13236.24000000,2.449
1749264941,2.45500000,5068.97000000,2.449
1749264941,2.45600000,28207.74000000,2.449
1749264941,2.45700000,3916.69000000,2.449
1749264941,2.45800000,1131.60000000,2.449
1749264941,2.45900000,4284.51000000,2.449
1749264941,2.46000000,19437.04000000,2.449
1749264941,2.46100000,706.47000000,2.449
1749264941,2.46200000,1385.95000000,2.449
1749264941,2.46300000,1895.43000000,2.449
1749264941,2.46400000,1226.07000000,2.449
1749264941,2.46500000,2719.75000000,2.449
1749264941,2.46600000,463.83000000,2.449
1749264941,2.46700000,5413.37000000,2.449
1749264941,2.46800000,6984.57000000,2.449
1749264941,2.46900000,507.96000000,2.449
1749264941,2.47000000,472.95000000,2.449
1749264941,2.47100000,519.38000000,2.449
1749264941,2.47200000,8.75000000,2.449
1749264941,2.47300000,864.19000000,2.449
1749264941,2.47400000,466.68000000,2.449
1749264941,2.47500000,17.51000000,2.449
1749264941,2.47600000,22.30000000,2.449
1749264941,2.47700000,627.11000000,2.449
1749264941,2.47800000,8.79000000,2.449
1749264941,2.47900000,307.40000000,2.449
1749264941,2.48000000,581.15000000,2.449
1749264941,2.48100000,53.53000000,2.449
1749264941,2.48200000,656.55000000,2.449
1749264941,2.48300000,90.53000000,2.449
1749264941,2.48400000,451.83000000,2.449
1749264941,2.48500000,19.86000000,2.449
1749264941,2.48600000,12.74000000,2.449
1749264941,2.48700000,6.57000000,2.449
1749264941,2.48800000,21.40000000,2.449
1749264941,2.48900000,451.07000000,2.449
1749264941,2.49000000,1460.27000000,2.449
1749264941,2.49100000,4.15000000,2.449
1749264941,2.49200000,26.61000000,2.449
1749264941,2.49300000,547.04000000,2.449
1749264941,2.49400000,7.18000000,2.449
1749264941,2.49500000,583.60000000,2.449
1749264941,2.49600000,37.95000000,2.449
1749264941,2.49700000,15.33000000,2.449
1749264941,2.49800000,2476.79000000,2.449
1749264941,2.49900000,4183.86000000,2.449
1749264941,2.50000000,1748.55000000,2.449
1749264941,2.50100000,181.19000000,2.449
1749264941,2.50200000,14.12000000,2.449
1749264941,2.50300000,108.65000000,2.449
1749264941,2.50400000,80.53000000,2.449
1749264941,2.50500000,960.11000000,2.449
1749264941,2.50600000,22.63000000,2.449
1749264941,2.50700000,32.07000000,2.449
1749264941,2.50800000,4.12000000,2.449
1749264941,2.50900000,12.73000000,2.449
1749264941,2.51000000,560.48000000,2.449
1749264941,2.51100000,4.11000000,2.449
1749264941,2.51200000,140.75000000,2.449
1749264941,2.51300000,94.83000000,2.449
1749264941,2.51400000,313.45000000,2.449
1749264941,2.51500000,6.52000000,2.449
1749264941,2.51600000,13.51000000,2.449
1749264941,2.51700000,12.59000000,2.449
1749264941,2.51800000,17.93000000,2.449
1749264941,2.51900000,17.22000000,2.449
1749264941,2.52000000,128.88000000,2.449
1749264941,2.52100000,7.16000000,2.449
1749264941,2.52200000,4.09000000,2.449
1749264941,2.52300000,497.07000000,2.449
1749264941,2.52400000,238.26000000,2.449
1749264941,2.52500000,391.28000000,2.449
1749264941,2.52600000,14.48000000,2.449
1749264941,2.52700000,31.12000000,2.449
1749264941,2.52800000,33.02000000,2.449
1749264941,2.52900000,90.83000000,2.449
1749264941,2.53000000,1102.42000000,2.449
1749264941,2.53100000,31.15000000,2.449
1749264941,2.53200000,6.86000000,2.449
1749264941,2.53300000,157.64000000,2.449
1749264941,2.53400000,9.17000000,2.449
1749264941,2.53500000,440.26000000,2.449
1749264941,2.53600000,49.68000000,2.449
1749264941,2.53700000,8.75000000,2.449
1749264941,2.53800000,2.45000000,2.449
1749264941,2.53900000,40.90000000,2.449
1749264941,2.54000000,148.17000000,2.449
1749264941,2.54100000,21.27000000,2.449
1749264941,2.54200000,23.21000000,2.449
1749264941,2.54300000,86.74000000,2.449
1749264941,2.54400000,4.78000000,2.449
1749264941,2.54500000,613.15000000,2.449
1749264941,2.54600000,82.22000000,2.449
1749264941,2.54700000,36.23000000,2.449
1749264941,2.54800000,188.71000000,2.449
1749265242,2.45100000,5701.81000000,2.451
1749265242,2.45200000,7045.57000000,2.451
1749265242,2.45300000,7550.22000000,2.451
1749265242,2.45400000,6907.62000000,2.451
1749265242,2.45500000,4967.27000000,2.451
1749265242,2.45600000,7806.67000000,2.451
1749265242,2.45700000,13037.86000000,2.451
1749265242,2.45800000,5896.64000000,2.451
1749265242,2.45900000,11862.44000000,2.451
1749265242,2.46000000,2246.17000000,2.451
1749265242,2.46100000,3632.33000000,2.451
1749265242,2.46200000,15674.23000000,2.451
1749265242,2.46300000,1940.24000000,2.451
1749265242,2.46400000,19687.98000000,2.451
1749265242,2.46500000,1101.53000000,2.451
1749265242,2.46600000,2064.83000000,2.451
1749265242,2.46700000,3528.88000000,2.451
1749265242,2.46800000,7029.37000000,2.451
1749265242,2.46900000,507.96000000,2.451
1749265242,2.47000000,1109.22000000,2.451
1749265242,2.47100000,519.38000000,2.451
1749265242,2.47200000,11.81000000,2.451
1749265242,2.47300000,1230.52000000,2.451
1749265242,2.47400000,469.74000000,2.451
1749265242,2.47500000,400.78000000,2.451
1749265242,2.47600000,463.30000000,2.451
1749265242,2.47700000,627.11000000,2.451
1749265242,2.47800000,449.79000000,2.451
1749265242,2.47900000,307.40000000,2.451
1749265242,2.48000000,576.15000000,2.451
1749265242,2.48100000,34.16000000,2.451
1749265242,2.48200000,661.55000000,2.451
1749265242,2.48300000,90.53000000,2.451
1749265242,2.48400000,451.83000000,2.451
1749265242,2.48500000,19.86000000,2.451
1749265242,2.48600000,12.74000000,2.451
1749265242,2.48700000,6.57000000,2.451
1749265242,2.48800000,40.77000000,2.451
1749265242,2.48900000,451.07000000,2.451
1749265242,2.49000000,1019.27000000,2.451
1749265242,2.49100000,4.15000000,2.451
1749265242,2.49200000,28.82000000,2.451
1749265242,2.49300000,90.16000000,2.451
1749265242,2.49400000,7.18000000,2.451
1749265242,2.49500000,142.60000000,2.451
1749265242,2.49600000,37.95000000,2.451
1749265242,2.49700000,15.33000000,2.451
1749265242,2.49800000,4065.01000000,2.451
1749265242,2.49900000,4183.86000000,2.451
1749265242,2.50000000,1764.43000000,2.451
1749265242,2.50100000,181.19000000,2.451
1749265242,2.50200000,14.12000000,2.451
1749265242,2.50300000,108.65000000,2.451
1749265242,2.50400000,80.53000000,2.451
1749265242,2.50500000,960.11000000,2.451
1749265242,2.50600000,22.63000000,2.451
1749265242,2.50700000,32.07000000,2.451
1749265242,2.50800000,4.12000000,2.451
1749265242,2.50900000,12.73000000,2.451
1749265242,2.51000000,560.48000000,2.451
1749265242,2.51100000,4.11000000,2.451
1749265242,2.51200000,140.75000000,2.451
1749265242,2.51300000,94.83000000,2.451
1749265242,2.51400000,313.45000000,2.451
1749265242,2.51500000,6.52000000,2.451
1749265242,2.51600000,13.51000000,2.451
1749265242,2.51700000,12.59000000,2.451
1749265242,2.51800000,17.93000000,2.451
1749265242,2.51900000,17.22000000,2.451
1749265242,2.52000000,128.88000000,2.451
1749265242,2.52100000,7.16000000,2.451
1749265242,2.52200000,4.09000000,2.451
1749265242,2.52300000,497.07000000,2.451
1749265242,2.52400000,238.26000000,2.451
1749265242,2.52500000,395.37000000,2.451
1749265242,2.52600000,18.57000000,2.451
1749265242,2.52700000,31.12000000,2.451
1749265242,2.52800000,33.02000000,2.451
1749265242,2.52900000,90.83000000,2.451
1749265242,2.53000000,1102.42000000,2.451
1749265242,2.53100000,31.15000000,2.451
1749265242,2.53200000,6.86000000,2.451
1749265242,2.53300000,157.64000000,2.451
1749265242,2.53400000,9.17000000,2.451
1749265242,2.53500000,440.26000000,2.451
1749265242,2.53600000,49.68000000,2.451
1749265242,2.53700000,8.75000000,2.451
1749265242,2.53800000,2.45000000,2.451
1749265242,2.53900000,40.90000000,2.451
1749265242,2.54000000,148.17000000,2.451
1749265242,2.54100000,21.27000000,2.451
1749265242,2.54200000,23.21000000,2.451
1749265242,2.54300000,86.74000000,2.451
1749265242,2.54400000,4.78000000,2.451
1749265242,2.54500000,234.31000000,2.451
1749265242,2.54600000,82.22000000,2.451
1749265242,2.54700000,36.23000000,2.451
1749265242,2.54800000,188.71000000,2.451
1749265242,2.54900000,4.45000000,2.451
1749265242,2.55000000,1817.60000000,2.451
1749265544,2.45400000,4172.31000000,2.453
1749265544,2.45500000,6564.95000000,2.453
1749265544,2.45600000,5883.60000000,2.453
1749265544,2.45700000,8235.35000000,2.453
1749265544,2.45800000,8922.14000000,2.453
1749265544,2.45900000,7613.72000000,2.453
1749265544,2.46000000,9035.25000000,2.453
1749265544,2.46100000,13018.25000000,2.453
1749265544,2.46200000,3878.10000000,2.453
1749265544,2.46300000,614.29000000,2.453
1749265544,2.46400000,19733.51000000,2.453
1749265544,2.46500000,1146.29000000,2.453
1749265544,2.46600000,508.57000000,2.453
1749265544,2.46700000,1399.65000000,2.453
1749265544,2.46800000,4923.53000000,2.453
1749265544,2.46900000,18978.38000000,2.453
1749265544,2.47000000,2612.25000000,2.453
1749265544,2.47100000,571.91000000,2.453
1749265544,2.47200000,97.91000000,2.453
1749265544,2.47300000,1230.52000000,2.453
1749265544,2.47400000,2498.96000000,2.453
1749265544,2.47500000,8855.58000000,2.453
1749265544,2.47600000,1102.63000000,2.453
1749265544,2.47700000,630.17000000,2.453
1749265544,2.47800000,782.85000000,2.453
1749265544,2.47900000,1384.67000000,2.453
1749265544,2.48000000,576.15000000,2.453
1749265544,2.48100000,486.08000000,2.453
1749265544,2.48200000,656.55000000,2.453
1749265544,2.48300000,90.53000000,2.453
1749265544,2.48400000,451.83000000,2.453
1749265544,2.48500000,19.86000000,2.453
1749265544,2.48600000,17.74000000,2.453
1749265544,2.48700000,6.57000000,2.453
1749265544,2.48800000,40.77000000,2.453
1749265544,2.48900000,451.07000000,2.453
1749265544,2.49000000,1019.27000000,2.453
1749265544,2.49100000,4.15000000,2.453
1749265544,2.49200000,28.82000000,2.453
1749265544,2.49300000,90.16000000,2.453
1749265544,2.49400000,7.18000000,2.453
1749265544,2.49500000,126.31000000,2.453
1749265544,2.49600000,40.16000000,2.453
1749265544,2.49700000,15.33000000,2.453
1749265544,2.49800000,6.57000000,2.453
1749265544,2.49900000,4183.86000000,2.453
1749265544,2.50000000,1764.43000000,2.453
1749265544,2.50100000,181.19000000,2.453
1749265544,2.50200000,14.12000000,2.453
1749265544,2.50300000,124.94000000,2.453
1749265544,2.50400000,20.64000000,2.453
1749265544,2.50500000,960.11000000,2.453
1749265544,2.50600000,22.63000000,2.453
1749265544,2.50700000,32.07000000,2.453
1749265544,2.50800000,4.12000000,2.453
1749265544,2.50900000,12.73000000,2.453
1749265544,2.51000000,560.48000000,2.453
1749265544,2.51100000,4.11000000,2.453
1749265544,2.51200000,140.75000000,2.453
1749265544,2.51300000,94.83000000,2.453
1749265544,2.51400000,373.09000000,2.453
1749265544,2.51500000,6.52000000,2.453
1749265544,2.51600000,13.51000000,2.453
1749265544,2.51700000,12.59000000,2.453
1749265544,2.51800000,17.93000000,2.453
1749265544,2.51900000,17.22000000,2.453
1749265544,2.52000000,128.88000000,2.453
1749265544,2.52100000,7.16000000,2.453
1749265544,2.52200000,4.09000000,2.453
1749265544,2.52300000,107.33000000,2.453
1749265544,2.52400000,141.62000000,2.453
1749265544,2.52500000,395.37000000,2.453
1749265544,2.52600000,18.57000000,2.453
1749265544,2.52700000,35.20000000,2.453
1749265544,2.52800000,37.10000000,2.453
1749265544,2.52900000,94.91000000,2.453
1749265544,2.53000000,1492.16000000,2.453
1749265544,2.53100000,127.79000000,2.453
1749265544,2.53200000,6.86000000,2.453
1749265544,2.53300000,157.64000000,2.453
1749265544,2.53400000,9.17000000,2.453
1749265544,2.53500000,440.26000000,2.453
1749265544,2.53600000,49.68000000,2.453
1749265544,2.53700000,8.75000000,2.453
1749265544,2.53800000,2.45000000,2.453
1749265544,2.53900000,40.90000000,2.453
1749265544,2.54000000,148.17000000,2.453
1749265544,2.54100000,21.27000000,2.453
1749265544,2.54200000,23.21000000,2.453
1749265544,2.54300000,86.74000000,2.453
1749265544,2.54400000,4.78000000,2.453
1749265544,2.54500000,234.31000000,2.453
1749265544,2.54600000,82.22000000,2.453
1749265544,2.54700000,36.23000000,2.453
1749265544,2.54800000,188.71000000,2.453
1749265544,2.54900000,4.45000000,2.453
1749265544,2.55000000,1739.20000000,2.453
1749265544,2.55100000,2892.30000000,2.453
1749265544,2.55200000,391.75000000,2.453
1749265544,2.55300000,234.40000000,2.453
1749265845,2.45500000,1070.70000000,2.455
1749265845,2.45600000,4428.92000000,2.455
1749265845,2.45700000,6310.72000000,2.455
1749265845,2.45800000,8787.50000000,2.455
1749265845,2.45900000,7073.78000000,2.455
1749265845,2.46000000,9515.84000000,2.455
1749265845,2.46100000,3216.34000000,2.455
1749265845,2.46200000,19507.90000000,2.455
1749265845,2.46300000,854.57000000,2.455
1749265845,2.46400000,19732.90000000,2.455
1749265845,2.46500000,1148.53000000,2.455
1749265845,2.46600000,508.57000000,2.455
1749265845,2.46700000,1399.65000000,2.455
1749265845,2.46800000,2935.90000000,2.455
1749265845,2.46900000,21007.60000000,2.455
1749265845,2.47000000,2612.25000000,2.455
1749265845,2.47100000,527.71000000,2.455
1749265845,2.47200000,583.21000000,2.455
1749265845,2.47300000,1230.52000000,2.455
1749265845,2.47400000,2498.96000000,2.455
1749265845,2.47500000,6826.36000000,2.455
1749265845,2.47600000,1102.63000000,2.455
1749265845,2.47700000,630.17000000,2.455
1749265845,2.47800000,452.85000000,2.455
1749265845,2.47900000,1714.67000000,2.455
1749265845,2.48000000,576.15000000,2.455
1749265845,2.48100000,486.08000000,2.455
1749265845,2.48200000,656.55000000,2.455
1749265845,2.48300000,90.53000000,2.455
1749265845,2.48400000,451.83000000,2.455
1749265845,2.48500000,19.86000000,2.455
1749265845,2.48600000,12.74000000,2.455
1749265845,2.48700000,11.57000000,2.455
1749265845,2.48800000,40.77000000,2.455
1749265845,2.48900000,10.07000000,2.455
1749265845,2.49000000,1019.27000000,2.455
1749265845,2.49100000,4.15000000,2.455
1749265845,2.49200000,28.82000000,2.455
1749265845,2.49300000,90.16000000,2.455
1749265845,2.49400000,7.18000000,2.455
1749265845,2.49500000,126.31000000,2.455
1749265845,2.49600000,40.16000000,2.455
1749265845,2.49700000,15.33000000,2.455
1749265845,2.49800000,2035.79000000,2.455
1749265845,2.49900000,4183.86000000,2.455
1749265845,2.50000000,1764.43000000,2.455
1749265845,2.50100000,181.19000000,2.455
1749265845,2.50200000,14.12000000,2.455
1749265845,2.50300000,124.94000000,2.455
1749265845,2.50400000,20.64000000,2.455
1749265845,2.50500000,960.11000000,2.455
1749265845,2.50600000,22.63000000,2.455
1749265845,2.50700000,32.07000000,2.455
1749265845,2.50800000,4.12000000,2.455
1749265845,2.50900000,12.73000000,2.455
1749265845,2.51000000,560.48000000,2.455
1749265845,2.51100000,4.11000000,2.455
1749265845,2.51200000,140.75000000,2.455
1749265845,2.51300000,94.83000000,2.455
1749265845,2.51400000,373.09000000,2.455
1749265845,2.51500000,6.52000000,2.455
1749265845,2.51600000,13.51000000,2.455
1749265845,2.51700000,12.59000000,2.455
1749265845,2.51800000,17.93000000,2.455
1749265845,2.51900000,17.22000000,2.455
1749265845,2.52000000,128.88000000,2.455
1749265845,2.52100000,7.16000000,2.455
1749265845,2.52200000,4.09000000,2.455
1749265845,2.52300000,107.33000000,2.455
1749265845,2.52400000,141.62000000,2.455
1749265845,2.52500000,395.37000000,2.455
1749265845,2.52600000,18.57000000,2.455
1749265845,2.52700000,35.20000000,2.455
1749265845,2.52800000,37.10000000,2.455
1749265845,2.52900000,94.91000000,2.455
1749265845,2.53000000,1496.24000000,2.455
1749265845,2.53100000,127.79000000,2.455
1749265845,2.53200000,6.86000000,2.455
1749265845,2.53300000,157.64000000,2.455
1749265845,2.53400000,9.17000000,2.455
1749265845,2.53500000,440.26000000,2.455
1749265845,2.53600000,49.68000000,2.455
1749265845,2.53700000,8.75000000,2.455
1749265845,2.53800000,2.45000000,2.455
1749265845,2.53900000,40.90000000,2.455
1749265845,2.54000000,148.17000000,2.455
1749265845,2.54100000,21.27000000,2.455
1749265845,2.54200000,23.21000000,2.455
1749265845,2.54300000,86.74000000,2.455
1749265845,2.54400000,4.78000000,2.455
1749265845,2.54500000,234.31000000,2.455
1749265845,2.54600000,82.22000000,2.455
1749265845,2.54700000,36.23000000,2.455
1749265845,2.54800000,188.71000000,2.455
1749265845,2.54900000,4.45000000,2.455
1749265845,2.55000000,1739.20000000,2.455
1749265845,2.55100000,2892.30000000,2.455
1749265845,2.55200000,391.75000000,2.455
1749265845,2.55300000,234.40000000,2.455
1749265845,2.55400000,4.81000000,2.455
1749266147,2.46100000,992.72000000,2.461
1749266147,2.46200000,6590.54000000,2.461
1749266147,2.46300000,6490.09000000,2.461
1749266147,2.46400000,7661.51000000,2.461
1749266147,2.46500000,9070.42000000,2.461
1749266147,2.46600000,11930.38000000,2.461
1749266147,2.46700000,4849.58000000,2.461
1749266147,2.46800000,7391.04000000,2.461
1749266147,2.46900000,11299.91000000,2.461
1749266147,2.47000000,18777.26000000,2.461
1749266147,2.47100000,574.62000000,2.461
1749266147,2.47200000,617.42000000,2.461
1749266147,2.47300000,1215.10000000,2.461
1749266147,2.47400000,19126.45000000,2.461
1749266147,2.47500000,10264.31000000,2.461
1749266147,2.47600000,2712.69000000,2.461
1749266147,2.47700000,630.17000000,2.461
1749266147,2.47800000,497.65000000,2.461
1749266147,2.47900000,1387.73000000,2.461
1749266147,2.48000000,579.21000000,2.461
1749266147,2.48100000,489.13000000,2.461
1749266147,2.48200000,1295.87000000,2.461
1749266147,2.48300000,588.53000000,2.461
1749266147,2.48400000,451.83000000,2.461
1749266147,2.48500000,986.13000000,2.461
1749266147,2.48600000,15.15000000,2.461
1749266147,2.48700000,6.57000000,2.461
1749266147,2.48800000,21.40000000,2.461
1749266147,2.48900000,10.07000000,2.461
1749266147,2.49000000,1019.27000000,2.461
1749266147,2.49100000,4.15000000,2.461
1749266147,2.49200000,28.82000000,2.461
1749266147,2.49300000,95.16000000,2.461
1749266147,2.49400000,7.18000000,2.461
1749266147,2.49500000,145.68000000,2.461
1749266147,2.49600000,40.16000000,2.461
1749266147,2.49700000,15.33000000,2.461
1749266147,2.49800000,4065.01000000,2.461
1749266147,2.49900000,4183.86000000,2.461
1749266147,2.50000000,1750.76000000,2.461
1749266147,2.50100000,181.19000000,2.461
1749266147,2.50200000,14.12000000,2.461
1749266147,2.50300000,124.94000000,2.461
1749266147,2.50400000,20.64000000,2.461
1749266147,2.50500000,960.11000000,2.461
1749266147,2.50600000,22.63000000,2.461
1749266147,2.50700000,47.95000000,2.461
1749266147,2.50800000,4.12000000,2.461
1749266147,2.50900000,12.73000000,2.461
1749266147,2.51000000,560.48000000,2.461
1749266147,2.51100000,4.11000000,2.461
1749266147,2.51200000,140.75000000,2.461
1749266147,2.51300000,94.83000000,2.461
1749266147,2.51400000,373.09000000,2.461
1749266147,2.51500000,6.52000000,2.461
1749266147,2.51600000,13.51000000,2.461
1749266147,2.51700000,12.59000000,2.461
1749266147,2.51800000,17.93000000,2.461
1749266147,2.51900000,17.22000000,2.461
1749266147,2.52000000,128.88000000,2.461
1749266147,2.52100000,7.16000000,2.461
1749266147,2.52200000,4.09000000,2.461
1749266147,2.52300000,107.33000000,2.461
1749266147,2.52400000,80.04000000,2.461
1749266147,2.52500000,395.37000000,2.461
1749266147,2.52600000,18.57000000,2.461
1749266147,2.52700000,35.20000000,2.461
1749266147,2.52800000,37.10000000,2.461
1749266147,2.52900000,94.91000000,2.461
1749266147,2.53000000,1496.24000000,2.461
1749266147,2.53100000,96.81000000,2.461
1749266147,2.53200000,10.94000000,2.461
1749266147,2.53300000,161.71000000,2.461
1749266147,2.53400000,13.24000000,2.461
1749266147,2.53500000,447.49000000,2.461
1749266147,2.53600000,53.75000000,2.461
1749266147,2.53700000,8.75000000,2.461
1749266147,2.53800000,99.09000000,2.461
1749266147,2.53900000,40.90000000,2.461
1749266147,2.54000000,148.17000000,2.461
1749266147,2.54100000,21.27000000,2.461
1749266147,2.54200000,23.21000000,2.461
1749266147,2.54300000,86.74000000,2.461
1749266147,2.54400000,4.78000000,2.461
1749266147,2.54500000,234.31000000,2.461
1749266147,2.54600000,82.22000000,2.461
1749266147,2.54700000,36.23000000,2.461
1749266147,2.54800000,188.71000000,2.461
1749266147,2.54900000,4.45000000,2.461
1749266147,2.55000000,1739.20000000,2.461
1749266147,2.55100000,2892.30000000,2.461
1749266147,2.55200000,12.91000000,2.461
1749266147,2.55300000,234.40000000,2.461
1749266147,2.55400000,4.81000000,2.461
1749266147,2.55500000,2.19000000,2.461
1749266147,2.55600000,42.03000000,2.461
1749266147,2.55700000,14.05000000,2.461
1749266147,2.55800000,25.91000000,2.461
1749266147,2.55900000,897.59000000,2.461
1749266147,2.56000000,37.44000000,2.461
1749266449,2.45900000,2789.77000000,2.459
1749266449,2.46000000,6930.52000000,2.459
1749266449,2.46100000,5876.63000000,2.459
1749266449,2.46200000,8996.81000000,2.459
1749266449,2.46300000,10092.85000000,2.459
1749266449,2.46400000,8630.07000000,2.459
1749266449,2.46500000,7532.87000000,2.459
1749266449,2.46600000,4617.85000000,2.459
1749266449,2.46700000,1511.73000000,2.459
1749266449,2.46800000,16907.46000000,2.459
1749266449,2.46900000,17928.08000000,2.459
1749266449,2.47000000,2332.28000000,2.459
1749266449,2.47100000,572.39000000,2.459
1749266449,2.47200000,3742.09000000,2.459
1749266449,2.47300000,3392.10000000,2.459
1749266449,2.47400000,18996.43000000,2.459
1749266449,2.47500000,1926.62000000,2.459
1749266449,2.47600000,1147.73000000,2.459
1749266449,2.47700000,697.38000000,2.459
1749266449,2.47800000,538.95000000,2.459
1749266449,2.47900000,1164.21000000,2.459
1749266449,2.48000000,579.21000000,2.459
1749266449,2.48100000,5183.84000000,2.459
1749266449,2.48200000,7830.91000000,2.459
1749266449,2.48300000,921.58000000,2.459
1749266449,2.48400000,13.88000000,2.459
1749266449,2.48500000,1100.18000000,2.459
1749266449,2.48600000,15.15000000,2.459
1749266449,2.48700000,6.57000000,2.459
1749266449,2.48800000,657.67000000,2.459
1749266449,2.48900000,10.07000000,2.459
1749266449,2.49000000,1019.27000000,2.459
1749266449,2.49100000,9.15000000,2.459
1749266449,2.49200000,28.82000000,2.459
1749266449,2.49300000,90.16000000,2.459
1749266449,2.49400000,7.18000000,2.459
1749266449,2.49500000,145.68000000,2.459
1749266449,2.49600000,40.16000000,2.459
1749266449,2.49700000,15.33000000,2.459
1749266449,2.49800000,38.58000000,2.459
1749266449,2.49900000,4183.86000000,2.459
1749266449,2.50000000,1750.76000000,2.459
1749266449,2.50100000,181.19000000,2.459
1749266449,2.50200000,14.12000000,2.459
1749266449,2.50300000,124.94000000,2.459
1749266449,2.50400000,22.84000000,2.459
1749266449,2.50500000,960.11000000,2.459
1749266449,2.50600000,22.63000000,2.459
1749266449,2.50700000,47.95000000,2.459
1749266449,2.50800000,4.12000000,2.459
1749266449,2.50900000,12.73000000,2.459
1749266449,2.51000000,560.48000000,2.459
1749266449,2.51100000,4.11000000,2.459
1749266449,2.51200000,140.75000000,2.459
1749266449,2.51300000,94.83000000,2.459
1749266449,2.51400000,373.09000000,2.459
1749266449,2.51500000,6.52000000,2.459
1749266449,2.51600000,13.51000000,2.459
1749266449,2.51700000,12.59000000,2.459
1749266449,2.51800000,17.93000000,2.459
1749266449,2.51900000,17.22000000,2.459
1749266449,2.52000000,128.88000000,2.459
1749266449,2.52100000,7.16000000,2.459
1749266449,2.52200000,4.09000000,2.459
1749266449,2.52300000,107.33000000,2.459
1749266449,2.52400000,80.04000000,2.459
1749266449,2.52500000,395.37000000,2.459
1749266449,2.52600000,18.57000000,2.459
1749266449,2.52700000,35.20000000,2.459
1749266449,2.52800000,37.10000000,2.459
1749266449,2.52900000,94.91000000,2.459
1749266449,2.53000000,1106.50000000,2.459
1749266449,2.53100000,96.81000000,2.459
1749266449,2.53200000,10.94000000,2.459
1749266449,2.53300000,161.71000000,2.459
1749266449,2.53400000,13.24000000,2.459
1749266449,2.53500000,443.42000000,2.459
1749266449,2.53600000,49.68000000,2.459
1749266449,2.53700000,398.49000000,2.459
1749266449,2.53800000,99.09000000,2.459
1749266449,2.53900000,40.90000000,2.459
1749266449,2.54000000,148.17000000,2.459
1749266449,2.54100000,21.27000000,2.459
1749266449,2.54200000,23.21000000,2.459
1749266449,2.54300000,86.74000000,2.459
1749266449,2.54400000,4.78000000,2.459
1749266449,2.54500000,234.31000000,2.459
1749266449,2.54600000,82.22000000,2.459
1749266449,2.54700000,36.23000000,2.459
1749266449,2.54800000,188.71000000,2.459
1749266449,2.54900000,4.45000000,2.459
1749266449,2.55000000,1739.20000000,2.459
1749266449,2.55100000,2892.30000000,2.459
1749266449,2.55200000,12.91000000,2.459
1749266449,2.55300000,234.40000000,2.459
1749266449,2.55400000,4.81000000,2.459
1749266449,2.55500000,2.19000000,2.459
1749266449,2.55600000,42.03000000,2.459
1749266449,2.55700000,14.05000000,2.459
1749266449,2.55800000,25.91000000,2.459
1749266750,2.46500000,1706.06000000,2.465
1749266750,2.46600000,6178.36000000,2.465
1749266750,2.46700000,6415.84000000,2.465
1749266750,2.46800000,13473.80000000,2.465
1749266750,2.46900000,9838.72000000,2.465
1749266750,2.47000000,9912.95000000,2.465
1749266750,2.47100000,8048.41000000,2.465
1749266750,2.47200000,6156.25000000,2.465
1749266750,2.47300000,12315.18000000,2.465
1749266750,2.47400000,6357.55000000,2.465
1749266750,2.47500000,2788.83000000,2.465
1749266750,2.47600000,16240.38000000,2.465
1749266750,2.47700000,741.94000000,2.465
1749266750,2.47800000,1219.76000000,2.465
1749266750,2.47900000,21775.56000000,2.465
1749266750,2.48000000,582.25000000,2.465
1749266750,2.48100000,2419.03000000,2.465
1749266750,2.48200000,1485.70000000,2.465
1749266750,2.48300000,2189.12000000,2.465
1749266750,2.48400000,13.88000000,2.465
1749266750,2.48500000,1100.18000000,2.465
1749266750,2.48600000,71.47000000,2.465
1749266750,2.48700000,5141.22000000,2.465
1749266750,2.48800000,7413.24000000,2.465
1749266750,2.48900000,784.11000000,2.465
1749266750,2.49000000,1463.31000000,2.465
1749266750,2.49100000,1081.42000000,2.465
1749266750,2.49200000,28.82000000,2.465
1749266750,2.49300000,313.68000000,2.465
1749266750,2.49400000,7.18000000,2.465
1749266750,2.49500000,126.31000000,2.465
1749266750,2.49600000,40.16000000,2.465
1749266750,2.49700000,20.33000000,2.465
1749266750,2.49800000,38.58000000,2.465
1749266750,2.49900000,4183.86000000,2.465
1749266750,2.50000000,1750.76000000,2.465
1749266750,2.50100000,181.19000000,2.465
1749266750,2.50200000,14.12000000,2.465
1749266750,2.50300000,128.02000000,2.465
1749266750,2.50400000,22.84000000,2.465
1749266750,2.50500000,960.11000000,2.465
1749266750,2.50600000,22.63000000,2.465
1749266750,2.50700000,32.07000000,2.465
1749266750,2.50800000,6.32000000,2.465
1749266750,2.50900000,12.73000000,2.465
1749266750,2.51000000,576.77000000,2.465
1749266750,2.51100000,4.11000000,2.465
1749266750,2.51200000,140.75000000,2.465
1749266750,2.51300000,94.83000000,2.465
1749266750,2.51400000,329.33000000,2.465
1749266750,2.51500000,6.52000000,2.465
1749266750,2.51600000,13.51000000,2.465
1749266750,2.51700000,12.59000000,2.465
1749266750,2.51800000,17.93000000,2.465
1749266750,2.51900000,17.22000000,2.465
1749266750,2.52000000,128.88000000,2.465
1749266750,2.52100000,7.16000000,2.465
1749266750,2.52200000,4.09000000,2.465
1749266750,2.52300000,107.33000000,2.465
1749266750,2.52400000,80.04000000,2.465
1749266750,2.52500000,454.75000000,2.465
1749266750,2.52600000,18.57000000,2.465
1749266750,2.52700000,35.20000000,2.465
1749266750,2.52800000,37.10000000,2.465
1749266750,2.52900000,94.91000000,2.465
1749266750,2.53000000,1106.50000000,2.465
1749266750,2.53100000,35.23000000,2.465
1749266750,2.53200000,10.94000000,2.465
1749266750,2.53300000,161.71000000,2.465
1749266750,2.53400000,13.24000000,2.465
1749266750,2.53500000,447.49000000,2.465
1749266750,2.53600000,53.75000000,2.465
1749266750,2.53700000,402.56000000,2.465
1749266750,2.53800000,103.16000000,2.465
1749266750,2.53900000,106.54000000,2.465
1749266750,2.54000000,152.23000000,2.465
1749266750,2.54100000,21.27000000,2.465
1749266750,2.54200000,23.21000000,2.465
1749266750,2.54300000,86.74000000,2.465
1749266750,2.54400000,4.78000000,2.465
1749266750,2.54500000,234.31000000,2.465
1749266750,2.54600000,82.22000000,2.465
1749266750,2.54700000,36.23000000,2.465
1749266750,2.54800000,188.71000000,2.465
1749266750,2.54900000,4.45000000,2.465
1749266750,2.55000000,1739.20000000,2.465
1749266750,2.55100000,2892.30000000,2.465
1749266750,2.55200000,12.91000000,2.465
1749266750,2.55300000,234.40000000,2.465
1749266750,2.55400000,4.81000000,2.465
1749266750,2.55500000,2.19000000,2.465
1749266750,2.55600000,42.03000000,2.465
1749266750,2.55700000,14.05000000,2.465
1749266750,2.55800000,25.91000000,2.465
1749266750,2.55900000,415.99000000,2.465
1749266750,2.56000000,37.44000000,2.465
1749266750,2.56100000,255.70000000,2.465
1749266750,2.56200000,9.47000000,2.465
1749266750,2.56300000,183.82000000,2.465
1749266750,2.56400000,36.70000000,2.465
1749267052,2.46300000,2655.87000000,2.462
1749267052,2.46400000,4328.29000000,2.462
1749267052,2.46500000,8234.64000000,2.462
1749267052,2.46600000,8551.88000000,2.462
1749267052,2.46700000,8838.70000000,2.462
1749267052,2.46800000,11807.64000000,2.462
1749267052,2.46900000,9842.41000000,2.462
1749267052,2.47000000,5334.96000000,2.462
1749267052,2.47100000,15243.24000000,2.462
1749267052,2.47200000,2888.59000000,2.462
1749267052,2.47300000,15704.92000000,2.462
1749267052,2.47400000,2785.51000000,2.462
1749267052,2.47500000,712.25000000,2.462
1749267052,2.47600000,1714.14000000,2.462
1749267052,2.47700000,886.69000000,2.462
1749267052,2.47800000,3204.20000000,2.462
1749267052,2.47900000,21569.46000000,2.462
1749267052,2.48000000,587.25000000,2.462
1749267052,2.48100000,2419.03000000,2.462
1749267052,2.48200000,1295.87000000,2.462
1749267052,2.48300000,644.80000000,2.462
1749267052,2.48400000,13.88000000,2.462
1749267052,2.48500000,1100.18000000,2.462
1749267052,2.48600000,512.47000000,2.462
1749267052,2.48700000,7497.15000000,2.462
1749267052,2.48800000,7413.24000000,2.462
1749267052,2.48900000,13.11000000,2.462
1749267052,2.49000000,1463.31000000,2.462
1749267052,2.49100000,1081.42000000,2.462
1749267052,2.49200000,28.82000000,2.462
1749267052,2.49300000,313.68000000,2.462
1749267052,2.49400000,12.18000000,2.462
1749267052,2.49500000,126.31000000,2.462
1749267052,2.49600000,59.53000000,2.462
1749267052,2.49700000,15.33000000,2.462
1749267052,2.49800000,38.58000000,2.462
1749267052,2.49900000,4183.86000000,2.462
1749267052,2.50000000,1750.76000000,2.462
1749267052,2.50100000,181.19000000,2.462
1749267052,2.50200000,14.12000000,2.462
1749267052,2.50300000,108.65000000,2.462
1749267052,2.50400000,22.84000000,2.462
1749267052,2.50500000,960.11000000,2.462
1749267052,2.50600000,22.63000000,2.462
1749267052,2.50700000,47.95000000,2.462
1749267052,2.50800000,6.32000000,2.462
1749267052,2.50900000,12.73000000,2.462
1749267052,2.51000000,576.77000000,2.462
1749267052,2.51100000,4.11000000,2.462
1749267052,2.51200000,140.75000000,2.462
1749267052,2.51300000,94.83000000,2.462
1749267052,2.51400000,313.45000000,2.462
1749267052,2.51500000,6.52000000,2.462
1749267052,2.51600000,13.51000000,2.462
1749267052,2.51700000,12.59000000,2.462
1749267052,2.51800000,17.93000000,2.462
1749267052,2.51900000,17.22000000,2.462
1749267052,2.52000000,128.88000000,2.462
1749267052,2.52100000,7.16000000,2.462
1749267052,2.52200000,4.09000000,2.462
1749267052,2.52300000,107.33000000,2.462
1749267052,2.52400000,80.04000000,2.462
1749267052,2.52500000,454.75000000,2.462
1749267052,2.52600000,18.57000000,2.462
1749267052,2.52700000,35.20000000,2.462
1749267052,2.52800000,37.10000000,2.462
1749267052,2.52900000,94.91000000,2.462
1749267052,2.53000000,1106.50000000,2.462
1749267052,2.53100000,35.23000000,2.462
1749267052,2.53200000,10.94000000,2.462
1749267052,2.53300000,161.71000000,2.462
1749267052,2.53400000,13.24000000,2.462
1749267052,2.53500000,447.49000000,2.462
1749267052,2.53600000,53.75000000,2.462
1749267052,2.53700000,402.56000000,2.462
1749267052,2.53800000,103.16000000,2.462
1749267052,2.53900000,102.48000000,2.462
1749267052,2.54000000,148.17000000,2.462
1749267052,2.54100000,21.27000000,2.462
1749267052,2.54200000,23.21000000,2.462
1749267052,2.54300000,86.74000000,2.462
1749267052,2.54400000,4.78000000,2.462
1749267052,2.54500000,234.31000000,2.462
1749267052,2.54600000,82.22000000,2.462
1749267052,2.54700000,36.23000000,2.462
1749267052,2.54800000,188.71000000,2.462
1749267052,2.54900000,4.45000000,2.462
1749267052,2.55000000,1739.20000000,2.462
1749267052,2.55100000,2892.30000000,2.462
1749267052,2.55200000,12.91000000,2.462
1749267052,2.55300000,234.40000000,2.462
1749267052,2.55400000,4.81000000,2.462
1749267052,2.55500000,2.19000000,2.462
1749267052,2.55600000,42.03000000,2.462
1749267052,2.55700000,14.05000000,2.462
1749267052,2.55800000,25.91000000,2.462
1749267052,2.55900000,794.83000000,2.462
1749267052,2.56000000,37.44000000,2.462
1749267052,2.56100000,255.70000000,2.462
1749267052,2.56200000,9.47000000,2.462
1749267353,2.46900000,1801.91000000,2.465
1749267353,2.47000000,6318.49000000,2.465
1749267353,2.47100000,5076.33000000,2.465
1749267353,2.47200000,13381.15000000,2.465
1749267353,2.47300000,13839.99000000,2.465
1749267353,2.47400000,22563.26000000,2.465
1749267353,2.47500000,4683.18000000,2.465
1749267353,2.47600000,15834.67000000,2.465
1749267353,2.47700000,744.17000000,2.465
1749267353,2.47800000,4365.57000000,2.465
1749267353,2.47900000,19688.26000000,2.465
1749267353,2.48000000,829.81000000,2.465
1749267353,2.48100000,2460.47000000,2.465
1749267353,2.48200000,4866.12000000,2.465
1749267353,2.48300000,644.80000000,2.465
1749267353,2.48400000,13.88000000,2.465
1749267353,2.48500000,1105.18000000,2.465
1749267353,2.48600000,512.47000000,2.465
1749267353,2.48700000,3112.82000000,2.465
1749267353,2.48800000,7413.24000000,2.465
1749267353,2.48900000,454.11000000,2.465
1749267353,2.49000000,1463.31000000,2.465
1749267353,2.49100000,1081.42000000,2.465
1749267353,2.49200000,469.82000000,2.465
1749267353,2.49300000,1084.68000000,2.465
1749267353,2.49400000,7.18000000,2.465
1749267353,2.49500000,567.31000000,2.465
1749267353,2.49600000,40.16000000,2.465
1749267353,2.49700000,15.33000000,2.465
1749267353,2.49800000,2064.51000000,2.465
1749267353,2.49900000,4183.86000000,2.465
1749267353,2.50000000,1835.76000000,2.465
1749267353,2.50100000,181.19000000,2.465
1749267353,2.50200000,14.12000000,2.465
1749267353,2.50300000,108.65000000,2.465
1749267353,2.50400000,42.21000000,2.465
1749267353,2.50500000,960.11000000,2.465
1749267353,2.50600000,22.63000000,2.465
1749267353,2.50700000,32.07000000,2.465
1749267353,2.50800000,6.32000000,2.465
1749267353,2.50900000,12.73000000,2.465
1749267353,2.51000000,576.77000000,2.465
1749267353,2.51100000,4.11000000,2.465
1749267353,2.51200000,140.75000000,2.465
1749267353,2.51300000,94.83000000,2.465
1749267353,2.51400000,313.45000000,2.465
1749267353,2.51500000,22.40000000,2.465
1749267353,2.51600000,13.51000000,2.465
1749267353,2.51700000,12.59000000,2.465
1749267353,2.51800000,17.93000000,2.465
1749267353,2.51900000,17.22000000,2.465
1749267353,2.52000000,128.88000000,2.465
1749267353,2.52100000,7.16000000,2.465
1749267353,2.52200000,4.09000000,2.465
1749267353,2.52300000,107.33000000,2.465
1749267353,2.52400000,80.04000000,2.465
1749267353,2.52500000,454.75000000,2.465
1749267353,2.52600000,18.57000000,2.465
1749267353,2.52700000,35.20000000,2.465
1749267353,2.52800000,37.10000000,2.465
1749267353,2.52900000,94.91000000,2.465
1749267353,2.53000000,1106.50000000,2.465
1749267353,2.53100000,35.23000000,2.465
1749267353,2.53200000,10.94000000,2.465
1749267353,2.53300000,161.71000000,2.465
1749267353,2.53400000,13.24000000,2.465
1749267353,2.53500000,447.49000000,2.465
1749267353,2.53600000,53.75000000,2.465
1749267353,2.53700000,402.56000000,2.465
1749267353,2.53800000,103.16000000,2.465
1749267353,2.53900000,106.54000000,2.465
1749267353,2.54000000,152.23000000,2.465
1749267353,2.54100000,25.33000000,2.465
1749267353,2.54200000,27.27000000,2.465
1749267353,2.54300000,90.80000000,2.465
1749267353,2.54400000,8.84000000,2.465
1749267353,2.54500000,234.31000000,2.465
1749267353,2.54600000,82.22000000,2.465
1749267353,2.54700000,36.23000000,2.465
1749267353,2.54800000,188.71000000,2.465
1749267353,2.54900000,4.45000000,2.465
1749267353,2.55000000,1739.20000000,2.465
1749267353,2.55100000,2892.30000000,2.465
1749267353,2.55200000,12.91000000,2.465
1749267353,2.55300000,234.40000000,2.465
1749267353,2.55400000,4.81000000,2.465
1749267353,2.55500000,2.19000000,2.465
1749267353,2.55600000,42.03000000,2.465
1749267353,2.55700000,14.05000000,2.465
1749267353,2.55800000,25.91000000,2.465
1749267353,2.55900000,794.83000000,2.465
1749267353,2.56000000,37.44000000,2.465
1749267353,2.56100000,255.70000000,2.465
1749267353,2.56200000,9.47000000,2.465
1749267353,2.56300000,183.82000000,2.465
1749267353,2.56400000,36.70000000,2.465
1749267353,2.56500000,25.35000000,2.465
1749267353,2.56600000,150.42000000,2.465
1749267353,2.56800000,2.54000000,2.465
1749267353,2.56900000,37.37000000,2.465
1749267655,2.47400000,1926.94000000,2.472
1749267655,2.47500000,5610.29000000,2.472
1749267655,2.47600000,5698.40000000,2.472
1749267655,2.47700000,8212.60000000,2.472
1749267655,2.47800000,15733.38000000,2.472
1749267655,2.47900000,13969.10000000,2.472
1749267655,2.48000000,26883.24000000,2.472
1749267655,2.48100000,3293.60000000,2.472
1749267655,2.48200000,4447.08000000,2.472
1749267655,2.48300000,18898.81000000,2.472
1749267655,2.48400000,1021.00000000,2.472
1749267655,2.48500000,1227.62000000,2.472
1749267655,2.48600000,561.87000000,2.472
1749267655,2.48700000,3108.73000000,2.472
1749267655,2.48800000,8703.23000000,2.472
1749267655,2.48900000,1978.36000000,2.472
1749267655,2.49000000,1463.31000000,2.472
1749267655,2.49100000,1128.56000000,2.472
1749267655,2.49200000,472.86000000,2.472
1749267655,2.49300000,591.20000000,2.472
1749267655,2.49400000,1087.49000000,2.472
1749267655,2.49500000,567.31000000,2.472
1749267655,2.49600000,40.16000000,2.472
1749267655,2.49700000,15.33000000,2.472
1749267655,2.49800000,4382.70000000,2.472
1749267655,2.49900000,4183.86000000,2.472
1749267655,2.50000000,1830.76000000,2.472
1749267655,2.50100000,404.71000000,2.472
1749267655,2.50200000,14.12000000,2.472
1749267655,2.50300000,108.65000000,2.472
1749267655,2.50400000,42.21000000,2.472
1749267655,2.50500000,960.11000000,2.472
1749267655,2.50600000,27.63000000,2.472
1749267655,2.50700000,32.07000000,2.472
1749267655,2.50800000,6.32000000,2.472
1749267655,2.50900000,44.61000000,2.472
1749267655,2.51000000,560.48000000,2.472
1749267655,2.51100000,4.11000000,2.472
1749267655,2.51200000,142.94000000,2.472
1749267655,2.51300000,94.83000000,2.472
1749267655,2.51400000,313.45000000,2.472
1749267655,2.51500000,22.40000000,2.472
1749267655,2.51600000,13.51000000,2.472
1749267655,2.51700000,28.88000000,2.472
1749267655,2.51800000,17.93000000,2.472
1749267655,2.51900000,17.22000000,2.472
1749267655,2.52000000,128.88000000,2.472
1749267655,2.52100000,7.16000000,2.472
1749267655,2.52200000,4.09000000,2.472
1749267655,2.52300000,107.33000000,2.472
1749267655,2.52400000,80.04000000,2.472
1749267655,2.52500000,454.75000000,2.472
1749267655,2.52600000,18.57000000,2.472
1749267655,2.52700000,35.20000000,2.472
1749267655,2.52800000,37.10000000,2.472
1749267655,2.52900000,94.91000000,2.472
1749267655,2.53000000,1106.50000000,2.472
1749267655,2.53100000,35.23000000,2.472
1749267655,2.53200000,10.94000000,2.472
1749267655,2.53300000,161.71000000,2.472
1749267655,2.53400000,13.24000000,2.472
1749267655,2.53500000,447.49000000,2.472
1749267655,2.53600000,53.75000000,2.472
1749267655,2.53700000,12.82000000,2.472
1749267655,2.53800000,6.52000000,2.472
1749267655,2.53900000,106.54000000,2.472
1749267655,2.54000000,152.23000000,2.472
1749267655,2.54100000,25.33000000,2.472
1749267655,2.54200000,27.27000000,2.472
1749267655,2.54300000,90.80000000,2.472
1749267655,2.54400000,398.58000000,2.472
1749267655,2.54500000,335.01000000,2.472
1749267655,2.54600000,86.27000000,2.472
1749267655,2.54700000,40.28000000,2.472
1749267655,2.54800000,192.76000000,2.472
1749267655,2.54900000,8.50000000,2.472
1749267655,2.55000000,1739.20000000,2.472
1749267655,2.55100000,2892.30000000,2.472
1749267655,2.55200000,12.91000000,2.472
1749267655,2.55300000,234.40000000,2.472
1749267655,2.55400000,4.81000000,2.472
1749267655,2.55500000,2.19000000,2.472
1749267655,2.55600000,42.03000000,2.472
1749267655,2.55700000,14.05000000,2.472
1749267655,2.55800000,25.91000000,2.472
1749267655,2.55900000,415.99000000,2.472
1749267655,2.56000000,37.44000000,2.472
1749267655,2.56100000,255.70000000,2.472
1749267655,2.56200000,9.47000000,2.472
1749267655,2.56300000,183.82000000,2.472
1749267655,2.56400000,36.70000000,2.472
1749267655,2.56500000,25.35000000,2.472
1749267655,2.56600000,529.26000000,2.472
1749267655,2.56800000,2.54000000,2.472
1749267655,2.56900000,37.37000000,2.472
1749267655,2.57000000,147.04000000,2.472
1749267655,2.57100000,28.06000000,2.472
1749267655,2.57200000,250.05000000,2.472
