timestamp,price,volume,current_price
1749260762,0.35800000,14443.25000000,0.357
1749260762,0.35900000,63624.11000000,0.357
1749260762,0.36000000,122202.71000000,0.357
1749260762,0.36100000,32115.33000000,0.357
1749260762,0.36200000,27278.70000000,0.357
1749260762,0.36300000,44746.86000000,0.357
1749260762,0.36400000,35356.91000000,0.357
1749260762,0.36500000,30659.55000000,0.357
1749260762,0.36600000,8142.67000000,0.357
1749260762,0.36700000,6161.60000000,0.357
1749260762,0.36800000,1503.46000000,0.357
1749260762,0.36900000,1577.67000000,0.357
1749260762,0.37000000,99.68000000,0.357
1749260762,0.37100000,2178.35000000,0.357
1749260762,0.37200000,254.04000000,0.357
1749260762,0.37300000,1149.24000000,0.357
1749260762,0.37400000,624.73000000,0.357
1749260762,0.37500000,1587.24000000,0.357
1749260762,0.37600000,21.10000000,0.357
1749260762,0.37700000,43.41000000,0.357
1749260762,0.37800000,1551.08000000,0.357
1749260762,0.37900000,50.82000000,0.357
1749260762,0.38000000,2193.19000000,0.357
1749260762,0.38100000,31.65000000,0.357
1749260762,0.38200000,1510.76000000,0.357
1749260762,0.38300000,132.73000000,0.357
1749260762,0.38400000,69.11000000,0.357
1749260762,0.38500000,1498.98000000,0.357
1749260762,0.38600000,802.36000000,0.357
1749260762,0.38700000,1466.79000000,0.357
1749260762,0.38800000,64.42000000,0.357
1749260762,0.38900000,1453.40000000,0.357
1749260762,0.39000000,217.02000000,0.357
1749260762,0.39100000,181.29000000,0.357
1749260762,0.39200000,2183.07000000,0.357
1749260762,0.39300000,660.47000000,0.357
1749260762,0.39400000,2193.07000000,0.357
1749260762,0.39600000,1475.15000000,0.357
1749260762,0.39700000,172.17000000,0.357
1749260762,0.39800000,1308.88000000,0.357
1749260762,0.39900000,3202.01000000,0.357
1749260762,0.40000000,360.70000000,0.357
1749260762,0.40100000,1367.55000000,0.357
1749260762,0.40200000,22.37000000,0.357
1749260762,0.40300000,42.43000000,0.357
1749260762,0.40400000,2091.46000000,0.357
1749260762,0.40600000,1463.46000000,0.357
1749260762,0.40700000,163.52000000,0.357
1749260762,0.40800000,1386.06000000,0.357
1749260762,0.40900000,15.36000000,0.357
1749260762,0.41000000,747.03000000,0.357
1749260762,0.41100000,1510.86000000,0.357
1749260762,0.41200000,3674.68000000,0.357
1749260762,0.41300000,1339.73000000,0.357
1749260762,0.41400000,324.28000000,0.357
1749260762,0.41500000,350.00000000,0.357
1749260762,0.41600000,1517.42000000,0.357
1749260762,0.41700000,645.06000000,0.357
1749260762,0.41800000,1415.27000000,0.357
1749260762,0.41900000,13.37000000,0.357
1749260762,0.42000000,1104.16000000,0.357
1749260762,0.42100000,1305.39000000,0.357
1749260762,0.42200000,41.17000000,0.357
1749260762,0.42300000,1478.46000000,0.357
1749260762,0.42400000,58.96000000,0.357
1749260762,0.42500000,617.89000000,0.357
1749260762,0.42600000,1289.96000000,0.357
1749260762,0.42700000,61.65000000,0.357
1749260762,0.42800000,14.32000000,0.357
1749260762,0.42900000,1570.04000000,0.357
1749260762,0.43000000,209.78000000,0.357
1749260762,0.43100000,1286.24000000,0.357
1749260762,0.43200000,1669.25000000,0.357
1749260762,0.43300000,123.94000000,0.357
1749260762,0.43400000,1320.48000000,0.357
1749260762,0.43500000,62.83000000,0.357
1749260762,0.43600000,1458.91000000,0.357
1749260762,0.43700000,125.09000000,0.357
1749260762,0.43800000,113.11000000,0.357
1749260762,0.43900000,1869.39000000,0.357
1749260762,0.44000000,639.47000000,0.357
1749260762,0.44100000,86.21000000,0.357
1749260762,0.44200000,1257.26000000,0.357
1749260762,0.44300000,5298.29000000,0.357
1749260762,0.44400000,1234.51000000,0.357
1749260762,0.44500000,4435.20000000,0.357
1749260762,0.44700000,2454.02000000,0.357
1749260762,0.44800000,53.01000000,0.357
1749260762,0.44900000,82.41000000,0.357
1749260762,0.45000000,1962.52000000,0.357
1749260762,0.45100000,1098.44000000,0.357
1749260762,0.45200000,2045.23000000,0.357
1749260762,0.45300000,87.93000000,0.357
1749260762,0.45400000,69.01000000,0.357
1749260762,0.45500000,3843.74000000,0.357
1749260762,0.45600000,354.90000000,0.357
1749260762,0.45700000,206.84000000,0.357
1749260762,0.45800000,699.12000000,0.357
1749260762,0.45900000,39.00000000,0.357
1749260762,0.46000000,56.50000000,0.357
1749261082,0.35800000,9911.14000000,0.358
1749261082,0.35900000,50116.01000000,0.358
1749261082,0.36000000,121981.52000000,0.358
1749261082,0.36100000,30873.22000000,0.358
1749261082,0.36200000,24468.69000000,0.358
1749261082,0.36300000,26037.50000000,0.358
1749261082,0.36400000,54428.84000000,0.358
1749261082,0.36500000,30125.92000000,0.358
1749261082,0.36600000,4812.67000000,0.358
1749261082,0.36700000,2831.60000000,0.358
1749261082,0.36800000,1503.46000000,0.358
1749261082,0.36900000,1577.67000000,0.358
1749261082,0.37000000,99.68000000,0.358
1749261082,0.37100000,2178.35000000,0.358
1749261082,0.37200000,254.04000000,0.358
1749261082,0.37300000,1149.24000000,0.358
1749261082,0.37400000,624.73000000,0.358
1749261082,0.37500000,1587.24000000,0.358
1749261082,0.37600000,21.10000000,0.358
1749261082,0.37700000,43.41000000,0.358
1749261082,0.37800000,1551.08000000,0.358
1749261082,0.37900000,50.82000000,0.358
1749261082,0.38000000,2193.19000000,0.358
1749261082,0.38100000,31.65000000,0.358
1749261082,0.38200000,1510.76000000,0.358
1749261082,0.38300000,132.73000000,0.358
1749261082,0.38400000,69.11000000,0.358
1749261082,0.38500000,1498.98000000,0.358
1749261082,0.38600000,802.36000000,0.358
1749261082,0.38700000,1466.79000000,0.358
1749261082,0.38800000,64.42000000,0.358
1749261082,0.38900000,1453.40000000,0.358
1749261082,0.39000000,217.02000000,0.358
1749261082,0.39100000,181.29000000,0.358
1749261082,0.39200000,2183.07000000,0.358
1749261082,0.39300000,660.47000000,0.358
1749261082,0.39400000,2193.07000000,0.358
1749261082,0.39600000,1475.15000000,0.358
1749261082,0.39700000,172.17000000,0.358
1749261082,0.39800000,1308.88000000,0.358
1749261082,0.39900000,3202.01000000,0.358
1749261082,0.40000000,360.70000000,0.358
1749261082,0.40100000,1367.55000000,0.358
1749261082,0.40200000,22.37000000,0.358
1749261082,0.40300000,42.43000000,0.358
1749261082,0.40400000,2091.46000000,0.358
1749261082,0.40600000,1463.46000000,0.358
1749261082,0.40700000,163.52000000,0.358
1749261082,0.40800000,1386.06000000,0.358
1749261082,0.40900000,15.36000000,0.358
1749261082,0.41000000,747.03000000,0.358
1749261082,0.41100000,1510.86000000,0.358
1749261082,0.41200000,3674.68000000,0.358
1749261082,0.41300000,1339.73000000,0.358
1749261082,0.41400000,324.28000000,0.358
1749261082,0.41500000,350.00000000,0.358
1749261082,0.41600000,1517.42000000,0.358
1749261082,0.41700000,645.06000000,0.358
1749261082,0.41800000,1415.27000000,0.358
1749261082,0.41900000,13.37000000,0.358
1749261082,0.42000000,1104.16000000,0.358
1749261082,0.42100000,1305.39000000,0.358
1749261082,0.42200000,41.17000000,0.358
1749261082,0.42300000,1478.46000000,0.358
1749261082,0.42400000,58.96000000,0.358
1749261082,0.42500000,617.89000000,0.358
1749261082,0.42600000,1289.96000000,0.358
1749261082,0.42700000,61.65000000,0.358
1749261082,0.42800000,14.32000000,0.358
1749261082,0.42900000,1570.04000000,0.358
1749261082,0.43000000,209.78000000,0.358
1749261082,0.43100000,1286.24000000,0.358
1749261082,0.43200000,1669.25000000,0.358
1749261082,0.43300000,123.94000000,0.358
1749261082,0.43400000,1320.48000000,0.358
1749261082,0.43500000,62.83000000,0.358
1749261082,0.43600000,1458.91000000,0.358
1749261082,0.43700000,125.09000000,0.358
1749261082,0.43800000,113.11000000,0.358
1749261082,0.43900000,1869.39000000,0.358
1749261082,0.44000000,639.47000000,0.358
1749261082,0.44100000,86.21000000,0.358
1749261082,0.44200000,1257.26000000,0.358
1749261082,0.44300000,5298.29000000,0.358
1749261082,0.44400000,1234.51000000,0.358
1749261082,0.44500000,4435.20000000,0.358
1749261082,0.44700000,2454.02000000,0.358
1749261082,0.44800000,53.01000000,0.358
1749261082,0.44900000,82.41000000,0.358
1749261082,0.45000000,1962.52000000,0.358
1749261082,0.45100000,1098.44000000,0.358
1749261082,0.45200000,2045.23000000,0.358
1749261082,0.45300000,87.93000000,0.358
1749261082,0.45400000,69.01000000,0.358
1749261082,0.45500000,3843.74000000,0.358
1749261082,0.45600000,354.90000000,0.358
1749261082,0.45700000,206.84000000,0.358
1749261082,0.45800000,699.12000000,0.358
1749261082,0.45900000,39.00000000,0.358
1749261082,0.46000000,56.50000000,0.358
1749261396,0.35800000,7749.80000000,0.358
1749261396,0.35900000,50125.13000000,0.358
1749261396,0.36000000,121972.98000000,0.358
1749261396,0.36100000,30873.22000000,0.358
1749261396,0.36200000,24468.69000000,0.358
1749261396,0.36300000,26037.50000000,0.358
1749261396,0.36400000,54428.84000000,0.358
1749261396,0.36500000,22729.42000000,0.358
1749261396,0.36600000,26023.51000000,0.358
1749261396,0.36700000,2831.60000000,0.358
1749261396,0.36800000,1503.46000000,0.358
1749261396,0.36900000,1577.67000000,0.358
1749261396,0.37000000,1451.03000000,0.358
1749261396,0.37100000,2178.35000000,0.358
1749261396,0.37200000,254.04000000,0.358
1749261396,0.37300000,1149.24000000,0.358
1749261396,0.37400000,624.73000000,0.358
1749261396,0.37500000,1587.24000000,0.358
1749261396,0.37600000,21.10000000,0.358
1749261396,0.37700000,43.41000000,0.358
1749261396,0.37800000,1551.08000000,0.358
1749261396,0.37900000,50.82000000,0.358
1749261396,0.38000000,2193.19000000,0.358
1749261396,0.38100000,31.65000000,0.358
1749261396,0.38200000,1510.76000000,0.358
1749261396,0.38300000,132.73000000,0.358
1749261396,0.38400000,69.11000000,0.358
1749261396,0.38500000,1498.98000000,0.358
1749261396,0.38600000,802.36000000,0.358
1749261396,0.38700000,1466.79000000,0.358
1749261396,0.38800000,64.42000000,0.358
1749261396,0.38900000,1453.40000000,0.358
1749261396,0.39000000,217.02000000,0.358
1749261396,0.39100000,181.29000000,0.358
1749261396,0.39200000,2183.07000000,0.358
1749261396,0.39300000,660.47000000,0.358
1749261396,0.39400000,2193.07000000,0.358
1749261396,0.39600000,1475.15000000,0.358
1749261396,0.39700000,172.17000000,0.358
1749261396,0.39800000,1308.88000000,0.358
1749261396,0.39900000,3202.01000000,0.358
1749261396,0.40000000,360.70000000,0.358
1749261396,0.40100000,1367.55000000,0.358
1749261396,0.40200000,22.37000000,0.358
1749261396,0.40300000,42.43000000,0.358
1749261396,0.40400000,2091.46000000,0.358
1749261396,0.40600000,1463.46000000,0.358
1749261396,0.40700000,163.52000000,0.358
1749261396,0.40800000,1386.06000000,0.358
1749261396,0.40900000,15.36000000,0.358
1749261396,0.41000000,747.03000000,0.358
1749261396,0.41100000,1510.86000000,0.358
1749261396,0.41200000,3674.68000000,0.358
1749261396,0.41300000,1339.73000000,0.358
1749261396,0.41400000,324.28000000,0.358
1749261396,0.41500000,350.00000000,0.358
1749261396,0.41600000,1517.42000000,0.358
1749261396,0.41700000,645.06000000,0.358
1749261396,0.41800000,1415.27000000,0.358
1749261396,0.41900000,13.37000000,0.358
1749261396,0.42000000,1104.16000000,0.358
1749261396,0.42100000,1305.39000000,0.358
1749261396,0.42200000,41.17000000,0.358
1749261396,0.42300000,1478.46000000,0.358
1749261396,0.42400000,58.96000000,0.358
1749261396,0.42500000,617.89000000,0.358
1749261396,0.42600000,1289.96000000,0.358
1749261396,0.42700000,61.65000000,0.358
1749261396,0.42800000,14.32000000,0.358
1749261396,0.42900000,1570.04000000,0.358
1749261396,0.43000000,209.78000000,0.358
1749261396,0.43100000,1286.24000000,0.358
1749261396,0.43200000,1669.25000000,0.358
1749261396,0.43300000,123.94000000,0.358
1749261396,0.43400000,1320.48000000,0.358
1749261396,0.43500000,62.83000000,0.358
1749261396,0.43600000,1458.91000000,0.358
1749261396,0.43700000,125.09000000,0.358
1749261396,0.43800000,113.11000000,0.358
1749261396,0.43900000,1869.39000000,0.358
1749261396,0.44000000,639.47000000,0.358
1749261396,0.44100000,86.21000000,0.358
1749261396,0.44200000,1257.26000000,0.358
1749261396,0.44300000,5298.29000000,0.358
1749261396,0.44400000,1234.51000000,0.358
1749261396,0.44500000,4435.20000000,0.358
1749261396,0.44700000,2454.02000000,0.358
1749261396,0.44800000,53.01000000,0.358
1749261396,0.44900000,82.41000000,0.358
1749261396,0.45000000,1962.52000000,0.358
1749261396,0.45100000,1098.44000000,0.358
1749261396,0.45200000,2045.23000000,0.358
1749261396,0.45300000,87.93000000,0.358
1749261396,0.45400000,69.01000000,0.358
1749261396,0.45500000,3843.74000000,0.358
1749261396,0.45600000,354.90000000,0.358
1749261396,0.45700000,206.84000000,0.358
1749261396,0.45800000,699.12000000,0.358
1749261396,0.45900000,39.00000000,0.358
1749261396,0.46000000,56.50000000,0.358
1749261708,0.35800000,14710.47000000,0.357
1749261708,0.35900000,62951.95000000,0.357
1749261708,0.36000000,109202.16000000,0.357
1749261708,0.36100000,30873.22000000,0.357
1749261708,0.36200000,25564.29000000,0.357
1749261708,0.36300000,46813.22000000,0.357
1749261708,0.36400000,35356.91000000,0.357
1749261708,0.36500000,27329.55000000,0.357
1749261708,0.36600000,4812.67000000,0.357
1749261708,0.36700000,2831.60000000,0.357
1749261708,0.36800000,1503.46000000,0.357
1749261708,0.36900000,1577.67000000,0.357
1749261708,0.37000000,1451.03000000,0.357
1749261708,0.37100000,2178.35000000,0.357
1749261708,0.37200000,254.04000000,0.357
1749261708,0.37300000,1149.24000000,0.357
1749261708,0.37400000,624.73000000,0.357
1749261708,0.37500000,1587.24000000,0.357
1749261708,0.37600000,21.10000000,0.357
1749261708,0.37700000,43.41000000,0.357
1749261708,0.37800000,1551.08000000,0.357
1749261708,0.37900000,50.82000000,0.357
1749261708,0.38000000,2193.19000000,0.357
1749261708,0.38100000,31.65000000,0.357
1749261708,0.38200000,1510.76000000,0.357
1749261708,0.38300000,132.73000000,0.357
1749261708,0.38400000,69.11000000,0.357
1749261708,0.38500000,1498.98000000,0.357
1749261708,0.38600000,802.36000000,0.357
1749261708,0.38700000,1466.79000000,0.357
1749261708,0.38800000,64.42000000,0.357
1749261708,0.38900000,1453.40000000,0.357
1749261708,0.39000000,217.02000000,0.357
1749261708,0.39100000,181.29000000,0.357
1749261708,0.39200000,2183.07000000,0.357
1749261708,0.39300000,660.47000000,0.357
1749261708,0.39400000,2193.07000000,0.357
1749261708,0.39600000,1475.15000000,0.357
1749261708,0.39700000,172.17000000,0.357
1749261708,0.39800000,1308.88000000,0.357
1749261708,0.39900000,3202.01000000,0.357
1749261708,0.40000000,360.70000000,0.357
1749261708,0.40100000,1367.55000000,0.357
1749261708,0.40200000,22.37000000,0.357
1749261708,0.40300000,42.43000000,0.357
1749261708,0.40400000,2091.46000000,0.357
1749261708,0.40600000,1463.46000000,0.357
1749261708,0.40700000,163.52000000,0.357
1749261708,0.40800000,1386.06000000,0.357
1749261708,0.40900000,15.36000000,0.357
1749261708,0.41000000,747.03000000,0.357
1749261708,0.41100000,1510.86000000,0.357
1749261708,0.41200000,3674.68000000,0.357
1749261708,0.41300000,1339.73000000,0.357
1749261708,0.41400000,324.28000000,0.357
1749261708,0.41500000,350.00000000,0.357
1749261708,0.41600000,1517.42000000,0.357
1749261708,0.41700000,645.06000000,0.357
1749261708,0.41800000,1415.27000000,0.357
1749261708,0.41900000,13.37000000,0.357
1749261708,0.42000000,1104.16000000,0.357
1749261708,0.42100000,1305.39000000,0.357
1749261708,0.42200000,41.17000000,0.357
1749261708,0.42300000,1478.46000000,0.357
1749261708,0.42400000,58.96000000,0.357
1749261708,0.42500000,617.89000000,0.357
1749261708,0.42600000,1289.96000000,0.357
1749261708,0.42700000,61.65000000,0.357
1749261708,0.42800000,14.32000000,0.357
1749261708,0.42900000,1570.04000000,0.357
1749261708,0.43000000,209.78000000,0.357
1749261708,0.43100000,1286.24000000,0.357
1749261708,0.43200000,1669.25000000,0.357
1749261708,0.43300000,123.94000000,0.357
1749261708,0.43400000,1320.48000000,0.357
1749261708,0.43500000,62.83000000,0.357
1749261708,0.43600000,1458.91000000,0.357
1749261708,0.43700000,125.09000000,0.357
1749261708,0.43800000,113.11000000,0.357
1749261708,0.43900000,1869.39000000,0.357
1749261708,0.44000000,639.47000000,0.357
1749261708,0.44100000,86.21000000,0.357
1749261708,0.44200000,1257.26000000,0.357
1749261708,0.44300000,5298.29000000,0.357
1749261708,0.44400000,1234.51000000,0.357
1749261708,0.44500000,4435.20000000,0.357
1749261708,0.44700000,2454.02000000,0.357
1749261708,0.44800000,53.01000000,0.357
1749261708,0.44900000,82.41000000,0.357
1749261708,0.45000000,1962.52000000,0.357
1749261708,0.45100000,1098.44000000,0.357
1749261708,0.45200000,2045.23000000,0.357
1749261708,0.45300000,87.93000000,0.357
1749261708,0.45400000,69.01000000,0.357
1749261708,0.45500000,3843.74000000,0.357
1749261708,0.45600000,354.90000000,0.357
1749261708,0.45700000,206.84000000,0.357
1749261708,0.45800000,699.12000000,0.357
1749261708,0.45900000,39.00000000,0.357
1749261708,0.46000000,56.50000000,0.357
1749262010,0.35800000,14682.30000000,0.358
1749262010,0.35900000,62950.94000000,0.358
1749262010,0.36000000,109202.16000000,0.358
1749262010,0.36100000,30873.22000000,0.358
1749262010,0.36200000,25564.29000000,0.358
1749262010,0.36300000,24944.92000000,0.358
1749262010,0.36400000,54428.84000000,0.358
1749262010,0.36500000,30125.92000000,0.358
1749262010,0.36600000,4812.67000000,0.358
1749262010,0.36700000,2831.60000000,0.358
1749262010,0.36800000,1503.46000000,0.358
1749262010,0.36900000,1577.67000000,0.358
1749262010,0.37000000,1451.03000000,0.358
1749262010,0.37100000,2178.35000000,0.358
1749262010,0.37200000,254.04000000,0.358
1749262010,0.37300000,1149.24000000,0.358
1749262010,0.37400000,624.73000000,0.358
1749262010,0.37500000,1587.24000000,0.358
1749262010,0.37600000,21.10000000,0.358
1749262010,0.37700000,43.41000000,0.358
1749262010,0.37800000,1551.08000000,0.358
1749262010,0.37900000,50.82000000,0.358
1749262010,0.38000000,2193.19000000,0.358
1749262010,0.38100000,31.65000000,0.358
1749262010,0.38200000,1510.76000000,0.358
1749262010,0.38300000,132.73000000,0.358
1749262010,0.38400000,69.11000000,0.358
1749262010,0.38500000,1498.98000000,0.358
1749262010,0.38600000,802.36000000,0.358
1749262010,0.38700000,1466.79000000,0.358
1749262010,0.38800000,64.42000000,0.358
1749262010,0.38900000,1453.40000000,0.358
1749262010,0.39000000,217.02000000,0.358
1749262010,0.39100000,181.29000000,0.358
1749262010,0.39200000,2183.07000000,0.358
1749262010,0.39300000,660.47000000,0.358
1749262010,0.39400000,2193.07000000,0.358
1749262010,0.39600000,1475.15000000,0.358
1749262010,0.39700000,172.17000000,0.358
1749262010,0.39800000,1308.88000000,0.358
1749262010,0.39900000,3202.01000000,0.358
1749262010,0.40000000,360.70000000,0.358
1749262010,0.40100000,1367.55000000,0.358
1749262010,0.40200000,22.37000000,0.358
1749262010,0.40300000,42.43000000,0.358
1749262010,0.40400000,2091.46000000,0.358
1749262010,0.40600000,1463.46000000,0.358
1749262010,0.40700000,163.52000000,0.358
1749262010,0.40800000,1386.06000000,0.358
1749262010,0.40900000,15.36000000,0.358
1749262010,0.41000000,747.03000000,0.358
1749262010,0.41100000,1510.86000000,0.358
1749262010,0.41200000,3674.68000000,0.358
1749262010,0.41300000,1339.73000000,0.358
1749262010,0.41400000,324.28000000,0.358
1749262010,0.41500000,350.00000000,0.358
1749262010,0.41600000,1517.42000000,0.358
1749262010,0.41700000,645.06000000,0.358
1749262010,0.41800000,1415.27000000,0.358
1749262010,0.41900000,13.37000000,0.358
1749262010,0.42000000,1104.16000000,0.358
1749262010,0.42100000,1305.39000000,0.358
1749262010,0.42200000,41.17000000,0.358
1749262010,0.42300000,1478.46000000,0.358
1749262010,0.42400000,58.96000000,0.358
1749262010,0.42500000,617.89000000,0.358
1749262010,0.42600000,1289.96000000,0.358
1749262010,0.42700000,61.65000000,0.358
1749262010,0.42800000,14.32000000,0.358
1749262010,0.42900000,1570.04000000,0.358
1749262010,0.43000000,209.78000000,0.358
1749262010,0.43100000,1286.24000000,0.358
1749262010,0.43200000,1669.25000000,0.358
1749262010,0.43300000,123.94000000,0.358
1749262010,0.43400000,1320.48000000,0.358
1749262010,0.43500000,62.83000000,0.358
1749262010,0.43600000,1458.91000000,0.358
1749262010,0.43700000,125.09000000,0.358
1749262010,0.43800000,113.11000000,0.358
1749262010,0.43900000,1869.39000000,0.358
1749262010,0.44000000,639.47000000,0.358
1749262010,0.44100000,86.21000000,0.358
1749262010,0.44200000,1257.26000000,0.358
1749262010,0.44300000,5298.29000000,0.358
1749262010,0.44400000,1234.51000000,0.358
1749262010,0.44500000,4435.20000000,0.358
1749262010,0.44700000,2454.02000000,0.358
1749262010,0.44800000,53.01000000,0.358
1749262010,0.44900000,82.41000000,0.358
1749262010,0.45000000,1962.52000000,0.358
1749262010,0.45100000,1098.44000000,0.358
1749262010,0.45200000,2045.23000000,0.358
1749262010,0.45300000,87.93000000,0.358
1749262010,0.45400000,69.01000000,0.358
1749262010,0.45500000,3843.74000000,0.358
1749262010,0.45600000,354.90000000,0.358
1749262010,0.45700000,206.84000000,0.358
1749262010,0.45800000,699.12000000,0.358
1749262010,0.45900000,39.00000000,0.358
1749262010,0.46000000,56.50000000,0.358
1749262312,0.35900000,43948.04000000,0.359
1749262312,0.36000000,117073.82000000,0.359
1749262312,0.36100000,31823.61000000,0.359
1749262312,0.36200000,35505.47000000,0.359
1749262312,0.36300000,24944.92000000,0.359
1749262312,0.36400000,51098.84000000,0.359
1749262312,0.36500000,21102.09000000,0.359
1749262312,0.36600000,27650.31000000,0.359
1749262312,0.36700000,2831.60000000,0.359
1749262312,0.36800000,1503.46000000,0.359
1749262312,0.36900000,1577.67000000,0.359
1749262312,0.37000000,99.68000000,0.359
1749262312,0.37100000,2178.35000000,0.359
1749262312,0.37200000,254.04000000,0.359
1749262312,0.37300000,1149.24000000,0.359
1749262312,0.37400000,624.73000000,0.359
1749262312,0.37500000,1587.24000000,0.359
1749262312,0.37600000,21.10000000,0.359
1749262312,0.37700000,43.41000000,0.359
1749262312,0.37800000,1551.08000000,0.359
1749262312,0.37900000,50.82000000,0.359
1749262312,0.38000000,2193.19000000,0.359
1749262312,0.38100000,31.65000000,0.359
1749262312,0.38200000,1510.76000000,0.359
1749262312,0.38300000,132.73000000,0.359
1749262312,0.38400000,69.11000000,0.359
1749262312,0.38500000,1498.98000000,0.359
1749262312,0.38600000,802.36000000,0.359
1749262312,0.38700000,1466.79000000,0.359
1749262312,0.38800000,64.42000000,0.359
1749262312,0.38900000,1453.40000000,0.359
1749262312,0.39000000,217.02000000,0.359
1749262312,0.39100000,181.29000000,0.359
1749262312,0.39200000,2183.07000000,0.359
1749262312,0.39300000,660.47000000,0.359
1749262312,0.39400000,2193.07000000,0.359
1749262312,0.39600000,1475.15000000,0.359
1749262312,0.39700000,172.17000000,0.359
1749262312,0.39800000,1308.88000000,0.359
1749262312,0.39900000,3202.01000000,0.359
1749262312,0.40000000,360.70000000,0.359
1749262312,0.40100000,1367.55000000,0.359
1749262312,0.40200000,22.37000000,0.359
1749262312,0.40300000,42.43000000,0.359
1749262312,0.40400000,2091.46000000,0.359
1749262312,0.40600000,1463.46000000,0.359
1749262312,0.40700000,163.52000000,0.359
1749262312,0.40800000,1386.06000000,0.359
1749262312,0.40900000,15.36000000,0.359
1749262312,0.41000000,747.03000000,0.359
1749262312,0.41100000,1510.86000000,0.359
1749262312,0.41200000,3674.68000000,0.359
1749262312,0.41300000,1339.73000000,0.359
1749262312,0.41400000,324.28000000,0.359
1749262312,0.41500000,350.00000000,0.359
1749262312,0.41600000,1517.42000000,0.359
1749262312,0.41700000,645.06000000,0.359
1749262312,0.41800000,1415.27000000,0.359
1749262312,0.41900000,13.37000000,0.359
1749262312,0.42000000,1104.16000000,0.359
1749262312,0.42100000,1305.39000000,0.359
1749262312,0.42200000,41.17000000,0.359
1749262312,0.42300000,1478.46000000,0.359
1749262312,0.42400000,58.96000000,0.359
1749262312,0.42500000,617.89000000,0.359
1749262312,0.42600000,1289.96000000,0.359
1749262312,0.42700000,61.65000000,0.359
1749262312,0.42800000,14.32000000,0.359
1749262312,0.42900000,1570.04000000,0.359
1749262312,0.43000000,209.78000000,0.359
1749262312,0.43100000,1286.24000000,0.359
1749262312,0.43200000,1669.25000000,0.359
1749262312,0.43300000,123.94000000,0.359
1749262312,0.43400000,1320.48000000,0.359
1749262312,0.43500000,62.83000000,0.359
1749262312,0.43600000,1458.91000000,0.359
1749262312,0.43700000,125.09000000,0.359
1749262312,0.43800000,113.11000000,0.359
1749262312,0.43900000,1869.39000000,0.359
1749262312,0.44000000,639.47000000,0.359
1749262312,0.44100000,86.21000000,0.359
1749262312,0.44200000,1257.26000000,0.359
1749262312,0.44300000,5298.29000000,0.359
1749262312,0.44400000,1234.51000000,0.359
1749262312,0.44500000,4435.20000000,0.359
1749262312,0.44700000,2454.02000000,0.359
1749262312,0.44800000,53.01000000,0.359
1749262312,0.44900000,82.41000000,0.359
1749262312,0.45000000,1962.52000000,0.359
1749262312,0.45100000,1098.44000000,0.359
1749262312,0.45200000,2045.23000000,0.359
1749262312,0.45300000,87.93000000,0.359
1749262312,0.45400000,69.01000000,0.359
1749262312,0.45500000,3843.74000000,0.359
1749262312,0.45600000,354.90000000,0.359
1749262312,0.45700000,206.84000000,0.359
1749262312,0.45800000,699.12000000,0.359
1749262312,0.45900000,39.00000000,0.359
1749262312,0.46000000,56.50000000,0.359
1749262312,0.46200000,14.32000000,0.359
1749262613,0.35900000,5047.83000000,0.359
1749262613,0.36000000,80039.47000000,0.359
1749262613,0.36100000,107557.56000000,0.359
1749262613,0.36200000,35047.83000000,0.359
1749262613,0.36300000,23264.60000000,0.359
1749262613,0.36400000,22300.74000000,0.359
1749262613,0.36500000,41800.82000000,0.359
1749262613,0.36600000,42595.18000000,0.359
1749262613,0.36700000,5889.78000000,0.359
1749262613,0.36800000,1503.46000000,0.359
1749262613,0.36900000,1577.67000000,0.359
1749262613,0.37000000,99.68000000,0.359
1749262613,0.37100000,2178.35000000,0.359
1749262613,0.37200000,254.04000000,0.359
1749262613,0.37300000,1149.24000000,0.359
1749262613,0.37400000,624.73000000,0.359
1749262613,0.37500000,1587.24000000,0.359
1749262613,0.37600000,21.10000000,0.359
1749262613,0.37700000,43.41000000,0.359
1749262613,0.37800000,1551.08000000,0.359
1749262613,0.37900000,50.82000000,0.359
1749262613,0.38000000,2193.19000000,0.359
1749262613,0.38100000,31.65000000,0.359
1749262613,0.38200000,1510.76000000,0.359
1749262613,0.38300000,132.73000000,0.359
1749262613,0.38400000,69.11000000,0.359
1749262613,0.38500000,1498.98000000,0.359
1749262613,0.38600000,802.36000000,0.359
1749262613,0.38700000,1466.79000000,0.359
1749262613,0.38800000,64.42000000,0.359
1749262613,0.38900000,1453.40000000,0.359
1749262613,0.39000000,217.02000000,0.359
1749262613,0.39100000,181.29000000,0.359
1749262613,0.39200000,2183.07000000,0.359
1749262613,0.39300000,660.47000000,0.359
1749262613,0.39400000,2193.07000000,0.359
1749262613,0.39600000,1475.15000000,0.359
1749262613,0.39700000,172.17000000,0.359
1749262613,0.39800000,1308.88000000,0.359
1749262613,0.39900000,3202.01000000,0.359
1749262613,0.40000000,360.70000000,0.359
1749262613,0.40100000,1367.55000000,0.359
1749262613,0.40200000,22.37000000,0.359
1749262613,0.40300000,42.43000000,0.359
1749262613,0.40400000,2091.46000000,0.359
1749262613,0.40600000,1463.46000000,0.359
1749262613,0.40700000,163.52000000,0.359
1749262613,0.40800000,1386.06000000,0.359
1749262613,0.40900000,15.36000000,0.359
1749262613,0.41000000,747.03000000,0.359
1749262613,0.41100000,1510.86000000,0.359
1749262613,0.41200000,3674.68000000,0.359
1749262613,0.41300000,1339.73000000,0.359
1749262613,0.41400000,324.28000000,0.359
1749262613,0.41500000,350.00000000,0.359
1749262613,0.41600000,1517.42000000,0.359
1749262613,0.41700000,645.06000000,0.359
1749262613,0.41800000,1415.27000000,0.359
1749262613,0.41900000,13.37000000,0.359
1749262613,0.42000000,1104.16000000,0.359
1749262613,0.42100000,1305.39000000,0.359
1749262613,0.42200000,41.17000000,0.359
1749262613,0.42300000,1478.46000000,0.359
1749262613,0.42400000,58.96000000,0.359
1749262613,0.42500000,617.89000000,0.359
1749262613,0.42600000,1289.96000000,0.359
1749262613,0.42700000,61.65000000,0.359
1749262613,0.42800000,14.32000000,0.359
1749262613,0.42900000,1570.04000000,0.359
1749262613,0.43000000,209.78000000,0.359
1749262613,0.43100000,1286.24000000,0.359
1749262613,0.43200000,1669.25000000,0.359
1749262613,0.43300000,123.94000000,0.359
1749262613,0.43400000,1320.48000000,0.359
1749262613,0.43500000,62.83000000,0.359
1749262613,0.43600000,1458.91000000,0.359
1749262613,0.43700000,125.09000000,0.359
1749262613,0.43800000,113.11000000,0.359
1749262613,0.43900000,1869.39000000,0.359
1749262613,0.44000000,639.47000000,0.359
1749262613,0.44100000,86.21000000,0.359
1749262613,0.44200000,1257.26000000,0.359
1749262613,0.44300000,5298.29000000,0.359
1749262613,0.44400000,1234.51000000,0.359
1749262613,0.44500000,4435.20000000,0.359
1749262613,0.44700000,2454.02000000,0.359
1749262613,0.44800000,53.01000000,0.359
1749262613,0.44900000,82.41000000,0.359
1749262613,0.45000000,1962.52000000,0.359
1749262613,0.45100000,1098.44000000,0.359
1749262613,0.45200000,2045.23000000,0.359
1749262613,0.45300000,87.93000000,0.359
1749262613,0.45400000,69.01000000,0.359
1749262613,0.45500000,3843.74000000,0.359
1749262613,0.45600000,354.90000000,0.359
1749262613,0.45700000,206.84000000,0.359
1749262613,0.45800000,699.12000000,0.359
1749262613,0.45900000,39.00000000,0.359
1749262613,0.46000000,56.50000000,0.359
1749262613,0.46200000,14.32000000,0.359
1749262915,0.35900000,12636.37000000,0.359
1749262915,0.36000000,78326.68000000,0.359
1749262915,0.36100000,108791.38000000,0.359
1749262915,0.36200000,34084.44000000,0.359
1749262915,0.36300000,23264.60000000,0.359
1749262915,0.36400000,22300.74000000,0.359
1749262915,0.36500000,41800.82000000,0.359
1749262915,0.36600000,28819.88000000,0.359
1749262915,0.36700000,5889.78000000,0.359
1749262915,0.36800000,1503.46000000,0.359
1749262915,0.36900000,1577.67000000,0.359
1749262915,0.37000000,99.68000000,0.359
1749262915,0.37100000,2178.35000000,0.359
1749262915,0.37200000,254.04000000,0.359
1749262915,0.37300000,1149.24000000,0.359
1749262915,0.37400000,624.73000000,0.359
1749262915,0.37500000,1587.24000000,0.359
1749262915,0.37600000,21.10000000,0.359
1749262915,0.37700000,43.41000000,0.359
1749262915,0.37800000,1551.08000000,0.359
1749262915,0.37900000,50.82000000,0.359
1749262915,0.38000000,2193.19000000,0.359
1749262915,0.38100000,31.65000000,0.359
1749262915,0.38200000,1510.76000000,0.359
1749262915,0.38300000,132.73000000,0.359
1749262915,0.38400000,69.11000000,0.359
1749262915,0.38500000,1498.98000000,0.359
1749262915,0.38600000,802.36000000,0.359
1749262915,0.38700000,1466.79000000,0.359
1749262915,0.38800000,64.42000000,0.359
1749262915,0.38900000,1453.40000000,0.359
1749262915,0.39000000,217.02000000,0.359
1749262915,0.39100000,181.29000000,0.359
1749262915,0.39200000,2183.07000000,0.359
1749262915,0.39300000,660.47000000,0.359
1749262915,0.39400000,2193.07000000,0.359
1749262915,0.39600000,1475.15000000,0.359
1749262915,0.39700000,172.17000000,0.359
1749262915,0.39800000,1308.88000000,0.359
1749262915,0.39900000,3202.01000000,0.359
1749262915,0.40000000,360.70000000,0.359
1749262915,0.40100000,1367.55000000,0.359
1749262915,0.40200000,22.37000000,0.359
1749262915,0.40300000,42.43000000,0.359
1749262915,0.40400000,2091.46000000,0.359
1749262915,0.40600000,1463.46000000,0.359
1749262915,0.40700000,163.52000000,0.359
1749262915,0.40800000,1386.06000000,0.359
1749262915,0.40900000,15.36000000,0.359
1749262915,0.41000000,747.03000000,0.359
1749262915,0.41100000,1510.86000000,0.359
1749262915,0.41200000,3674.68000000,0.359
1749262915,0.41300000,1339.73000000,0.359
1749262915,0.41400000,324.28000000,0.359
1749262915,0.41500000,350.00000000,0.359
1749262915,0.41600000,1517.42000000,0.359
1749262915,0.41700000,645.06000000,0.359
1749262915,0.41800000,1415.27000000,0.359
1749262915,0.41900000,13.37000000,0.359
1749262915,0.42000000,1104.16000000,0.359
1749262915,0.42100000,1305.39000000,0.359
1749262915,0.42200000,41.17000000,0.359
1749262915,0.42300000,1478.46000000,0.359
1749262915,0.42400000,58.96000000,0.359
1749262915,0.42500000,617.89000000,0.359
1749262915,0.42600000,1289.96000000,0.359
1749262915,0.42700000,61.65000000,0.359
1749262915,0.42800000,14.32000000,0.359
1749262915,0.42900000,1570.04000000,0.359
1749262915,0.43000000,209.78000000,0.359
1749262915,0.43100000,1286.24000000,0.359
1749262915,0.43200000,1669.25000000,0.359
1749262915,0.43300000,123.94000000,0.359
1749262915,0.43400000,1320.48000000,0.359
1749262915,0.43500000,62.83000000,0.359
1749262915,0.43600000,1458.91000000,0.359
1749262915,0.43700000,125.09000000,0.359
1749262915,0.43800000,113.11000000,0.359
1749262915,0.43900000,1869.39000000,0.359
1749262915,0.44000000,639.47000000,0.359
1749262915,0.44100000,86.21000000,0.359
1749262915,0.44200000,1257.26000000,0.359
1749262915,0.44300000,5298.29000000,0.359
1749262915,0.44400000,1234.51000000,0.359
1749262915,0.44500000,4435.20000000,0.359
1749262915,0.44700000,2454.02000000,0.359
1749262915,0.44800000,53.01000000,0.359
1749262915,0.44900000,82.41000000,0.359
1749262915,0.45000000,1962.52000000,0.359
1749262915,0.45100000,1098.44000000,0.359
1749262915,0.45200000,2045.23000000,0.359
1749262915,0.45300000,87.93000000,0.359
1749262915,0.45400000,69.01000000,0.359
1749262915,0.45500000,3843.74000000,0.359
1749262915,0.45600000,354.90000000,0.359
1749262915,0.45700000,206.84000000,0.359
1749262915,0.45800000,699.12000000,0.359
1749262915,0.45900000,39.00000000,0.359
1749262915,0.46000000,56.50000000,0.359
1749262915,0.46200000,14.32000000,0.359
1749263217,0.35900000,8461.38000000,0.359
1749263217,0.36000000,80809.10000000,0.359
1749263217,0.36100000,111579.25000000,0.359
1749263217,0.36200000,36084.44000000,0.359
1749263217,0.36300000,23264.60000000,0.359
1749263217,0.36400000,22300.74000000,0.359
1749263217,0.36500000,41800.82000000,0.359
1749263217,0.36600000,42595.69000000,0.359
1749263217,0.36700000,5889.78000000,0.359
1749263217,0.36800000,1503.46000000,0.359
1749263217,0.36900000,1577.67000000,0.359
1749263217,0.37000000,99.68000000,0.359
1749263217,0.37100000,2178.35000000,0.359
1749263217,0.37200000,254.04000000,0.359
1749263217,0.37300000,1149.24000000,0.359
1749263217,0.37400000,624.73000000,0.359
1749263217,0.37500000,1587.24000000,0.359
1749263217,0.37600000,21.10000000,0.359
1749263217,0.37700000,43.41000000,0.359
1749263217,0.37800000,1551.08000000,0.359
1749263217,0.37900000,50.82000000,0.359
1749263217,0.38000000,2193.19000000,0.359
1749263217,0.38100000,31.65000000,0.359
1749263217,0.38200000,1510.76000000,0.359
1749263217,0.38300000,132.73000000,0.359
1749263217,0.38400000,69.11000000,0.359
1749263217,0.38500000,1498.98000000,0.359
1749263217,0.38600000,802.36000000,0.359
1749263217,0.38700000,1466.79000000,0.359
1749263217,0.38800000,64.42000000,0.359
1749263217,0.38900000,1453.40000000,0.359
1749263217,0.39000000,217.02000000,0.359
1749263217,0.39100000,181.29000000,0.359
1749263217,0.39200000,2183.07000000,0.359
1749263217,0.39300000,660.47000000,0.359
1749263217,0.39400000,2193.07000000,0.359
1749263217,0.39600000,1475.15000000,0.359
1749263217,0.39700000,172.17000000,0.359
1749263217,0.39800000,1308.88000000,0.359
1749263217,0.39900000,3202.01000000,0.359
1749263217,0.40000000,360.70000000,0.359
1749263217,0.40100000,1367.55000000,0.359
1749263217,0.40200000,22.37000000,0.359
1749263217,0.40300000,42.43000000,0.359
1749263217,0.40400000,2091.46000000,0.359
1749263217,0.40600000,1463.46000000,0.359
1749263217,0.40700000,163.52000000,0.359
1749263217,0.40800000,1386.06000000,0.359
1749263217,0.40900000,15.36000000,0.359
1749263217,0.41000000,747.03000000,0.359
1749263217,0.41100000,1510.86000000,0.359
1749263217,0.41200000,3674.68000000,0.359
1749263217,0.41300000,1339.73000000,0.359
1749263217,0.41400000,324.28000000,0.359
1749263217,0.41500000,350.00000000,0.359
1749263217,0.41600000,1517.42000000,0.359
1749263217,0.41700000,645.06000000,0.359
1749263217,0.41800000,1415.27000000,0.359
1749263217,0.41900000,13.37000000,0.359
1749263217,0.42000000,1104.16000000,0.359
1749263217,0.42100000,1305.39000000,0.359
1749263217,0.42200000,41.17000000,0.359
1749263217,0.42300000,1478.46000000,0.359
1749263217,0.42400000,58.96000000,0.359
1749263217,0.42500000,617.89000000,0.359
1749263217,0.42600000,1289.96000000,0.359
1749263217,0.42700000,61.65000000,0.359
1749263217,0.42800000,14.32000000,0.359
1749263217,0.42900000,1570.04000000,0.359
1749263217,0.43000000,209.78000000,0.359
1749263217,0.43100000,1286.24000000,0.359
1749263217,0.43200000,1669.25000000,0.359
1749263217,0.43300000,123.94000000,0.359
1749263217,0.43400000,1320.48000000,0.359
1749263217,0.43500000,62.83000000,0.359
1749263217,0.43600000,1458.91000000,0.359
1749263217,0.43700000,125.09000000,0.359
1749263217,0.43800000,113.11000000,0.359
1749263217,0.43900000,1869.39000000,0.359
1749263217,0.44000000,639.47000000,0.359
1749263217,0.44100000,86.21000000,0.359
1749263217,0.44200000,1257.26000000,0.359
1749263217,0.44300000,5298.29000000,0.359
1749263217,0.44400000,1234.51000000,0.359
1749263217,0.44500000,4435.20000000,0.359
1749263217,0.44700000,2454.02000000,0.359
1749263217,0.44800000,53.01000000,0.359
1749263217,0.44900000,82.41000000,0.359
1749263217,0.45000000,1962.52000000,0.359
1749263217,0.45100000,1098.44000000,0.359
1749263217,0.45200000,2045.23000000,0.359
1749263217,0.45300000,87.93000000,0.359
1749263217,0.45400000,69.01000000,0.359
1749263217,0.45500000,3843.74000000,0.359
1749263217,0.45600000,354.90000000,0.359
1749263217,0.45700000,206.84000000,0.359
1749263217,0.45800000,699.12000000,0.359
1749263217,0.45900000,39.00000000,0.359
1749263217,0.46000000,56.50000000,0.359
1749263217,0.46200000,14.32000000,0.359
1749263519,0.35900000,11538.68000000,0.358
1749263519,0.36000000,72952.34000000,0.358
1749263519,0.36100000,107948.22000000,0.358
1749263519,0.36200000,33061.10000000,0.358
1749263519,0.36300000,21515.60000000,0.358
1749263519,0.36400000,45936.85000000,0.358
1749263519,0.36500000,22728.89000000,0.358
1749263519,0.36600000,26023.51000000,0.358
1749263519,0.36700000,5889.78000000,0.358
1749263519,0.36800000,1503.46000000,0.358
1749263519,0.36900000,1577.67000000,0.358
1749263519,0.37000000,99.68000000,0.358
1749263519,0.37100000,2178.35000000,0.358
1749263519,0.37200000,254.04000000,0.358
1749263519,0.37300000,1149.24000000,0.358
1749263519,0.37400000,624.73000000,0.358
1749263519,0.37500000,1587.24000000,0.358
1749263519,0.37600000,21.10000000,0.358
1749263519,0.37700000,43.41000000,0.358
1749263519,0.37800000,1551.08000000,0.358
1749263519,0.37900000,50.82000000,0.358
1749263519,0.38000000,2193.19000000,0.358
1749263519,0.38100000,31.65000000,0.358
1749263519,0.38200000,1510.76000000,0.358
1749263519,0.38300000,132.73000000,0.358
1749263519,0.38400000,69.11000000,0.358
1749263519,0.38500000,1498.98000000,0.358
1749263519,0.38600000,802.36000000,0.358
1749263519,0.38700000,1466.79000000,0.358
1749263519,0.38800000,64.42000000,0.358
1749263519,0.38900000,1453.40000000,0.358
1749263519,0.39000000,188.78000000,0.358
1749263519,0.39100000,181.29000000,0.358
1749263519,0.39200000,2183.07000000,0.358
1749263519,0.39300000,660.47000000,0.358
1749263519,0.39400000,2193.07000000,0.358
1749263519,0.39600000,1475.15000000,0.358
1749263519,0.39700000,172.17000000,0.358
1749263519,0.39800000,1308.88000000,0.358
1749263519,0.39900000,3202.01000000,0.358
1749263519,0.40000000,360.70000000,0.358
1749263519,0.40100000,1367.55000000,0.358
1749263519,0.40200000,22.37000000,0.358
1749263519,0.40300000,42.43000000,0.358
1749263519,0.40400000,2091.46000000,0.358
1749263519,0.40600000,1463.46000000,0.358
1749263519,0.40700000,163.52000000,0.358
1749263519,0.40800000,1386.06000000,0.358
1749263519,0.40900000,15.36000000,0.358
1749263519,0.41000000,747.03000000,0.358
1749263519,0.41100000,1510.86000000,0.358
1749263519,0.41200000,3674.68000000,0.358
1749263519,0.41300000,1339.73000000,0.358
1749263519,0.41400000,324.28000000,0.358
1749263519,0.41500000,350.00000000,0.358
1749263519,0.41600000,1517.42000000,0.358
1749263519,0.41700000,645.06000000,0.358
1749263519,0.41800000,1415.27000000,0.358
1749263519,0.41900000,13.37000000,0.358
1749263519,0.42000000,1104.16000000,0.358
1749263519,0.42100000,1305.39000000,0.358
1749263519,0.42200000,41.17000000,0.358
1749263519,0.42300000,1478.46000000,0.358
1749263519,0.42400000,58.96000000,0.358
1749263519,0.42500000,617.89000000,0.358
1749263519,0.42600000,1289.96000000,0.358
1749263519,0.42700000,61.65000000,0.358
1749263519,0.42800000,14.32000000,0.358
1749263519,0.42900000,1570.04000000,0.358
1749263519,0.43000000,209.78000000,0.358
1749263519,0.43100000,1286.24000000,0.358
1749263519,0.43200000,1669.25000000,0.358
1749263519,0.43300000,123.94000000,0.358
1749263519,0.43400000,1320.48000000,0.358
1749263519,0.43500000,62.83000000,0.358
1749263519,0.43600000,1458.91000000,0.358
1749263519,0.43700000,125.09000000,0.358
1749263519,0.43800000,113.11000000,0.358
1749263519,0.43900000,1869.39000000,0.358
1749263519,0.44000000,639.47000000,0.358
1749263519,0.44100000,86.21000000,0.358
1749263519,0.44200000,1257.26000000,0.358
1749263519,0.44300000,5298.29000000,0.358
1749263519,0.44400000,1234.51000000,0.358
1749263519,0.44500000,4435.20000000,0.358
1749263519,0.44700000,2454.02000000,0.358
1749263519,0.44800000,53.01000000,0.358
1749263519,0.44900000,82.41000000,0.358
1749263519,0.45000000,1962.52000000,0.358
1749263519,0.45100000,1098.44000000,0.358
1749263519,0.45200000,2045.23000000,0.358
1749263519,0.45300000,87.93000000,0.358
1749263519,0.45400000,69.01000000,0.358
1749263519,0.45500000,3843.74000000,0.358
1749263519,0.45600000,354.90000000,0.358
1749263519,0.45700000,206.84000000,0.358
1749263519,0.45800000,699.12000000,0.358
1749263519,0.45900000,39.00000000,0.358
1749263519,0.46000000,56.50000000,0.358
1749263519,0.46200000,14.32000000,0.358
1749263824,0.35900000,4811.51000000,0.359
1749263824,0.36000000,84797.28000000,0.359
1749263824,0.36100000,95201.67000000,0.359
1749263824,0.36200000,33061.10000000,0.359
1749263824,0.36300000,21499.07000000,0.359
1749263824,0.36400000,24068.55000000,0.359
1749263824,0.36500000,41781.64000000,0.359
1749263824,0.36600000,42553.33000000,0.359
1749263824,0.36700000,5889.78000000,0.359
1749263824,0.36800000,1481.72000000,0.359
1749263824,0.36900000,1577.67000000,0.359
1749263824,0.37000000,72.65000000,0.359
1749263824,0.37100000,2178.35000000,0.359
1749263824,0.37200000,232.53000000,0.359
1749263824,0.37300000,1127.79000000,0.359
1749263824,0.37400000,624.73000000,0.359
1749263824,0.37500000,1560.57000000,0.359
1749263824,0.37600000,21.10000000,0.359
1749263824,0.37700000,43.41000000,0.359
1749263824,0.37800000,1551.08000000,0.359
1749263824,0.37900000,50.82000000,0.359
1749263824,0.38000000,2193.19000000,0.359
1749263824,0.38100000,31.65000000,0.359
1749263824,0.38200000,1510.76000000,0.359
1749263824,0.38300000,132.73000000,0.359
1749263824,0.38400000,69.11000000,0.359
1749263824,0.38500000,1498.98000000,0.359
1749263824,0.38600000,802.36000000,0.359
1749263824,0.38700000,1466.79000000,0.359
1749263824,0.38800000,64.42000000,0.359
1749263824,0.38900000,1453.40000000,0.359
1749263824,0.39000000,188.78000000,0.359
1749263824,0.39100000,181.29000000,0.359
1749263824,0.39200000,2183.07000000,0.359
1749263824,0.39300000,660.47000000,0.359
1749263824,0.39400000,2193.07000000,0.359
1749263824,0.39600000,1475.15000000,0.359
1749263824,0.39700000,172.17000000,0.359
1749263824,0.39800000,1308.88000000,0.359
1749263824,0.39900000,3202.01000000,0.359
1749263824,0.40000000,360.70000000,0.359
1749263824,0.40100000,1367.55000000,0.359
1749263824,0.40200000,22.37000000,0.359
1749263824,0.40300000,42.43000000,0.359
1749263824,0.40400000,2091.46000000,0.359
1749263824,0.40600000,1463.46000000,0.359
1749263824,0.40700000,163.52000000,0.359
1749263824,0.40800000,1386.06000000,0.359
1749263824,0.40900000,15.36000000,0.359
1749263824,0.41000000,747.03000000,0.359
1749263824,0.41100000,1510.86000000,0.359
1749263824,0.41200000,3674.68000000,0.359
1749263824,0.41300000,1339.73000000,0.359
1749263824,0.41400000,324.28000000,0.359
1749263824,0.41500000,350.00000000,0.359
1749263824,0.41600000,1517.42000000,0.359
1749263824,0.41700000,645.06000000,0.359
1749263824,0.41800000,1415.27000000,0.359
1749263824,0.41900000,13.37000000,0.359
1749263824,0.42000000,1104.16000000,0.359
1749263824,0.42100000,1305.39000000,0.359
1749263824,0.42200000,41.17000000,0.359
1749263824,0.42300000,1478.46000000,0.359
1749263824,0.42400000,58.96000000,0.359
1749263824,0.42500000,617.89000000,0.359
1749263824,0.42600000,1289.96000000,0.359
1749263824,0.42700000,61.65000000,0.359
1749263824,0.42800000,14.32000000,0.359
1749263824,0.42900000,1570.04000000,0.359
1749263824,0.43000000,209.78000000,0.359
1749263824,0.43100000,1286.24000000,0.359
1749263824,0.43200000,1669.25000000,0.359
1749263824,0.43300000,123.94000000,0.359
1749263824,0.43400000,1320.48000000,0.359
1749263824,0.43500000,62.83000000,0.359
1749263824,0.43600000,1458.91000000,0.359
1749263824,0.43700000,125.09000000,0.359
1749263824,0.43800000,113.11000000,0.359
1749263824,0.43900000,1869.39000000,0.359
1749263824,0.44000000,639.47000000,0.359
1749263824,0.44100000,86.21000000,0.359
1749263824,0.44200000,1257.26000000,0.359
1749263824,0.44300000,5298.29000000,0.359
1749263824,0.44400000,1234.51000000,0.359
1749263824,0.44500000,4435.20000000,0.359
1749263824,0.44700000,2454.02000000,0.359
1749263824,0.44800000,53.01000000,0.359
1749263824,0.44900000,82.41000000,0.359
1749263824,0.45000000,1962.52000000,0.359
1749263824,0.45100000,1098.44000000,0.359
1749263824,0.45200000,2045.23000000,0.359
1749263824,0.45300000,87.93000000,0.359
1749263824,0.45400000,69.01000000,0.359
1749263824,0.45500000,3843.74000000,0.359
1749263824,0.45600000,354.90000000,0.359
1749263824,0.45700000,206.84000000,0.359
1749263824,0.45800000,699.12000000,0.359
1749263824,0.45900000,39.00000000,0.359
1749263824,0.46000000,56.50000000,0.359
1749263824,0.46200000,14.32000000,0.359
1749264127,0.35900000,11254.86000000,0.359
1749264127,0.36000000,87818.87000000,0.359
1749264127,0.36100000,100348.41000000,0.359
1749264127,0.36200000,34373.31000000,0.359
1749264127,0.36300000,21499.07000000,0.359
1749264127,0.36400000,24068.55000000,0.359
1749264127,0.36500000,41781.64000000,0.359
1749264127,0.36600000,28778.89000000,0.359
1749264127,0.36700000,5889.78000000,0.359
1749264127,0.36800000,88.97000000,0.359
1749264127,0.36900000,1577.67000000,0.359
1749264127,0.37000000,72.65000000,0.359
1749264127,0.37100000,2178.35000000,0.359
1749264127,0.37200000,232.53000000,0.359
1749264127,0.37300000,1127.79000000,0.359
1749264127,0.37400000,624.73000000,0.359
1749264127,0.37500000,1560.57000000,0.359
1749264127,0.37600000,21.10000000,0.359
1749264127,0.37700000,43.41000000,0.359
1749264127,0.37800000,1551.08000000,0.359
1749264127,0.37900000,50.82000000,0.359
1749264127,0.38000000,2193.19000000,0.359
1749264127,0.38100000,31.65000000,0.359
1749264127,0.38200000,1510.76000000,0.359
1749264127,0.38300000,132.73000000,0.359
1749264127,0.38400000,69.11000000,0.359
1749264127,0.38500000,1498.98000000,0.359
1749264127,0.38600000,802.36000000,0.359
1749264127,0.38700000,1466.79000000,0.359
1749264127,0.38800000,64.42000000,0.359
1749264127,0.38900000,1453.40000000,0.359
1749264127,0.39000000,188.78000000,0.359
1749264127,0.39100000,181.29000000,0.359
1749264127,0.39200000,2183.07000000,0.359
1749264127,0.39300000,660.47000000,0.359
1749264127,0.39400000,2193.07000000,0.359
1749264127,0.39600000,1475.15000000,0.359
1749264127,0.39700000,172.17000000,0.359
1749264127,0.39800000,1308.88000000,0.359
1749264127,0.39900000,3202.01000000,0.359
1749264127,0.40000000,360.70000000,0.359
1749264127,0.40100000,1367.55000000,0.359
1749264127,0.40200000,22.37000000,0.359
1749264127,0.40300000,42.43000000,0.359
1749264127,0.40400000,2091.46000000,0.359
1749264127,0.40600000,1463.46000000,0.359
1749264127,0.40700000,163.52000000,0.359
1749264127,0.40800000,1386.06000000,0.359
1749264127,0.40900000,15.36000000,0.359
1749264127,0.41000000,747.03000000,0.359
1749264127,0.41100000,1510.86000000,0.359
1749264127,0.41200000,3674.68000000,0.359
1749264127,0.41300000,1339.73000000,0.359
1749264127,0.41400000,324.28000000,0.359
1749264127,0.41500000,350.00000000,0.359
1749264127,0.41600000,1517.42000000,0.359
1749264127,0.41700000,645.06000000,0.359
1749264127,0.41800000,1415.27000000,0.359
1749264127,0.41900000,13.37000000,0.359
1749264127,0.42000000,1104.16000000,0.359
1749264127,0.42100000,1305.39000000,0.359
1749264127,0.42200000,41.17000000,0.359
1749264127,0.42300000,1478.46000000,0.359
1749264127,0.42400000,58.96000000,0.359
1749264127,0.42500000,617.89000000,0.359
1749264127,0.42600000,1289.96000000,0.359
1749264127,0.42700000,61.65000000,0.359
1749264127,0.42800000,14.32000000,0.359
1749264127,0.42900000,1570.04000000,0.359
1749264127,0.43000000,209.78000000,0.359
1749264127,0.43100000,1286.24000000,0.359
1749264127,0.43200000,1669.25000000,0.359
1749264127,0.43300000,123.94000000,0.359
1749264127,0.43400000,1320.48000000,0.359
1749264127,0.43500000,62.83000000,0.359
1749264127,0.43600000,1458.91000000,0.359
1749264127,0.43700000,125.09000000,0.359
1749264127,0.43800000,113.11000000,0.359
1749264127,0.43900000,1869.39000000,0.359
1749264127,0.44000000,639.47000000,0.359
1749264127,0.44100000,86.21000000,0.359
1749264127,0.44200000,1257.26000000,0.359
1749264127,0.44300000,5298.29000000,0.359
1749264127,0.44400000,1234.51000000,0.359
1749264127,0.44500000,4435.20000000,0.359
1749264127,0.44700000,2454.02000000,0.359
1749264127,0.44800000,53.01000000,0.359
1749264127,0.44900000,82.41000000,0.359
1749264127,0.45000000,1962.52000000,0.359
1749264127,0.45100000,1098.44000000,0.359
1749264127,0.45200000,2045.23000000,0.359
1749264127,0.45300000,87.93000000,0.359
1749264127,0.45400000,69.01000000,0.359
1749264127,0.45500000,3843.74000000,0.359
1749264127,0.45600000,354.90000000,0.359
1749264127,0.45700000,206.84000000,0.359
1749264127,0.45800000,699.12000000,0.359
1749264127,0.45900000,39.00000000,0.359
1749264127,0.46000000,56.50000000,0.359
1749264127,0.46200000,14.32000000,0.359
1749264433,0.35900000,13402.15000000,0.359
1749264433,0.36000000,88939.18000000,0.359
1749264433,0.36100000,98957.59000000,0.359
1749264433,0.36200000,34373.31000000,0.359
1749264433,0.36300000,21499.07000000,0.359
1749264433,0.36400000,24068.55000000,0.359
1749264433,0.36500000,41781.64000000,0.359
1749264433,0.36600000,28778.89000000,0.359
1749264433,0.36700000,5889.78000000,0.359
1749264433,0.36800000,88.97000000,0.359
1749264433,0.36900000,1577.67000000,0.359
1749264433,0.37000000,72.65000000,0.359
1749264433,0.37100000,2178.35000000,0.359
1749264433,0.37200000,232.53000000,0.359
1749264433,0.37300000,1127.79000000,0.359
1749264433,0.37400000,624.73000000,0.359
1749264433,0.37500000,1560.57000000,0.359
1749264433,0.37600000,21.10000000,0.359
1749264433,0.37700000,43.41000000,0.359
1749264433,0.37800000,1551.08000000,0.359
1749264433,0.37900000,50.82000000,0.359
1749264433,0.38000000,2193.19000000,0.359
1749264433,0.38100000,31.65000000,0.359
1749264433,0.38200000,1510.76000000,0.359
1749264433,0.38300000,132.73000000,0.359
1749264433,0.38400000,69.11000000,0.359
1749264433,0.38500000,1498.98000000,0.359
1749264433,0.38600000,802.36000000,0.359
1749264433,0.38700000,1466.79000000,0.359
1749264433,0.38800000,64.42000000,0.359
1749264433,0.38900000,1453.40000000,0.359
1749264433,0.39000000,188.78000000,0.359
1749264433,0.39100000,181.29000000,0.359
1749264433,0.39200000,2183.07000000,0.359
1749264433,0.39300000,660.47000000,0.359
1749264433,0.39400000,2193.07000000,0.359
1749264433,0.39600000,1475.15000000,0.359
1749264433,0.39700000,172.17000000,0.359
1749264433,0.39800000,1308.88000000,0.359
1749264433,0.39900000,3202.01000000,0.359
1749264433,0.40000000,360.70000000,0.359
1749264433,0.40100000,1367.55000000,0.359
1749264433,0.40200000,22.37000000,0.359
1749264433,0.40300000,42.43000000,0.359
1749264433,0.40400000,2091.46000000,0.359
1749264433,0.40600000,1463.46000000,0.359
1749264433,0.40700000,163.52000000,0.359
1749264433,0.40800000,1386.06000000,0.359
1749264433,0.40900000,15.36000000,0.359
1749264433,0.41000000,747.03000000,0.359
1749264433,0.41100000,1510.86000000,0.359
1749264433,0.41200000,3674.68000000,0.359
1749264433,0.41300000,1339.73000000,0.359
1749264433,0.41400000,324.28000000,0.359
1749264433,0.41500000,350.00000000,0.359
1749264433,0.41600000,1517.42000000,0.359
1749264433,0.41700000,645.06000000,0.359
1749264433,0.41800000,1415.27000000,0.359
1749264433,0.41900000,13.37000000,0.359
1749264433,0.42000000,1104.16000000,0.359
1749264433,0.42100000,1305.39000000,0.359
1749264433,0.42200000,41.17000000,0.359
1749264433,0.42300000,1478.46000000,0.359
1749264433,0.42400000,58.96000000,0.359
1749264433,0.42500000,617.89000000,0.359
1749264433,0.42600000,1289.96000000,0.359
1749264433,0.42700000,61.65000000,0.359
1749264433,0.42800000,14.32000000,0.359
1749264433,0.42900000,1570.04000000,0.359
1749264433,0.43000000,209.78000000,0.359
1749264433,0.43100000,1286.24000000,0.359
1749264433,0.43200000,1669.25000000,0.359
1749264433,0.43300000,123.94000000,0.359
1749264433,0.43400000,1320.48000000,0.359
1749264433,0.43500000,62.83000000,0.359
1749264433,0.43600000,1458.91000000,0.359
1749264433,0.43700000,125.09000000,0.359
1749264433,0.43800000,113.11000000,0.359
1749264433,0.43900000,1869.39000000,0.359
1749264433,0.44000000,639.47000000,0.359
1749264433,0.44100000,86.21000000,0.359
1749264433,0.44200000,1257.26000000,0.359
1749264433,0.44300000,5298.29000000,0.359
1749264433,0.44400000,1234.51000000,0.359
1749264433,0.44500000,4435.20000000,0.359
1749264433,0.44700000,2454.02000000,0.359
1749264433,0.44800000,53.01000000,0.359
1749264433,0.44900000,82.41000000,0.359
1749264433,0.45000000,1962.52000000,0.359
1749264433,0.45100000,1098.44000000,0.359
1749264433,0.45200000,2045.23000000,0.359
1749264433,0.45300000,87.93000000,0.359
1749264433,0.45400000,69.01000000,0.359
1749264433,0.45500000,3843.74000000,0.359
1749264433,0.45600000,354.90000000,0.359
1749264433,0.45700000,206.84000000,0.359
1749264433,0.45800000,699.12000000,0.359
1749264433,0.45900000,39.00000000,0.359
1749264433,0.46000000,56.50000000,0.359
1749264433,0.46200000,14.32000000,0.359
1749264735,0.36000000,33404.89000000,0.359
1749264735,0.36100000,57494.43000000,0.359
1749264735,0.36200000,106586.63000000,0.359
1749264735,0.36300000,34069.90000000,0.359
1749264735,0.36400000,24046.57000000,0.359
1749264735,0.36500000,41781.64000000,0.359
1749264735,0.36600000,42554.09000000,0.359
1749264735,0.36700000,5889.78000000,0.359
1749264735,0.36800000,64.51000000,0.359
1749264735,0.36900000,1577.67000000,0.359
1749264735,0.37000000,72.65000000,0.359
1749264735,0.37100000,2151.40000000,0.359
1749264735,0.37200000,178.79000000,0.359
1749264735,0.37300000,1127.79000000,0.359
1749264735,0.37400000,624.73000000,0.359
1749264735,0.37500000,1528.57000000,0.359
1749264735,0.37600000,21.10000000,0.359
1749264735,0.37700000,43.41000000,0.359
1749264735,0.37800000,1603.98000000,0.359
1749264735,0.37900000,50.82000000,0.359
1749264735,0.38000000,2193.19000000,0.359
1749264735,0.38100000,31.65000000,0.359
1749264735,0.38200000,1510.76000000,0.359
1749264735,0.38300000,132.73000000,0.359
1749264735,0.38400000,69.11000000,0.359
1749264735,0.38500000,1498.98000000,0.359
1749264735,0.38600000,802.36000000,0.359
1749264735,0.38700000,1466.79000000,0.359
1749264735,0.38800000,64.42000000,0.359
1749264735,0.38900000,1453.40000000,0.359
1749264735,0.39000000,188.78000000,0.359
1749264735,0.39100000,181.29000000,0.359
1749264735,0.39200000,2183.07000000,0.359
1749264735,0.39300000,660.47000000,0.359
1749264735,0.39400000,2193.07000000,0.359
1749264735,0.39600000,1475.15000000,0.359
1749264735,0.39700000,172.17000000,0.359
1749264735,0.39800000,1308.88000000,0.359
1749264735,0.39900000,3202.01000000,0.359
1749264735,0.40000000,360.70000000,0.359
1749264735,0.40100000,1367.55000000,0.359
1749264735,0.40200000,22.37000000,0.359
1749264735,0.40300000,42.43000000,0.359
1749264735,0.40400000,2091.46000000,0.359
1749264735,0.40600000,1463.46000000,0.359
1749264735,0.40700000,163.52000000,0.359
1749264735,0.40800000,1386.06000000,0.359
1749264735,0.40900000,15.36000000,0.359
1749264735,0.41000000,747.03000000,0.359
1749264735,0.41100000,1510.86000000,0.359
1749264735,0.41200000,3674.68000000,0.359
1749264735,0.41300000,1339.73000000,0.359
1749264735,0.41400000,324.28000000,0.359
1749264735,0.41500000,350.00000000,0.359
1749264735,0.41600000,1517.42000000,0.359
1749264735,0.41700000,645.06000000,0.359
1749264735,0.41800000,1415.27000000,0.359
1749264735,0.41900000,13.37000000,0.359
1749264735,0.42000000,1104.16000000,0.359
1749264735,0.42100000,1305.39000000,0.359
1749264735,0.42200000,41.17000000,0.359
1749264735,0.42300000,1478.46000000,0.359
1749264735,0.42400000,58.96000000,0.359
1749264735,0.42500000,617.89000000,0.359
1749264735,0.42600000,1289.96000000,0.359
1749264735,0.42700000,61.65000000,0.359
1749264735,0.42800000,14.32000000,0.359
1749264735,0.42900000,1570.04000000,0.359
1749264735,0.43000000,209.78000000,0.359
1749264735,0.43100000,1286.24000000,0.359
1749264735,0.43200000,1669.25000000,0.359
1749264735,0.43300000,123.94000000,0.359
1749264735,0.43400000,1320.48000000,0.359
1749264735,0.43500000,62.83000000,0.359
1749264735,0.43600000,1458.91000000,0.359
1749264735,0.43700000,125.09000000,0.359
1749264735,0.43800000,113.11000000,0.359
1749264735,0.43900000,1869.39000000,0.359
1749264735,0.44000000,639.47000000,0.359
1749264735,0.44100000,86.21000000,0.359
1749264735,0.44200000,1257.26000000,0.359
1749264735,0.44300000,5298.29000000,0.359
1749264735,0.44400000,1234.51000000,0.359
1749264735,0.44500000,4435.20000000,0.359
1749264735,0.44700000,2454.02000000,0.359
1749264735,0.44800000,53.01000000,0.359
1749264735,0.44900000,82.41000000,0.359
1749264735,0.45000000,1962.52000000,0.359
1749264735,0.45100000,1098.44000000,0.359
1749264735,0.45200000,2045.23000000,0.359
1749264735,0.45300000,87.93000000,0.359
1749264735,0.45400000,69.01000000,0.359
1749264735,0.45500000,3843.74000000,0.359
1749264735,0.45600000,354.90000000,0.359
1749264735,0.45700000,206.84000000,0.359
1749264735,0.45800000,699.12000000,0.359
1749264735,0.45900000,39.00000000,0.359
1749264735,0.46000000,56.50000000,0.359
1749264735,0.46200000,14.32000000,0.359
1749264735,0.46300000,224.61000000,0.359
1749265036,0.36000000,29686.27000000,0.36
1749265036,0.36100000,53259.07000000,0.36
1749265036,0.36200000,104426.36000000,0.36
1749265036,0.36300000,31449.01000000,0.36
1749265036,0.36400000,25136.15000000,0.36
1749265036,0.36500000,13321.35000000,0.36
1749265036,0.36600000,40415.18000000,0.36
1749265036,0.36700000,43631.42000000,0.36
1749265036,0.36800000,64.51000000,0.36
1749265036,0.36900000,1577.67000000,0.36
1749265036,0.37000000,72.65000000,0.36
1749265036,0.37100000,2151.40000000,0.36
1749265036,0.37200000,178.79000000,0.36
1749265036,0.37300000,1127.79000000,0.36
1749265036,0.37400000,624.73000000,0.36
1749265036,0.37500000,1528.57000000,0.36
1749265036,0.37600000,21.10000000,0.36
1749265036,0.37700000,43.41000000,0.36
1749265036,0.37800000,1603.98000000,0.36
1749265036,0.37900000,50.82000000,0.36
1749265036,0.38000000,2193.19000000,0.36
1749265036,0.38100000,31.65000000,0.36
1749265036,0.38200000,1510.76000000,0.36
1749265036,0.38300000,132.73000000,0.36
1749265036,0.38400000,69.11000000,0.36
1749265036,0.38500000,1498.98000000,0.36
1749265036,0.38600000,802.36000000,0.36
1749265036,0.38700000,1466.79000000,0.36
1749265036,0.38800000,64.42000000,0.36
1749265036,0.38900000,1453.40000000,0.36
1749265036,0.39000000,188.78000000,0.36
1749265036,0.39100000,181.29000000,0.36
1749265036,0.39200000,2183.07000000,0.36
1749265036,0.39300000,660.47000000,0.36
1749265036,0.39400000,2193.07000000,0.36
1749265036,0.39600000,1475.15000000,0.36
1749265036,0.39700000,172.17000000,0.36
1749265036,0.39800000,1308.88000000,0.36
1749265036,0.39900000,3202.01000000,0.36
1749265036,0.40000000,360.70000000,0.36
1749265036,0.40100000,1367.55000000,0.36
1749265036,0.40200000,22.37000000,0.36
1749265036,0.40300000,42.43000000,0.36
1749265036,0.40400000,2091.46000000,0.36
1749265036,0.40600000,1463.46000000,0.36
1749265036,0.40700000,163.52000000,0.36
1749265036,0.40800000,1386.06000000,0.36
1749265036,0.40900000,15.36000000,0.36
1749265036,0.41000000,747.03000000,0.36
1749265036,0.41100000,1510.86000000,0.36
1749265036,0.41200000,3674.68000000,0.36
1749265036,0.41300000,1339.73000000,0.36
1749265036,0.41400000,324.28000000,0.36
1749265036,0.41500000,350.00000000,0.36
1749265036,0.41600000,1517.42000000,0.36
1749265036,0.41700000,645.06000000,0.36
1749265036,0.41800000,1415.27000000,0.36
1749265036,0.41900000,13.37000000,0.36
1749265036,0.42000000,1104.16000000,0.36
1749265036,0.42100000,1305.39000000,0.36
1749265036,0.42200000,41.17000000,0.36
1749265036,0.42300000,1478.46000000,0.36
1749265036,0.42400000,58.96000000,0.36
1749265036,0.42500000,617.89000000,0.36
1749265036,0.42600000,1289.96000000,0.36
1749265036,0.42700000,61.65000000,0.36
1749265036,0.42800000,14.32000000,0.36
1749265036,0.42900000,1570.04000000,0.36
1749265036,0.43000000,209.78000000,0.36
1749265036,0.43100000,1286.24000000,0.36
1749265036,0.43200000,1669.25000000,0.36
1749265036,0.43300000,123.94000000,0.36
1749265036,0.43400000,1320.48000000,0.36
1749265036,0.43500000,62.83000000,0.36
1749265036,0.43600000,1458.91000000,0.36
1749265036,0.43700000,125.09000000,0.36
1749265036,0.43800000,113.11000000,0.36
1749265036,0.43900000,1869.39000000,0.36
1749265036,0.44000000,639.47000000,0.36
1749265036,0.44100000,86.21000000,0.36
1749265036,0.44200000,1257.26000000,0.36
1749265036,0.44300000,5298.29000000,0.36
1749265036,0.44400000,1234.51000000,0.36
1749265036,0.44500000,4435.20000000,0.36
1749265036,0.44700000,2454.02000000,0.36
1749265036,0.44800000,53.01000000,0.36
1749265036,0.44900000,82.41000000,0.36
1749265036,0.45000000,1962.52000000,0.36
1749265036,0.45100000,1098.44000000,0.36
1749265036,0.45200000,2045.23000000,0.36
1749265036,0.45300000,87.93000000,0.36
1749265036,0.45400000,69.01000000,0.36
1749265036,0.45500000,3843.74000000,0.36
1749265036,0.45600000,354.90000000,0.36
1749265036,0.45700000,206.84000000,0.36
1749265036,0.45800000,699.12000000,0.36
1749265036,0.45900000,39.00000000,0.36
1749265036,0.46000000,56.50000000,0.36
1749265036,0.46200000,14.32000000,0.36
1749265036,0.46300000,224.61000000,0.36
1749265338,0.36000000,37179.83000000,0.36
1749265338,0.36100000,58531.32000000,0.36
1749265338,0.36200000,106201.42000000,0.36
1749265338,0.36300000,32102.86000000,0.36
1749265338,0.36400000,23743.40000000,0.36
1749265338,0.36500000,13321.35000000,0.36
1749265338,0.36600000,40415.18000000,0.36
1749265338,0.36700000,28502.29000000,0.36
1749265338,0.36800000,64.51000000,0.36
1749265338,0.36900000,1577.67000000,0.36
1749265338,0.37000000,72.65000000,0.36
1749265338,0.37100000,2151.40000000,0.36
1749265338,0.37200000,178.79000000,0.36
1749265338,0.37300000,1127.79000000,0.36
1749265338,0.37400000,624.73000000,0.36
1749265338,0.37500000,1528.57000000,0.36
1749265338,0.37600000,21.10000000,0.36
1749265338,0.37700000,43.41000000,0.36
1749265338,0.37800000,1603.98000000,0.36
1749265338,0.37900000,50.82000000,0.36
1749265338,0.38000000,2193.19000000,0.36
1749265338,0.38100000,31.65000000,0.36
1749265338,0.38200000,1510.76000000,0.36
1749265338,0.38300000,132.73000000,0.36
1749265338,0.38400000,69.11000000,0.36
1749265338,0.38500000,1498.98000000,0.36
1749265338,0.38600000,802.36000000,0.36
1749265338,0.38700000,1466.79000000,0.36
1749265338,0.38800000,64.42000000,0.36
1749265338,0.38900000,1453.40000000,0.36
1749265338,0.39000000,188.78000000,0.36
1749265338,0.39100000,181.29000000,0.36
1749265338,0.39200000,2183.07000000,0.36
1749265338,0.39300000,660.47000000,0.36
1749265338,0.39400000,2193.07000000,0.36
1749265338,0.39600000,1475.15000000,0.36
1749265338,0.39700000,172.17000000,0.36
1749265338,0.39800000,1308.88000000,0.36
1749265338,0.39900000,3202.01000000,0.36
1749265338,0.40000000,360.70000000,0.36
1749265338,0.40100000,1367.55000000,0.36
1749265338,0.40200000,22.37000000,0.36
1749265338,0.40300000,42.43000000,0.36
1749265338,0.40400000,2091.46000000,0.36
1749265338,0.40600000,1463.46000000,0.36
1749265338,0.40700000,163.52000000,0.36
1749265338,0.40800000,1386.06000000,0.36
1749265338,0.40900000,15.36000000,0.36
1749265338,0.41000000,747.03000000,0.36
1749265338,0.41100000,1510.86000000,0.36
1749265338,0.41200000,3674.68000000,0.36
1749265338,0.41300000,1339.73000000,0.36
1749265338,0.41400000,324.28000000,0.36
1749265338,0.41500000,350.00000000,0.36
1749265338,0.41600000,1517.42000000,0.36
1749265338,0.41700000,645.06000000,0.36
1749265338,0.41800000,1415.27000000,0.36
1749265338,0.41900000,13.37000000,0.36
1749265338,0.42000000,1104.16000000,0.36
1749265338,0.42100000,1305.39000000,0.36
1749265338,0.42200000,41.17000000,0.36
1749265338,0.42300000,1478.46000000,0.36
1749265338,0.42400000,58.96000000,0.36
1749265338,0.42500000,617.89000000,0.36
1749265338,0.42600000,1289.96000000,0.36
1749265338,0.42700000,61.65000000,0.36
1749265338,0.42800000,14.32000000,0.36
1749265338,0.42900000,1570.04000000,0.36
1749265338,0.43000000,209.78000000,0.36
1749265338,0.43100000,1286.24000000,0.36
1749265338,0.43200000,1669.25000000,0.36
1749265338,0.43300000,123.94000000,0.36
1749265338,0.43400000,1320.48000000,0.36
1749265338,0.43500000,62.83000000,0.36
1749265338,0.43600000,1458.91000000,0.36
1749265338,0.43700000,125.09000000,0.36
1749265338,0.43800000,113.11000000,0.36
1749265338,0.43900000,1869.39000000,0.36
1749265338,0.44000000,639.47000000,0.36
1749265338,0.44100000,86.21000000,0.36
1749265338,0.44200000,1257.26000000,0.36
1749265338,0.44300000,5298.29000000,0.36
1749265338,0.44400000,1234.51000000,0.36
1749265338,0.44500000,4435.20000000,0.36
1749265338,0.44700000,2454.02000000,0.36
1749265338,0.44800000,53.01000000,0.36
1749265338,0.44900000,82.41000000,0.36
1749265338,0.45000000,1962.52000000,0.36
1749265338,0.45100000,1098.44000000,0.36
1749265338,0.45200000,2045.23000000,0.36
1749265338,0.45300000,87.93000000,0.36
1749265338,0.45400000,69.01000000,0.36
1749265338,0.45500000,3843.74000000,0.36
1749265338,0.45600000,354.90000000,0.36
1749265338,0.45700000,206.84000000,0.36
1749265338,0.45800000,699.12000000,0.36
1749265338,0.45900000,39.00000000,0.36
1749265338,0.46000000,56.50000000,0.36
1749265338,0.46200000,14.32000000,0.36
1749265338,0.46300000,224.61000000,0.36
1749265639,0.36000000,6451.74000000,0.36
1749265639,0.36100000,85650.28000000,0.36
1749265639,0.36200000,115541.71000000,0.36
1749265639,0.36300000,28378.29000000,0.36
1749265639,0.36400000,21776.07000000,0.36
1749265639,0.36500000,22063.02000000,0.36
1749265639,0.36600000,43189.11000000,0.36
1749265639,0.36700000,41069.75000000,0.36
1749265639,0.36800000,4315.86000000,0.36
1749265639,0.36900000,2964.63000000,0.36
1749265639,0.37000000,72.65000000,0.36
1749265639,0.37100000,2172.24000000,0.36
1749265639,0.37200000,178.79000000,0.36
1749265639,0.37300000,1127.79000000,0.36
1749265639,0.37400000,624.73000000,0.36
1749265639,0.37500000,1528.57000000,0.36
1749265639,0.37600000,21.10000000,0.36
1749265639,0.37700000,43.41000000,0.36
1749265639,0.37800000,1603.98000000,0.36
1749265639,0.37900000,50.82000000,0.36
1749265639,0.38000000,2193.19000000,0.36
1749265639,0.38100000,52.49000000,0.36
1749265639,0.38200000,1510.76000000,0.36
1749265639,0.38300000,132.73000000,0.36
1749265639,0.38400000,69.11000000,0.36
1749265639,0.38500000,1498.98000000,0.36
1749265639,0.38600000,802.36000000,0.36
1749265639,0.38700000,1466.79000000,0.36
1749265639,0.38800000,64.42000000,0.36
1749265639,0.38900000,1453.40000000,0.36
1749265639,0.39000000,188.78000000,0.36
1749265639,0.39100000,181.29000000,0.36
1749265639,0.39200000,2183.07000000,0.36
1749265639,0.39300000,660.47000000,0.36
1749265639,0.39400000,2193.07000000,0.36
1749265639,0.39600000,1475.15000000,0.36
1749265639,0.39700000,172.17000000,0.36
1749265639,0.39800000,1308.88000000,0.36
1749265639,0.39900000,3202.01000000,0.36
1749265639,0.40000000,360.70000000,0.36
1749265639,0.40100000,1367.55000000,0.36
1749265639,0.40200000,22.37000000,0.36
1749265639,0.40300000,42.43000000,0.36
1749265639,0.40400000,2091.46000000,0.36
1749265639,0.40600000,1463.46000000,0.36
1749265639,0.40700000,163.52000000,0.36
1749265639,0.40800000,1386.06000000,0.36
1749265639,0.40900000,15.36000000,0.36
1749265639,0.41000000,747.03000000,0.36
1749265639,0.41100000,1510.86000000,0.36
1749265639,0.41200000,3674.68000000,0.36
1749265639,0.41300000,1339.73000000,0.36
1749265639,0.41400000,324.28000000,0.36
1749265639,0.41500000,350.00000000,0.36
1749265639,0.41600000,1517.42000000,0.36
1749265639,0.41700000,645.06000000,0.36
1749265639,0.41800000,1415.27000000,0.36
1749265639,0.41900000,13.37000000,0.36
1749265639,0.42000000,1104.16000000,0.36
1749265639,0.42100000,1305.39000000,0.36
1749265639,0.42200000,41.17000000,0.36
1749265639,0.42300000,1478.46000000,0.36
1749265639,0.42400000,58.96000000,0.36
1749265639,0.42500000,617.89000000,0.36
1749265639,0.42600000,1289.96000000,0.36
1749265639,0.42700000,61.65000000,0.36
1749265639,0.42800000,14.32000000,0.36
1749265639,0.42900000,1570.04000000,0.36
1749265639,0.43000000,209.78000000,0.36
1749265639,0.43100000,1286.24000000,0.36
1749265639,0.43200000,1669.25000000,0.36
1749265639,0.43300000,123.94000000,0.36
1749265639,0.43400000,1320.48000000,0.36
1749265639,0.43500000,62.83000000,0.36
1749265639,0.43600000,1458.91000000,0.36
1749265639,0.43700000,125.09000000,0.36
1749265639,0.43800000,113.11000000,0.36
1749265639,0.43900000,1869.39000000,0.36
1749265639,0.44000000,639.47000000,0.36
1749265639,0.44100000,86.21000000,0.36
1749265639,0.44200000,1257.26000000,0.36
1749265639,0.44300000,5298.29000000,0.36
1749265639,0.44400000,1234.51000000,0.36
1749265639,0.44500000,4435.20000000,0.36
1749265639,0.44700000,2454.02000000,0.36
1749265639,0.44800000,53.01000000,0.36
1749265639,0.44900000,82.41000000,0.36
1749265639,0.45000000,1962.52000000,0.36
1749265639,0.45100000,1098.44000000,0.36
1749265639,0.45200000,2045.23000000,0.36
1749265639,0.45300000,87.93000000,0.36
1749265639,0.45400000,69.01000000,0.36
1749265639,0.45500000,3843.74000000,0.36
1749265639,0.45600000,354.90000000,0.36
1749265639,0.45700000,206.84000000,0.36
1749265639,0.45800000,699.12000000,0.36
1749265639,0.45900000,39.00000000,0.36
1749265639,0.46000000,56.50000000,0.36
1749265639,0.46200000,14.32000000,0.36
1749265639,0.46300000,224.61000000,0.36
1749265941,0.36100000,34527.83000000,0.36
1749265941,0.36200000,61238.30000000,0.36
1749265941,0.36300000,102189.87000000,0.36
1749265941,0.36400000,32901.14000000,0.36
1749265941,0.36500000,22063.02000000,0.36
1749265941,0.36600000,43189.11000000,0.36
1749265941,0.36700000,19882.95000000,0.36
1749265941,0.36800000,25526.70000000,0.36
1749265941,0.36900000,2964.63000000,0.36
1749265941,0.37000000,72.65000000,0.36
1749265941,0.37100000,2172.24000000,0.36
1749265941,0.37200000,178.79000000,0.36
1749265941,0.37300000,1127.79000000,0.36
1749265941,0.37400000,656.82000000,0.36
1749265941,0.37500000,1528.57000000,0.36
1749265941,0.37600000,21.10000000,0.36
1749265941,0.37700000,43.41000000,0.36
1749265941,0.37800000,1603.98000000,0.36
1749265941,0.37900000,50.82000000,0.36
1749265941,0.38000000,2193.19000000,0.36
1749265941,0.38100000,52.49000000,0.36
1749265941,0.38200000,1550.03000000,0.36
1749265941,0.38300000,132.73000000,0.36
1749265941,0.38400000,69.11000000,0.36
1749265941,0.38500000,1498.98000000,0.36
1749265941,0.38600000,802.36000000,0.36
1749265941,0.38700000,1466.79000000,0.36
1749265941,0.38800000,64.42000000,0.36
1749265941,0.38900000,1453.40000000,0.36
1749265941,0.39000000,188.78000000,0.36
1749265941,0.39100000,181.29000000,0.36
1749265941,0.39200000,2183.07000000,0.36
1749265941,0.39300000,660.47000000,0.36
1749265941,0.39400000,2193.07000000,0.36
1749265941,0.39600000,1475.15000000,0.36
1749265941,0.39700000,172.17000000,0.36
1749265941,0.39800000,1308.88000000,0.36
1749265941,0.39900000,3202.01000000,0.36
1749265941,0.40000000,2091.52000000,0.36
1749265941,0.40100000,1367.55000000,0.36
1749265941,0.40200000,22.37000000,0.36
1749265941,0.40300000,42.43000000,0.36
1749265941,0.40400000,2091.46000000,0.36
1749265941,0.40600000,1463.46000000,0.36
1749265941,0.40700000,163.52000000,0.36
1749265941,0.40800000,1386.06000000,0.36
1749265941,0.40900000,15.36000000,0.36
1749265941,0.41000000,747.03000000,0.36
1749265941,0.41100000,1510.86000000,0.36
1749265941,0.41200000,3674.68000000,0.36
1749265941,0.41300000,1339.73000000,0.36
1749265941,0.41400000,324.28000000,0.36
1749265941,0.41500000,350.00000000,0.36
1749265941,0.41600000,1517.42000000,0.36
1749265941,0.41700000,645.06000000,0.36
1749265941,0.41800000,1415.27000000,0.36
1749265941,0.41900000,13.37000000,0.36
1749265941,0.42000000,1104.16000000,0.36
1749265941,0.42100000,1305.39000000,0.36
1749265941,0.42200000,41.17000000,0.36
1749265941,0.42300000,1478.46000000,0.36
1749265941,0.42400000,58.96000000,0.36
1749265941,0.42500000,617.89000000,0.36
1749265941,0.42600000,1289.96000000,0.36
1749265941,0.42700000,61.65000000,0.36
1749265941,0.42800000,14.32000000,0.36
1749265941,0.42900000,1570.04000000,0.36
1749265941,0.43000000,209.78000000,0.36
1749265941,0.43100000,1286.24000000,0.36
1749265941,0.43200000,1669.25000000,0.36
1749265941,0.43300000,123.94000000,0.36
1749265941,0.43400000,1320.48000000,0.36
1749265941,0.43500000,62.83000000,0.36
1749265941,0.43600000,1458.91000000,0.36
1749265941,0.43700000,125.09000000,0.36
1749265941,0.43800000,113.11000000,0.36
1749265941,0.43900000,1869.39000000,0.36
1749265941,0.44000000,639.47000000,0.36
1749265941,0.44100000,86.21000000,0.36
1749265941,0.44200000,1257.26000000,0.36
1749265941,0.44300000,5298.29000000,0.36
1749265941,0.44400000,1234.51000000,0.36
1749265941,0.44500000,4435.20000000,0.36
1749265941,0.44700000,2454.02000000,0.36
1749265941,0.44800000,53.01000000,0.36
1749265941,0.44900000,82.41000000,0.36
1749265941,0.45000000,1962.52000000,0.36
1749265941,0.45100000,1098.44000000,0.36
1749265941,0.45200000,2045.23000000,0.36
1749265941,0.45300000,87.93000000,0.36
1749265941,0.45400000,69.01000000,0.36
1749265941,0.45500000,3843.74000000,0.36
1749265941,0.45600000,354.90000000,0.36
1749265941,0.45700000,206.84000000,0.36
1749265941,0.45800000,699.12000000,0.36
1749265941,0.45900000,39.00000000,0.36
1749265941,0.46000000,56.50000000,0.36
1749265941,0.46200000,14.32000000,0.36
1749265941,0.46300000,224.61000000,0.36
1749265941,0.46400000,2053.93000000,0.36
1749266243,0.36100000,34507.88000000,0.36
1749266243,0.36200000,69136.08000000,0.36
1749266243,0.36300000,101911.25000000,0.36
1749266243,0.36400000,32901.14000000,0.36
1749266243,0.36500000,20301.27000000,0.36
1749266243,0.36600000,38070.83000000,0.36
1749266243,0.36700000,22656.88000000,0.36
1749266243,0.36800000,25526.70000000,0.36
1749266243,0.36900000,2964.63000000,0.36
1749266243,0.37000000,72.65000000,0.36
1749266243,0.37100000,2172.24000000,0.36
1749266243,0.37200000,178.79000000,0.36
1749266243,0.37300000,1127.79000000,0.36
1749266243,0.37400000,656.82000000,0.36
1749266243,0.37500000,1528.57000000,0.36
1749266243,0.37600000,21.10000000,0.36
1749266243,0.37700000,43.41000000,0.36
1749266243,0.37800000,1603.98000000,0.36
1749266243,0.37900000,50.82000000,0.36
1749266243,0.38000000,2193.19000000,0.36
1749266243,0.38100000,52.49000000,0.36
1749266243,0.38200000,1550.03000000,0.36
1749266243,0.38300000,132.73000000,0.36
1749266243,0.38400000,69.11000000,0.36
1749266243,0.38500000,1498.98000000,0.36
1749266243,0.38600000,802.36000000,0.36
1749266243,0.38700000,1466.79000000,0.36
1749266243,0.38800000,64.42000000,0.36
1749266243,0.38900000,1453.40000000,0.36
1749266243,0.39000000,188.78000000,0.36
1749266243,0.39100000,181.29000000,0.36
1749266243,0.39200000,2183.07000000,0.36
1749266243,0.39300000,660.47000000,0.36
1749266243,0.39400000,2193.07000000,0.36
1749266243,0.39600000,1475.15000000,0.36
1749266243,0.39700000,172.17000000,0.36
1749266243,0.39800000,1308.88000000,0.36
1749266243,0.39900000,3202.01000000,0.36
1749266243,0.40000000,2091.52000000,0.36
1749266243,0.40100000,1367.55000000,0.36
1749266243,0.40200000,22.37000000,0.36
1749266243,0.40300000,42.43000000,0.36
1749266243,0.40400000,2091.46000000,0.36
1749266243,0.40600000,1463.46000000,0.36
1749266243,0.40700000,163.52000000,0.36
1749266243,0.40800000,1386.06000000,0.36
1749266243,0.40900000,15.36000000,0.36
1749266243,0.41000000,747.03000000,0.36
1749266243,0.41100000,1510.86000000,0.36
1749266243,0.41200000,3674.68000000,0.36
1749266243,0.41300000,1339.73000000,0.36
1749266243,0.41400000,324.28000000,0.36
1749266243,0.41500000,350.00000000,0.36
1749266243,0.41600000,1517.42000000,0.36
1749266243,0.41700000,645.06000000,0.36
1749266243,0.41800000,1415.27000000,0.36
1749266243,0.41900000,13.37000000,0.36
1749266243,0.42000000,1104.16000000,0.36
1749266243,0.42100000,1305.39000000,0.36
1749266243,0.42200000,41.17000000,0.36
1749266243,0.42300000,1478.46000000,0.36
1749266243,0.42400000,58.96000000,0.36
1749266243,0.42500000,617.89000000,0.36
1749266243,0.42600000,1289.96000000,0.36
1749266243,0.42700000,61.65000000,0.36
1749266243,0.42800000,14.32000000,0.36
1749266243,0.42900000,1570.04000000,0.36
1749266243,0.43000000,209.78000000,0.36
1749266243,0.43100000,1286.24000000,0.36
1749266243,0.43200000,1669.25000000,0.36
1749266243,0.43300000,123.94000000,0.36
1749266243,0.43400000,1320.48000000,0.36
1749266243,0.43500000,62.83000000,0.36
1749266243,0.43600000,1458.91000000,0.36
1749266243,0.43700000,125.09000000,0.36
1749266243,0.43800000,113.11000000,0.36
1749266243,0.43900000,1869.39000000,0.36
1749266243,0.44000000,639.47000000,0.36
1749266243,0.44100000,86.21000000,0.36
1749266243,0.44200000,1257.26000000,0.36
1749266243,0.44300000,5298.29000000,0.36
1749266243,0.44400000,1234.51000000,0.36
1749266243,0.44500000,4435.20000000,0.36
1749266243,0.44700000,2454.02000000,0.36
1749266243,0.44800000,53.01000000,0.36
1749266243,0.44900000,82.41000000,0.36
1749266243,0.45000000,1962.52000000,0.36
1749266243,0.45100000,1098.44000000,0.36
1749266243,0.45200000,2045.23000000,0.36
1749266243,0.45300000,87.93000000,0.36
1749266243,0.45400000,69.01000000,0.36
1749266243,0.45500000,3843.74000000,0.36
1749266243,0.45600000,354.90000000,0.36
1749266243,0.45700000,206.84000000,0.36
1749266243,0.45800000,699.12000000,0.36
1749266243,0.45900000,39.00000000,0.36
1749266243,0.46000000,56.50000000,0.36
1749266243,0.46200000,14.32000000,0.36
1749266243,0.46300000,224.61000000,0.36
1749266243,0.46400000,2053.93000000,0.36
1749266545,0.36000000,9088.47000000,0.36
1749266545,0.36100000,68049.01000000,0.36
1749266545,0.36200000,113461.06000000,0.36
1749266545,0.36300000,23724.55000000,0.36
1749266545,0.36400000,22330.85000000,0.36
1749266545,0.36500000,22046.76000000,0.36
1749266545,0.36600000,36298.93000000,0.36
1749266545,0.36700000,8920.33000000,0.36
1749266545,0.36800000,28300.63000000,0.36
1749266545,0.36900000,2964.63000000,0.36
1749266545,0.37000000,72.65000000,0.36
1749266545,0.37100000,2172.24000000,0.36
1749266545,0.37200000,178.79000000,0.36
1749266545,0.37300000,1127.79000000,0.36
1749266545,0.37400000,656.82000000,0.36
1749266545,0.37500000,1528.57000000,0.36
1749266545,0.37600000,21.10000000,0.36
1749266545,0.37700000,43.41000000,0.36
1749266545,0.37800000,1603.98000000,0.36
1749266545,0.37900000,50.82000000,0.36
1749266545,0.38000000,2193.19000000,0.36
1749266545,0.38100000,52.49000000,0.36
1749266545,0.38200000,1550.03000000,0.36
1749266545,0.38300000,132.73000000,0.36
1749266545,0.38400000,69.11000000,0.36
1749266545,0.38500000,1498.98000000,0.36
1749266545,0.38600000,802.36000000,0.36
1749266545,0.38700000,1466.79000000,0.36
1749266545,0.38800000,64.42000000,0.36
1749266545,0.38900000,1453.40000000,0.36
1749266545,0.39000000,188.78000000,0.36
1749266545,0.39100000,181.29000000,0.36
1749266545,0.39200000,2183.07000000,0.36
1749266545,0.39300000,660.47000000,0.36
1749266545,0.39400000,2193.07000000,0.36
1749266545,0.39600000,1475.15000000,0.36
1749266545,0.39700000,172.17000000,0.36
1749266545,0.39800000,1308.88000000,0.36
1749266545,0.39900000,3202.01000000,0.36
1749266545,0.40000000,2091.52000000,0.36
1749266545,0.40100000,1367.55000000,0.36
1749266545,0.40200000,22.37000000,0.36
1749266545,0.40300000,42.43000000,0.36
1749266545,0.40400000,2091.46000000,0.36
1749266545,0.40600000,1463.46000000,0.36
1749266545,0.40700000,163.52000000,0.36
1749266545,0.40800000,1386.06000000,0.36
1749266545,0.40900000,15.36000000,0.36
1749266545,0.41000000,747.03000000,0.36
1749266545,0.41100000,1510.86000000,0.36
1749266545,0.41200000,3674.68000000,0.36
1749266545,0.41300000,1339.73000000,0.36
1749266545,0.41400000,324.28000000,0.36
1749266545,0.41500000,350.00000000,0.36
1749266545,0.41600000,1517.42000000,0.36
1749266545,0.41700000,645.06000000,0.36
1749266545,0.41800000,1415.27000000,0.36
1749266545,0.41900000,13.37000000,0.36
1749266545,0.42000000,1104.16000000,0.36
1749266545,0.42100000,1305.39000000,0.36
1749266545,0.42200000,41.17000000,0.36
1749266545,0.42300000,1478.46000000,0.36
1749266545,0.42400000,58.96000000,0.36
1749266545,0.42500000,617.89000000,0.36
1749266545,0.42600000,1289.96000000,0.36
1749266545,0.42700000,61.65000000,0.36
1749266545,0.42800000,14.32000000,0.36
1749266545,0.42900000,1570.04000000,0.36
1749266545,0.43000000,209.78000000,0.36
1749266545,0.43100000,1286.24000000,0.36
1749266545,0.43200000,1669.25000000,0.36
1749266545,0.43300000,123.94000000,0.36
1749266545,0.43400000,1320.48000000,0.36
1749266545,0.43500000,62.83000000,0.36
1749266545,0.43600000,1458.91000000,0.36
1749266545,0.43700000,125.09000000,0.36
1749266545,0.43800000,113.11000000,0.36
1749266545,0.43900000,1869.39000000,0.36
1749266545,0.44000000,639.47000000,0.36
1749266545,0.44100000,86.21000000,0.36
1749266545,0.44200000,1257.26000000,0.36
1749266545,0.44300000,5298.29000000,0.36
1749266545,0.44400000,1234.51000000,0.36
1749266545,0.44500000,4435.20000000,0.36
1749266545,0.44700000,2454.02000000,0.36
1749266545,0.44800000,53.01000000,0.36
1749266545,0.44900000,82.41000000,0.36
1749266545,0.45000000,1962.52000000,0.36
1749266545,0.45100000,1098.44000000,0.36
1749266545,0.45200000,2045.23000000,0.36
1749266545,0.45300000,87.93000000,0.36
1749266545,0.45400000,69.01000000,0.36
1749266545,0.45500000,3843.74000000,0.36
1749266545,0.45600000,354.90000000,0.36
1749266545,0.45700000,206.84000000,0.36
1749266545,0.45800000,699.12000000,0.36
1749266545,0.45900000,39.00000000,0.36
1749266545,0.46000000,56.50000000,0.36
1749266545,0.46200000,14.32000000,0.36
1749266545,0.46300000,224.61000000,0.36
1749266846,0.36100000,32915.40000000,0.361
1749266846,0.36200000,59432.71000000,0.361
1749266846,0.36300000,101437.77000000,0.361
1749266846,0.36400000,33657.92000000,0.361
1749266846,0.36500000,22349.04000000,0.361
1749266846,0.36600000,15514.26000000,0.361
1749266846,0.36700000,42900.12000000,0.361
1749266846,0.36800000,28757.86000000,0.361
1749266846,0.36900000,4134.20000000,0.361
1749266846,0.37000000,72.65000000,0.361
1749266846,0.37100000,2172.24000000,0.361
1749266846,0.37200000,178.79000000,0.361
1749266846,0.37300000,1127.79000000,0.361
1749266846,0.37400000,656.82000000,0.361
1749266846,0.37500000,1528.57000000,0.361
1749266846,0.37600000,21.10000000,0.361
1749266846,0.37700000,43.41000000,0.361
1749266846,0.37800000,1603.98000000,0.361
1749266846,0.37900000,50.82000000,0.361
1749266846,0.38000000,2193.19000000,0.361
1749266846,0.38100000,52.49000000,0.361
1749266846,0.38200000,1550.03000000,0.361
1749266846,0.38300000,132.73000000,0.361
1749266846,0.38400000,69.11000000,0.361
1749266846,0.38500000,1498.98000000,0.361
1749266846,0.38600000,802.36000000,0.361
1749266846,0.38700000,1466.79000000,0.361
1749266846,0.38800000,64.42000000,0.361
1749266846,0.38900000,1453.40000000,0.361
1749266846,0.39000000,188.78000000,0.361
1749266846,0.39100000,181.29000000,0.361
1749266846,0.39200000,2183.07000000,0.361
1749266846,0.39300000,660.47000000,0.361
1749266846,0.39400000,2193.07000000,0.361
1749266846,0.39600000,1475.15000000,0.361
1749266846,0.39700000,172.17000000,0.361
1749266846,0.39800000,1308.88000000,0.361
1749266846,0.39900000,3202.01000000,0.361
1749266846,0.40000000,2091.52000000,0.361
1749266846,0.40100000,1367.55000000,0.361
1749266846,0.40200000,22.37000000,0.361
1749266846,0.40300000,42.43000000,0.361
1749266846,0.40400000,2091.46000000,0.361
1749266846,0.40600000,1463.46000000,0.361
1749266846,0.40700000,163.52000000,0.361
1749266846,0.40800000,1386.06000000,0.361
1749266846,0.40900000,15.36000000,0.361
1749266846,0.41000000,747.03000000,0.361
1749266846,0.41100000,1510.86000000,0.361
1749266846,0.41200000,3674.68000000,0.361
1749266846,0.41300000,1339.73000000,0.361
1749266846,0.41400000,324.28000000,0.361
1749266846,0.41500000,350.00000000,0.361
1749266846,0.41600000,1517.42000000,0.361
1749266846,0.41700000,645.06000000,0.361
1749266846,0.41800000,1415.27000000,0.361
1749266846,0.41900000,13.37000000,0.361
1749266846,0.42000000,1104.16000000,0.361
1749266846,0.42100000,1305.39000000,0.361
1749266846,0.42200000,41.17000000,0.361
1749266846,0.42300000,1478.46000000,0.361
1749266846,0.42400000,58.96000000,0.361
1749266846,0.42500000,617.89000000,0.361
1749266846,0.42600000,1289.96000000,0.361
1749266846,0.42700000,61.65000000,0.361
1749266846,0.42800000,14.32000000,0.361
1749266846,0.42900000,1570.04000000,0.361
1749266846,0.43000000,209.78000000,0.361
1749266846,0.43100000,1286.24000000,0.361
1749266846,0.43200000,1669.25000000,0.361
1749266846,0.43300000,123.94000000,0.361
1749266846,0.43400000,1320.48000000,0.361
1749266846,0.43500000,62.83000000,0.361
1749266846,0.43600000,1458.91000000,0.361
1749266846,0.43700000,125.09000000,0.361
1749266846,0.43800000,113.11000000,0.361
1749266846,0.43900000,1869.39000000,0.361
1749266846,0.44000000,639.47000000,0.361
1749266846,0.44100000,86.21000000,0.361
1749266846,0.44200000,1257.26000000,0.361
1749266846,0.44300000,5298.29000000,0.361
1749266846,0.44400000,1234.51000000,0.361
1749266846,0.44500000,4435.20000000,0.361
1749266846,0.44700000,2454.02000000,0.361
1749266846,0.44800000,53.01000000,0.361
1749266846,0.44900000,82.41000000,0.361
1749266846,0.45000000,1962.52000000,0.361
1749266846,0.45100000,1098.44000000,0.361
1749266846,0.45200000,2045.23000000,0.361
1749266846,0.45300000,87.93000000,0.361
1749266846,0.45400000,69.01000000,0.361
1749266846,0.45500000,3843.74000000,0.361
1749266846,0.45600000,354.90000000,0.361
1749266846,0.45700000,206.84000000,0.361
1749266846,0.45800000,699.12000000,0.361
1749266846,0.45900000,39.00000000,0.361
1749266846,0.46000000,56.50000000,0.361
1749266846,0.46200000,14.32000000,0.361
1749266846,0.46300000,224.61000000,0.361
1749266846,0.46400000,2053.93000000,0.361
1749267148,0.36100000,32834.75000000,0.361
1749267148,0.36200000,62941.37000000,0.361
1749267148,0.36300000,99881.99000000,0.361
1749267148,0.36400000,32873.70000000,0.361
1749267148,0.36500000,23666.80000000,0.361
1749267148,0.36600000,16094.97000000,0.361
1749267148,0.36700000,42900.22000000,0.361
1749267148,0.36800000,29927.43000000,0.361
1749267148,0.36900000,4353.51000000,0.361
1749267148,0.37000000,72.65000000,0.361
1749267148,0.37100000,2172.24000000,0.361
1749267148,0.37200000,178.79000000,0.361
1749267148,0.37300000,1127.79000000,0.361
1749267148,0.37400000,656.82000000,0.361
1749267148,0.37500000,1528.57000000,0.361
1749267148,0.37600000,21.10000000,0.361
1749267148,0.37700000,43.41000000,0.361
1749267148,0.37800000,1603.98000000,0.361
1749267148,0.37900000,50.82000000,0.361
1749267148,0.38000000,2193.19000000,0.361
1749267148,0.38100000,52.49000000,0.361
1749267148,0.38200000,1550.03000000,0.361
1749267148,0.38300000,132.73000000,0.361
1749267148,0.38400000,69.11000000,0.361
1749267148,0.38500000,1498.98000000,0.361
1749267148,0.38600000,802.36000000,0.361
1749267148,0.38700000,1466.79000000,0.361
1749267148,0.38800000,64.42000000,0.361
1749267148,0.38900000,1453.40000000,0.361
1749267148,0.39000000,188.78000000,0.361
1749267148,0.39100000,181.29000000,0.361
1749267148,0.39200000,2183.07000000,0.361
1749267148,0.39300000,660.47000000,0.361
1749267148,0.39400000,2193.07000000,0.361
1749267148,0.39600000,1475.15000000,0.361
1749267148,0.39700000,172.17000000,0.361
1749267148,0.39800000,1308.88000000,0.361
1749267148,0.39900000,3202.01000000,0.361
1749267148,0.40000000,2091.52000000,0.361
1749267148,0.40100000,1367.55000000,0.361
1749267148,0.40200000,22.37000000,0.361
1749267148,0.40300000,42.43000000,0.361
1749267148,0.40400000,2091.46000000,0.361
1749267148,0.40600000,1463.46000000,0.361
1749267148,0.40700000,163.52000000,0.361
1749267148,0.40800000,1386.06000000,0.361
1749267148,0.40900000,15.36000000,0.361
1749267148,0.41000000,747.03000000,0.361
1749267148,0.41100000,1510.86000000,0.361
1749267148,0.41200000,3674.68000000,0.361
1749267148,0.41300000,1339.73000000,0.361
1749267148,0.41400000,324.28000000,0.361
1749267148,0.41500000,350.00000000,0.361
1749267148,0.41600000,1517.42000000,0.361
1749267148,0.41700000,645.06000000,0.361
1749267148,0.41800000,1415.27000000,0.361
1749267148,0.41900000,13.37000000,0.361
1749267148,0.42000000,1104.16000000,0.361
1749267148,0.42100000,1305.39000000,0.361
1749267148,0.42200000,41.17000000,0.361
1749267148,0.42300000,1478.46000000,0.361
1749267148,0.42400000,58.96000000,0.361
1749267148,0.42500000,617.89000000,0.361
1749267148,0.42600000,1289.96000000,0.361
1749267148,0.42700000,61.65000000,0.361
1749267148,0.42800000,14.32000000,0.361
1749267148,0.42900000,1570.04000000,0.361
1749267148,0.43000000,209.78000000,0.361
1749267148,0.43100000,1286.24000000,0.361
1749267148,0.43200000,1669.25000000,0.361
1749267148,0.43300000,123.94000000,0.361
1749267148,0.43400000,1320.48000000,0.361
1749267148,0.43500000,62.83000000,0.361
1749267148,0.43600000,1458.91000000,0.361
1749267148,0.43700000,125.09000000,0.361
1749267148,0.43800000,113.11000000,0.361
1749267148,0.43900000,1869.39000000,0.361
1749267148,0.44000000,639.47000000,0.361
1749267148,0.44100000,86.21000000,0.361
1749267148,0.44200000,1257.26000000,0.361
1749267148,0.44300000,5298.29000000,0.361
1749267148,0.44400000,1234.51000000,0.361
1749267148,0.44500000,4435.20000000,0.361
1749267148,0.44700000,2454.02000000,0.361
1749267148,0.44800000,53.01000000,0.361
1749267148,0.44900000,82.41000000,0.361
1749267148,0.45000000,1962.52000000,0.361
1749267148,0.45100000,1098.44000000,0.361
1749267148,0.45200000,2045.23000000,0.361
1749267148,0.45300000,87.93000000,0.361
1749267148,0.45400000,69.01000000,0.361
1749267148,0.45500000,3843.74000000,0.361
1749267148,0.45600000,354.90000000,0.361
1749267148,0.45700000,206.84000000,0.361
1749267148,0.45800000,699.12000000,0.361
1749267148,0.45900000,39.00000000,0.361
1749267148,0.46000000,56.50000000,0.361
1749267148,0.46200000,14.32000000,0.361
1749267148,0.46300000,224.61000000,0.361
1749267148,0.46400000,2053.93000000,0.361
1749267449,0.36100000,27909.37000000,0.36
1749267449,0.36200000,64268.60000000,0.36
1749267449,0.36300000,113079.44000000,0.36
1749267449,0.36400000,33527.55000000,0.36
1749267449,0.36500000,23666.80000000,0.36
1749267449,0.36600000,37963.27000000,0.36
1749267449,0.36700000,22658.72000000,0.36
1749267449,0.36800000,28300.63000000,0.36
1749267449,0.36900000,4353.51000000,0.36
1749267449,0.37000000,72.65000000,0.36
1749267449,0.37100000,2172.24000000,0.36
1749267449,0.37200000,178.79000000,0.36
1749267449,0.37300000,1127.79000000,0.36
1749267449,0.37400000,656.82000000,0.36
1749267449,0.37500000,1528.57000000,0.36
1749267449,0.37600000,21.10000000,0.36
1749267449,0.37700000,43.41000000,0.36
1749267449,0.37800000,1603.98000000,0.36
1749267449,0.37900000,50.82000000,0.36
1749267449,0.38000000,2193.19000000,0.36
1749267449,0.38100000,52.49000000,0.36
1749267449,0.38200000,1550.03000000,0.36
1749267449,0.38300000,132.73000000,0.36
1749267449,0.38400000,69.11000000,0.36
1749267449,0.38500000,1498.98000000,0.36
1749267449,0.38600000,802.36000000,0.36
1749267449,0.38700000,1466.79000000,0.36
1749267449,0.38800000,64.42000000,0.36
1749267449,0.38900000,1453.40000000,0.36
1749267449,0.39000000,188.78000000,0.36
1749267449,0.39100000,181.29000000,0.36
1749267449,0.39200000,2183.07000000,0.36
1749267449,0.39300000,660.47000000,0.36
1749267449,0.39400000,2193.07000000,0.36
1749267449,0.39600000,1475.15000000,0.36
1749267449,0.39700000,172.17000000,0.36
1749267449,0.39800000,1308.88000000,0.36
1749267449,0.39900000,3202.01000000,0.36
1749267449,0.40000000,2091.52000000,0.36
1749267449,0.40100000,1367.55000000,0.36
1749267449,0.40200000,22.37000000,0.36
1749267449,0.40300000,42.43000000,0.36
1749267449,0.40400000,2091.46000000,0.36
1749267449,0.40600000,1463.46000000,0.36
1749267449,0.40700000,163.52000000,0.36
1749267449,0.40800000,1386.06000000,0.36
1749267449,0.40900000,15.36000000,0.36
1749267449,0.41000000,747.03000000,0.36
1749267449,0.41100000,1510.86000000,0.36
1749267449,0.41200000,3674.68000000,0.36
1749267449,0.41300000,1339.73000000,0.36
1749267449,0.41400000,324.28000000,0.36
1749267449,0.41500000,350.00000000,0.36
1749267449,0.41600000,1517.42000000,0.36
1749267449,0.41700000,645.06000000,0.36
1749267449,0.41800000,1415.27000000,0.36
1749267449,0.41900000,13.37000000,0.36
1749267449,0.42000000,1104.16000000,0.36
1749267449,0.42100000,1305.39000000,0.36
1749267449,0.42200000,41.17000000,0.36
1749267449,0.42300000,1478.46000000,0.36
1749267449,0.42400000,58.96000000,0.36
1749267449,0.42500000,617.89000000,0.36
1749267449,0.42600000,1289.96000000,0.36
1749267449,0.42700000,61.65000000,0.36
1749267449,0.42800000,14.32000000,0.36
1749267449,0.42900000,1570.04000000,0.36
1749267449,0.43000000,209.78000000,0.36
1749267449,0.43100000,1286.24000000,0.36
1749267449,0.43200000,1669.25000000,0.36
1749267449,0.43300000,123.94000000,0.36
1749267449,0.43400000,1320.48000000,0.36
1749267449,0.43500000,62.83000000,0.36
1749267449,0.43600000,1458.91000000,0.36
1749267449,0.43700000,125.09000000,0.36
1749267449,0.43800000,113.11000000,0.36
1749267449,0.43900000,1869.39000000,0.36
1749267449,0.44000000,639.47000000,0.36
1749267449,0.44100000,86.21000000,0.36
1749267449,0.44200000,1257.26000000,0.36
1749267449,0.44300000,5298.29000000,0.36
1749267449,0.44400000,1234.51000000,0.36
1749267449,0.44500000,4435.20000000,0.36
1749267449,0.44700000,2454.02000000,0.36
1749267449,0.44800000,53.01000000,0.36
1749267449,0.44900000,82.41000000,0.36
1749267449,0.45000000,1962.52000000,0.36
1749267449,0.45100000,1098.44000000,0.36
1749267449,0.45200000,2045.23000000,0.36
1749267449,0.45300000,87.93000000,0.36
1749267449,0.45400000,69.01000000,0.36
1749267449,0.45500000,3843.74000000,0.36
1749267449,0.45600000,354.90000000,0.36
1749267449,0.45700000,206.84000000,0.36
1749267449,0.45800000,699.12000000,0.36
1749267449,0.45900000,39.00000000,0.36
1749267449,0.46000000,56.50000000,0.36
1749267449,0.46200000,14.32000000,0.36
1749267449,0.46300000,224.61000000,0.36
1749267449,0.46400000,2053.93000000,0.36
1749267751,0.36200000,28303.64000000,0.361
1749267751,0.36300000,66629.52000000,0.361
1749267751,0.36400000,105276.94000000,0.361
1749267751,0.36500000,29514.66000000,0.361
1749267751,0.36600000,24764.22000000,0.361
1749267751,0.36700000,36476.41000000,0.361
1749267751,0.36800000,42457.50000000,0.361
1749267751,0.36900000,22309.77000000,0.361
1749267751,0.37000000,72.65000000,0.361
1749267751,0.37100000,2172.24000000,0.361
1749267751,0.37200000,199.57000000,0.361
1749267751,0.37300000,1127.79000000,0.361
1749267751,0.37400000,656.82000000,0.361
1749267751,0.37500000,1528.57000000,0.361
1749267751,0.37600000,21.10000000,0.361
1749267751,0.37700000,43.41000000,0.361
1749267751,0.37800000,1603.98000000,0.361
1749267751,0.37900000,50.82000000,0.361
1749267751,0.38000000,2193.19000000,0.361
1749267751,0.38100000,52.49000000,0.361
1749267751,0.38200000,1570.81000000,0.361
1749267751,0.38300000,132.73000000,0.361
1749267751,0.38400000,69.11000000,0.361
1749267751,0.38500000,1498.98000000,0.361
1749267751,0.38600000,802.36000000,0.361
1749267751,0.38700000,1466.79000000,0.361
1749267751,0.38800000,64.42000000,0.361
1749267751,0.38900000,1453.40000000,0.361
1749267751,0.39000000,188.78000000,0.361
1749267751,0.39100000,181.29000000,0.361
1749267751,0.39200000,2183.07000000,0.361
1749267751,0.39300000,660.47000000,0.361
1749267751,0.39400000,2193.07000000,0.361
1749267751,0.39600000,1475.15000000,0.361
1749267751,0.39700000,172.17000000,0.361
1749267751,0.39800000,1308.88000000,0.361
1749267751,0.39900000,3202.01000000,0.361
1749267751,0.40000000,2091.52000000,0.361
1749267751,0.40100000,1367.55000000,0.361
1749267751,0.40200000,22.37000000,0.361
1749267751,0.40300000,42.43000000,0.361
1749267751,0.40400000,2091.46000000,0.361
1749267751,0.40600000,1463.46000000,0.361
1749267751,0.40700000,163.52000000,0.361
1749267751,0.40800000,1386.06000000,0.361
1749267751,0.40900000,15.36000000,0.361
1749267751,0.41000000,747.03000000,0.361
1749267751,0.41100000,1510.86000000,0.361
1749267751,0.41200000,3674.68000000,0.361
1749267751,0.41300000,1339.73000000,0.361
1749267751,0.41400000,324.28000000,0.361
1749267751,0.41500000,350.00000000,0.361
1749267751,0.41600000,1517.42000000,0.361
1749267751,0.41700000,645.06000000,0.361
1749267751,0.41800000,1415.27000000,0.361
1749267751,0.41900000,13.37000000,0.361
1749267751,0.42000000,1104.16000000,0.361
1749267751,0.42100000,1305.39000000,0.361
1749267751,0.42200000,41.17000000,0.361
1749267751,0.42300000,1478.46000000,0.361
1749267751,0.42400000,58.96000000,0.361
1749267751,0.42500000,617.89000000,0.361
1749267751,0.42600000,1289.96000000,0.361
1749267751,0.42700000,61.65000000,0.361
1749267751,0.42800000,14.32000000,0.361
1749267751,0.42900000,1570.04000000,0.361
1749267751,0.43000000,209.78000000,0.361
1749267751,0.43100000,1286.24000000,0.361
1749267751,0.43200000,1669.25000000,0.361
1749267751,0.43300000,123.94000000,0.361
1749267751,0.43400000,1320.48000000,0.361
1749267751,0.43500000,62.83000000,0.361
1749267751,0.43600000,1458.91000000,0.361
1749267751,0.43700000,125.09000000,0.361
1749267751,0.43800000,113.11000000,0.361
