timestamp,price,volume,current_price
1749260808,0.96310000,595.00000000,0.9627
1749260808,0.96330000,468.00000000,0.9627
1749260808,0.96400000,438.65000000,0.9627
1749260808,0.96420000,234.00000000,0.9627
1749260808,0.96470000,57.58000000,0.9627
1749260808,0.96480000,438.65000000,0.9627
1749260808,0.96490000,57.58000000,0.9627
1749260808,0.96540000,37.20000000,0.9627
1749260808,0.96550000,234.00000000,0.9627
1749260808,0.96560000,469.47000000,0.9627
1749260808,0.96600000,234.00000000,0.9627
1749260808,0.96610000,234.00000000,0.9627
1749260808,0.96630000,234.00000000,0.9627
1749260808,0.96640000,438.65000000,0.9627
1749260808,0.96650000,2954.59000000,0.9627
1749260808,0.96660000,1364.13000000,0.9627
1749260808,0.96670000,234.00000000,0.9627
1749260808,0.96680000,234.00000000,0.9627
1749260808,0.96690000,234.00000000,0.9627
1749260808,0.96700000,399.91000000,0.9627
1749260808,0.96720000,371.27000000,0.9627
1749260808,0.96730000,234.00000000,0.9627
1749260808,0.96740000,234.00000000,0.9627
1749260808,0.96750000,438.65000000,0.9627
1749260808,0.96820000,371.16000000,0.9627
1749260808,0.96830000,204.65000000,0.9627
1749260808,0.96970000,204.65000000,0.9627
1749260808,0.97130000,257.90000000,0.9627
1749260808,0.97230000,680.73000000,0.9627
1749260808,0.97270000,129.53000000,0.9627
1749260808,0.97290000,204.65000000,0.9627
1749260808,0.97380000,11.00000000,0.9627
1749260808,0.97800000,81.76000000,0.9627
1749260808,0.97940000,25.37000000,0.9627
1749260808,0.98090000,166.89000000,0.9627
1749260808,0.98100000,1687.19000000,0.9627
1749260808,0.98200000,10.00000000,0.9627
1749260808,0.98300000,10.00000000,0.9627
1749260808,0.98310000,104.11000000,0.9627
1749260808,0.98340000,83.00000000,0.9627
1749260808,0.98350000,10.89000000,0.9627
1749260808,0.98380000,12.19000000,0.9627
1749260808,0.98400000,10.00000000,0.9627
1749260808,0.98430000,160.00000000,0.9627
1749260808,0.98500000,22.90000000,0.9627
1749260808,0.98600000,10.00000000,0.9627
1749260808,0.98680000,62.98000000,0.9627
1749260808,0.98700000,10.00000000,0.9627
1749260808,0.98720000,459.57000000,0.9627
1749260808,0.98750000,11.61000000,0.9627
1749260808,0.98800000,10.00000000,0.9627
1749260808,0.98880000,83.00000000,0.9627
1749260808,0.98900000,10.00000000,0.9627
1749260808,0.99000000,10.00000000,0.9627
1749260808,0.99070000,487.40000000,0.9627
1749260808,0.99080000,1675.65000000,0.9627
1749260808,0.99100000,1183.04000000,0.9627
1749260808,0.99110000,25.07000000,0.9627
1749260808,0.99200000,10.00000000,0.9627
1749260808,0.99240000,460.85000000,0.9627
1749260808,0.99300000,10.00000000,0.9627
1749260808,0.99320000,10.79000000,0.9627
1749260808,0.99400000,10.00000000,0.9627
1749260808,0.99420000,109.86000000,0.9627
1749260808,0.99430000,83.00000000,0.9627
1749260808,0.99500000,10.00000000,0.9627
1749260808,0.99600000,766.18000000,0.9627
1749260808,0.99700000,10.00000000,0.9627
1749260808,0.99800000,10.00000000,0.9627
1749260808,0.99820000,536.87000000,0.9627
1749260808,0.99900000,18.76000000,0.9627
1749260808,0.99970000,83.00000000,0.9627
1749260808,0.99990000,17.27000000,0.9627
1749260808,1.00000000,1875.23000000,0.9627
1749260808,1.00100000,10.00000000,0.9627
1749260808,1.00140000,62.05000000,0.9627
1749260808,1.00200000,10.00000000,0.9627
1749260808,1.00300000,34.78000000,0.9627
1749260808,1.00310000,10.68000000,0.9627
1749260808,1.00400000,10.00000000,0.9627
1749260808,1.00430000,160.00000000,0.9627
1749260808,1.00500000,10.00000000,0.9627
1749260808,1.00520000,83.00000000,0.9627
1749260808,1.00600000,10.00000000,0.9627
1749260808,1.00630000,11.61000000,0.9627
1749260808,1.00700000,10.00000000,0.9627
1749260808,1.00740000,968.91000000,0.9627
1749260808,1.00800000,10.00000000,0.9627
1749260808,1.00810000,8.69000000,0.9627
1749260808,1.00900000,10.00000000,0.9627
1749260808,1.00990000,11.88000000,0.9627
1749260808,1.01000000,380.63000000,0.9627
1749260808,1.01060000,9.90000000,0.9627
1749260808,1.01100000,10.00000000,0.9627
1749260808,1.01120000,82.00000000,0.9627
1749260808,1.01190000,11.11000000,0.9627
1749260808,1.01200000,10.00000000,0.9627
1749260808,1.01230000,37.03000000,0.9627
1749260808,1.01300000,20.58000000,0.9627
1749260808,1.01380000,76.49000000,0.9627
1749261124,0.96300000,234.00000000,0.9633
1749261124,0.96310000,161.22000000,0.9633
1749261124,0.96320000,234.00000000,0.9633
1749261124,0.96330000,234.00000000,0.9633
1749261124,0.96360000,234.00000000,0.9633
1749261124,0.96370000,234.00000000,0.9633
1749261124,0.96390000,204.65000000,0.9633
1749261124,0.96400000,234.00000000,0.9633
1749261124,0.96410000,234.00000000,0.9633
1749261124,0.96420000,234.00000000,0.9633
1749261124,0.96470000,62.47000000,0.9633
1749261124,0.96480000,204.65000000,0.9633
1749261124,0.96510000,62.43000000,0.9633
1749261124,0.96520000,234.00000000,0.9633
1749261124,0.96540000,30.82000000,0.9633
1749261124,0.96550000,234.00000000,0.9633
1749261124,0.96560000,438.65000000,0.9633
1749261124,0.96600000,234.00000000,0.9633
1749261124,0.96620000,13.92000000,0.9633
1749261124,0.96630000,234.00000000,0.9633
1749261124,0.96640000,438.65000000,0.9633
1749261124,0.96650000,363.47000000,0.9633
1749261124,0.96660000,1364.13000000,0.9633
1749261124,0.96670000,234.00000000,0.9633
1749261124,0.96690000,402.49000000,0.9633
1749261124,0.96720000,371.07000000,0.9633
1749261124,0.96730000,2590.88000000,0.9633
1749261124,0.96740000,234.00000000,0.9633
1749261124,0.96750000,438.65000000,0.9633
1749261124,0.96790000,137.07000000,0.9633
1749261124,0.96800000,234.00000000,0.9633
1749261124,0.96810000,370.97000000,0.9633
1749261124,0.96820000,234.00000000,0.9633
1749261124,0.96830000,438.65000000,0.9633
1749261124,0.96870000,183.67000000,0.9633
1749261124,0.96880000,234.00000000,0.9633
1749261124,0.96960000,137.24000000,0.9633
1749261124,0.96970000,263.41000000,0.9633
1749261124,0.97130000,257.90000000,0.9633
1749261124,0.97270000,83.08000000,0.9633
1749261124,0.97290000,204.65000000,0.9633
1749261124,0.97380000,11.00000000,0.9633
1749261124,0.97400000,72.13000000,0.9633
1749261124,0.97410000,673.02000000,0.9633
1749261124,0.97450000,204.65000000,0.9633
1749261124,0.97800000,81.76000000,0.9633
1749261124,0.97940000,25.37000000,0.9633
1749261124,0.97990000,265.11000000,0.9633
1749261124,0.98000000,1576.31000000,0.9633
1749261124,0.98090000,140.84000000,0.9633
1749261124,0.98100000,1687.19000000,0.9633
1749261124,0.98200000,10.00000000,0.9633
1749261124,0.98300000,10.00000000,0.9633
1749261124,0.98310000,104.11000000,0.9633
1749261124,0.98340000,83.00000000,0.9633
1749261124,0.98350000,10.89000000,0.9633
1749261124,0.98380000,12.19000000,0.9633
1749261124,0.98400000,10.00000000,0.9633
1749261124,0.98430000,160.00000000,0.9633
1749261124,0.98500000,22.90000000,0.9633
1749261124,0.98600000,10.00000000,0.9633
1749261124,0.98680000,62.98000000,0.9633
1749261124,0.98700000,10.00000000,0.9633
1749261124,0.98720000,459.57000000,0.9633
1749261124,0.98750000,11.61000000,0.9633
1749261124,0.98800000,10.00000000,0.9633
1749261124,0.98880000,83.00000000,0.9633
1749261124,0.98900000,10.00000000,0.9633
1749261124,0.99000000,10.00000000,0.9633
1749261124,0.99070000,176.21000000,0.9633
1749261124,0.99080000,1675.65000000,0.9633
1749261124,0.99100000,1183.04000000,0.9633
1749261124,0.99110000,25.07000000,0.9633
1749261124,0.99200000,10.00000000,0.9633
1749261124,0.99240000,460.85000000,0.9633
1749261124,0.99300000,10.00000000,0.9633
1749261124,0.99320000,10.79000000,0.9633
1749261124,0.99400000,10.00000000,0.9633
1749261124,0.99430000,83.00000000,0.9633
1749261124,0.99450000,109.86000000,0.9633
1749261124,0.99500000,10.00000000,0.9633
1749261124,0.99600000,766.18000000,0.9633
1749261124,0.99700000,10.00000000,0.9633
1749261124,0.99800000,10.00000000,0.9633
1749261124,0.99820000,536.87000000,0.9633
1749261124,0.99900000,18.76000000,0.9633
1749261124,0.99970000,83.00000000,0.9633
1749261124,0.99990000,17.27000000,0.9633
1749261124,1.00000000,1875.23000000,0.9633
1749261124,1.00100000,10.00000000,0.9633
1749261124,1.00140000,62.05000000,0.9633
1749261124,1.00200000,10.00000000,0.9633
1749261124,1.00300000,34.78000000,0.9633
1749261124,1.00310000,10.68000000,0.9633
1749261124,1.00400000,10.00000000,0.9633
1749261124,1.00430000,160.00000000,0.9633
1749261124,1.00500000,10.00000000,0.9633
1749261124,1.00520000,83.00000000,0.9633
1749261124,1.00600000,10.00000000,0.9633
1749261124,1.00630000,11.61000000,0.9633
1749261441,0.96100000,234.00000000,0.961
1749261441,0.96110000,14.86000000,0.961
1749261441,0.96130000,234.00000000,0.961
1749261441,0.96210000,234.00000000,0.961
1749261441,0.96230000,62.64000000,0.961
1749261441,0.96240000,204.65000000,0.961
1749261441,0.96310000,296.57000000,0.961
1749261441,0.96320000,438.65000000,0.961
1749261441,0.96390000,30.82000000,0.961
1749261441,0.96400000,234.00000000,0.961
1749261441,0.96430000,23.05000000,0.961
1749261441,0.96440000,363.47000000,0.961
1749261441,0.96470000,234.00000000,0.961
1749261441,0.96480000,438.65000000,0.961
1749261441,0.96500000,400.91000000,0.961
1749261441,0.96520000,2581.08000000,0.961
1749261441,0.96530000,234.00000000,0.961
1749261441,0.96540000,137.41000000,0.961
1749261441,0.96550000,234.00000000,0.961
1749261441,0.96560000,438.65000000,0.961
1749261441,0.96610000,234.00000000,0.961
1749261441,0.96620000,137.41000000,0.961
1749261441,0.96630000,234.00000000,0.961
1749261441,0.96640000,438.65000000,0.961
1749261441,0.96650000,371.41000000,0.961
1749261441,0.96660000,1364.13000000,0.961
1749261441,0.96740000,234.00000000,0.961
1749261441,0.96750000,438.65000000,0.961
1749261441,0.96820000,234.00000000,0.961
1749261441,0.96830000,438.65000000,0.961
1749261441,0.96880000,234.00000000,0.961
1749261441,0.96970000,438.65000000,0.961
1749261441,0.97080000,100.55000000,0.961
1749261441,0.97130000,204.65000000,0.961
1749261441,0.97190000,674.28000000,0.961
1749261441,0.97270000,136.66000000,0.961
1749261441,0.97290000,204.65000000,0.961
1749261441,0.97380000,11.00000000,0.961
1749261441,0.97450000,204.65000000,0.961
1749261441,0.97800000,81.76000000,0.961
1749261441,0.97940000,25.37000000,0.961
1749261441,0.97990000,434.64000000,0.961
1749261441,0.98000000,1576.31000000,0.961
1749261441,0.98100000,1687.19000000,0.961
1749261441,0.98200000,10.00000000,0.961
1749261441,0.98300000,10.00000000,0.961
1749261441,0.98310000,104.11000000,0.961
1749261441,0.98340000,83.00000000,0.961
1749261441,0.98350000,10.89000000,0.961
1749261441,0.98380000,12.19000000,0.961
1749261441,0.98400000,10.00000000,0.961
1749261441,0.98430000,160.00000000,0.961
1749261441,0.98500000,22.90000000,0.961
1749261441,0.98600000,10.00000000,0.961
1749261441,0.98680000,62.98000000,0.961
1749261441,0.98700000,10.00000000,0.961
1749261441,0.98720000,459.57000000,0.961
1749261441,0.98750000,11.61000000,0.961
1749261441,0.98800000,10.00000000,0.961
1749261441,0.98880000,83.00000000,0.961
1749261441,0.98900000,10.00000000,0.961
1749261441,0.99000000,10.00000000,0.961
1749261441,0.99070000,219.65000000,0.961
1749261441,0.99080000,1675.65000000,0.961
1749261441,0.99100000,1183.04000000,0.961
1749261441,0.99110000,25.07000000,0.961
1749261441,0.99200000,10.00000000,0.961
1749261441,0.99240000,460.85000000,0.961
1749261441,0.99270000,109.86000000,0.961
1749261441,0.99300000,10.00000000,0.961
1749261441,0.99320000,10.79000000,0.961
1749261441,0.99400000,10.00000000,0.961
1749261441,0.99430000,83.00000000,0.961
1749261441,0.99500000,10.00000000,0.961
1749261441,0.99600000,766.18000000,0.961
1749261441,0.99700000,10.00000000,0.961
1749261441,0.99800000,10.00000000,0.961
1749261441,0.99820000,536.87000000,0.961
1749261441,0.99900000,18.76000000,0.961
1749261441,0.99970000,83.00000000,0.961
1749261441,0.99990000,17.27000000,0.961
1749261441,1.00000000,4152.23000000,0.961
1749261441,1.00100000,10.00000000,0.961
1749261441,1.00140000,62.05000000,0.961
1749261441,1.00200000,10.00000000,0.961
1749261441,1.00300000,34.78000000,0.961
1749261441,1.00310000,10.68000000,0.961
1749261441,1.00400000,10.00000000,0.961
1749261441,1.00430000,160.00000000,0.961
1749261441,1.00500000,10.00000000,0.961
1749261441,1.00520000,83.00000000,0.961
1749261441,1.00600000,10.00000000,0.961
1749261441,1.00630000,11.61000000,0.961
1749261441,1.00700000,10.00000000,0.961
1749261441,1.00740000,968.91000000,0.961
1749261441,1.00800000,10.00000000,0.961
1749261441,1.00810000,8.69000000,0.961
1749261441,1.00900000,10.00000000,0.961
1749261441,1.00990000,11.88000000,0.961
1749261441,1.01000000,380.63000000,0.961
1749261757,0.95820000,329.10000000,0.9569
1749261757,0.95910000,234.00000000,0.9569
1749261757,0.95920000,204.65000000,0.9569
1749261757,0.95980000,5.24000000,0.9569
1749261757,0.95990000,294.79000000,0.9569
1749261757,0.96000000,438.65000000,0.9569
1749261757,0.96040000,60.79000000,0.9569
1749261757,0.96050000,264.82000000,0.9569
1749261757,0.96070000,234.00000000,0.9569
1749261757,0.96080000,438.65000000,0.9569
1749261757,0.96130000,363.47000000,0.9569
1749261757,0.96140000,165.59000000,0.9569
1749261757,0.96150000,234.00000000,0.9569
1749261757,0.96160000,438.65000000,0.9569
1749261757,0.96210000,39.66000000,0.9569
1749261757,0.96220000,2583.42000000,0.9569
1749261757,0.96230000,234.00000000,0.9569
1749261757,0.96240000,438.65000000,0.9569
1749261757,0.96300000,137.85000000,0.9569
1749261757,0.96310000,234.00000000,0.9569
1749261757,0.96320000,438.65000000,0.9569
1749261757,0.96350000,371.70000000,0.9569
1749261757,0.96380000,137.85000000,0.9569
1749261757,0.96390000,371.84000000,0.9569
1749261757,0.96400000,438.65000000,0.9569
1749261757,0.96470000,234.00000000,0.9569
1749261757,0.96480000,438.65000000,0.9569
1749261757,0.96550000,234.00000000,0.9569
1749261757,0.96560000,438.65000000,0.9569
1749261757,0.96630000,302.15000000,0.9569
1749261757,0.96640000,438.65000000,0.9569
1749261757,0.96650000,234.00000000,0.9569
1749261757,0.96660000,1364.13000000,0.9569
1749261757,0.96730000,47.39000000,0.9569
1749261757,0.96750000,257.60000000,0.9569
1749261757,0.96830000,204.65000000,0.9569
1749261757,0.96910000,671.11000000,0.9569
1749261757,0.96930000,46.66000000,0.9569
1749261757,0.96970000,204.65000000,0.9569
1749261757,0.97050000,12.27000000,0.9569
1749261757,0.97270000,83.08000000,0.9569
1749261757,0.97380000,11.00000000,0.9569
1749261757,0.97800000,81.76000000,0.9569
1749261757,0.97940000,25.37000000,0.9569
1749261757,0.97990000,289.53000000,0.9569
1749261757,0.98000000,1823.33000000,0.9569
1749261757,0.98090000,97.40000000,0.9569
1749261757,0.98100000,1697.19000000,0.9569
1749261757,0.98200000,10.00000000,0.9569
1749261757,0.98300000,10.00000000,0.9569
1749261757,0.98310000,104.11000000,0.9569
1749261757,0.98340000,83.00000000,0.9569
1749261757,0.98350000,10.89000000,0.9569
1749261757,0.98400000,10.00000000,0.9569
1749261757,0.98430000,160.00000000,0.9569
1749261757,0.98500000,22.90000000,0.9569
1749261757,0.98520000,1705.95000000,0.9569
1749261757,0.98600000,10.00000000,0.9569
1749261757,0.98680000,62.98000000,0.9569
1749261757,0.98700000,10.00000000,0.9569
1749261757,0.98720000,459.57000000,0.9569
1749261757,0.98750000,11.61000000,0.9569
1749261757,0.98800000,10.00000000,0.9569
1749261757,0.98880000,83.00000000,0.9569
1749261757,0.98900000,10.00000000,0.9569
1749261757,0.98930000,109.86000000,0.9569
1749261757,0.98980000,460.85000000,0.9569
1749261757,0.99000000,10.00000000,0.9569
1749261757,0.99070000,267.36000000,0.9569
1749261757,0.99100000,1183.04000000,0.9569
1749261757,0.99110000,25.07000000,0.9569
1749261757,0.99200000,10.00000000,0.9569
1749261757,0.99300000,10.00000000,0.9569
1749261757,0.99320000,10.79000000,0.9569
1749261757,0.99400000,10.00000000,0.9569
1749261757,0.99430000,83.00000000,0.9569
1749261757,0.99500000,10.00000000,0.9569
1749261757,0.99570000,536.87000000,0.9569
1749261757,0.99600000,766.18000000,0.9569
1749261757,0.99700000,10.00000000,0.9569
1749261757,0.99800000,10.00000000,0.9569
1749261757,0.99900000,18.76000000,0.9569
1749261757,0.99970000,83.00000000,0.9569
1749261757,0.99990000,17.27000000,0.9569
1749261757,1.00000000,4152.23000000,0.9569
1749261757,1.00100000,10.00000000,0.9569
1749261757,1.00140000,62.05000000,0.9569
1749261757,1.00200000,10.00000000,0.9569
1749261757,1.00300000,34.78000000,0.9569
1749261757,1.00310000,10.68000000,0.9569
1749261757,1.00400000,10.00000000,0.9569
1749261757,1.00430000,160.00000000,0.9569
1749261757,1.00470000,968.91000000,0.9569
1749261757,1.00500000,10.00000000,0.9569
1749261757,1.00520000,83.00000000,0.9569
1749261757,1.00600000,10.00000000,0.9569
1749261757,1.00630000,11.61000000,0.9569
1749261757,1.00700000,10.00000000,0.9569
1749261757,1.00800000,10.00000000,0.9569
1749261757,1.00810000,8.69000000,0.9569
1749262060,0.95900000,331.12000000,0.959
1749262060,0.96000000,234.00000000,0.959
1749262060,0.96030000,60.78000000,0.959
1749262060,0.96040000,438.65000000,0.959
1749262060,0.96070000,60.78000000,0.959
1749262060,0.96110000,234.00000000,0.959
1749262060,0.96120000,235.47000000,0.959
1749262060,0.96130000,234.00000000,0.959
1749262060,0.96140000,399.59000000,0.959
1749262060,0.96160000,234.00000000,0.959
1749262060,0.96180000,129.47000000,0.959
1749262060,0.96190000,234.00000000,0.959
1749262060,0.96200000,438.65000000,0.959
1749262060,0.96270000,234.00000000,0.959
1749262060,0.96280000,438.65000000,0.959
1749262060,0.96330000,2599.69000000,0.959
1749262060,0.96340000,234.00000000,0.959
1749262060,0.96350000,371.90000000,0.959
1749262060,0.96360000,438.65000000,0.959
1749262060,0.96390000,137.90000000,0.959
1749262060,0.96400000,234.00000000,0.959
1749262060,0.96460000,137.74000000,0.959
1749262060,0.96470000,291.48000000,0.959
1749262060,0.96480000,234.00000000,0.959
1749262060,0.96520000,204.65000000,0.959
1749262060,0.96550000,304.60000000,0.959
1749262060,0.96560000,234.00000000,0.959
1749262060,0.96620000,204.65000000,0.959
1749262060,0.96630000,239.48000000,0.959
1749262060,0.96650000,234.00000000,0.959
1749262060,0.96660000,1364.13000000,0.959
1749262060,0.96730000,47.39000000,0.959
1749262060,0.96780000,204.65000000,0.959
1749262060,0.96910000,671.11000000,0.959
1749262060,0.96940000,204.65000000,0.959
1749262060,0.96980000,46.61000000,0.959
1749262060,0.97050000,12.27000000,0.959
1749262060,0.97270000,83.08000000,0.959
1749262060,0.97380000,11.00000000,0.959
1749262060,0.97800000,81.76000000,0.959
1749262060,0.97940000,25.37000000,0.959
1749262060,0.97990000,386.93000000,0.959
1749262060,0.98000000,1823.33000000,0.959
1749262060,0.98090000,176.21000000,0.959
1749262060,0.98100000,1697.19000000,0.959
1749262060,0.98200000,10.00000000,0.959
1749262060,0.98300000,10.00000000,0.959
1749262060,0.98310000,104.11000000,0.959
1749262060,0.98340000,83.00000000,0.959
1749262060,0.98350000,10.89000000,0.959
1749262060,0.98400000,10.00000000,0.959
1749262060,0.98430000,160.00000000,0.959
1749262060,0.98500000,22.90000000,0.959
1749262060,0.98510000,91.15000000,0.959
1749262060,0.98520000,1705.95000000,0.959
1749262060,0.98600000,10.00000000,0.959
1749262060,0.98680000,62.98000000,0.959
1749262060,0.98700000,10.00000000,0.959
1749262060,0.98720000,459.57000000,0.959
1749262060,0.98750000,11.61000000,0.959
1749262060,0.98800000,10.00000000,0.959
1749262060,0.98880000,83.00000000,0.959
1749262060,0.98900000,10.00000000,0.959
1749262060,0.98980000,460.85000000,0.959
1749262060,0.99000000,10.00000000,0.959
1749262060,0.99030000,109.86000000,0.959
1749262060,0.99100000,1183.04000000,0.959
1749262060,0.99110000,25.07000000,0.959
1749262060,0.99200000,10.00000000,0.959
1749262060,0.99300000,10.00000000,0.959
1749262060,0.99320000,10.79000000,0.959
1749262060,0.99400000,10.00000000,0.959
1749262060,0.99430000,83.00000000,0.959
1749262060,0.99500000,10.00000000,0.959
1749262060,0.99570000,536.87000000,0.959
1749262060,0.99600000,766.18000000,0.959
1749262060,0.99700000,10.00000000,0.959
1749262060,0.99800000,10.00000000,0.959
1749262060,0.99900000,18.76000000,0.959
1749262060,0.99970000,83.00000000,0.959
1749262060,0.99990000,17.27000000,0.959
1749262060,1.00000000,4868.50000000,0.959
1749262060,1.00100000,10.00000000,0.959
1749262060,1.00140000,62.05000000,0.959
1749262060,1.00200000,10.00000000,0.959
1749262060,1.00300000,34.78000000,0.959
1749262060,1.00310000,10.68000000,0.959
1749262060,1.00400000,10.00000000,0.959
1749262060,1.00430000,160.00000000,0.959
1749262060,1.00470000,968.91000000,0.959
1749262060,1.00500000,10.00000000,0.959
1749262060,1.00520000,83.00000000,0.959
1749262060,1.00600000,10.00000000,0.959
1749262060,1.00630000,11.61000000,0.959
1749262060,1.00700000,10.00000000,0.959
1749262060,1.00800000,10.00000000,0.959
1749262060,1.00810000,8.69000000,0.959
1749262060,1.00900000,10.00000000,0.959
1749262060,1.00990000,11.88000000,0.959
1749262060,1.01000000,380.63000000,0.959
1749262366,0.96250000,102.90000000,0.9617
1749262366,0.96310000,155.11000000,0.9617
1749262366,0.96360000,14.86000000,0.9617
1749262366,0.96400000,204.65000000,0.9617
1749262366,0.96470000,16.59000000,0.9617
1749262366,0.96480000,204.65000000,0.9617
1749262366,0.96550000,16.59000000,0.9617
1749262366,0.96560000,204.65000000,0.9617
1749262366,0.96630000,146.14000000,0.9617
1749262366,0.96640000,204.65000000,0.9617
1749262366,0.96660000,1130.13000000,0.9617
1749262366,0.96680000,234.00000000,0.9617
1749262366,0.96730000,47.39000000,0.9617
1749262366,0.96740000,137.13000000,0.9617
1749262366,0.96750000,234.00000000,0.9617
1749262366,0.96760000,305.11000000,0.9617
1749262366,0.96770000,234.00000000,0.9617
1749262366,0.96780000,438.65000000,0.9617
1749262366,0.96850000,137.17000000,0.9617
1749262366,0.96860000,234.00000000,0.9617
1749262366,0.96910000,136.92000000,0.9617
1749262366,0.96930000,234.00000000,0.9617
1749262366,0.96940000,438.65000000,0.9617
1749262366,0.96950000,136.83000000,0.9617
1749262366,0.96960000,234.00000000,0.9617
1749262366,0.97050000,12.27000000,0.9617
1749262366,0.97100000,204.65000000,0.9617
1749262366,0.97120000,46.58000000,0.9617
1749262366,0.97260000,204.65000000,0.9617
1749262366,0.97270000,83.08000000,0.9617
1749262366,0.97380000,678.95000000,0.9617
1749262366,0.97420000,204.65000000,0.9617
1749262366,0.97580000,204.65000000,0.9617
1749262366,0.97800000,81.76000000,0.9617
1749262366,0.97940000,25.37000000,0.9617
1749262366,0.97990000,72.13000000,0.9617
1749262366,0.98000000,1823.33000000,0.9617
1749262366,0.98100000,1697.19000000,0.9617
1749262366,0.98200000,10.00000000,0.9617
1749262366,0.98300000,10.00000000,0.9617
1749262366,0.98310000,104.11000000,0.9617
1749262366,0.98340000,83.00000000,0.9617
1749262366,0.98350000,10.89000000,0.9617
1749262366,0.98400000,10.00000000,0.9617
1749262366,0.98430000,160.00000000,0.9617
1749262366,0.98500000,22.90000000,0.9617
1749262366,0.98600000,10.00000000,0.9617
1749262366,0.98680000,62.98000000,0.9617
1749262366,0.98700000,10.00000000,0.9617
1749262366,0.98720000,459.57000000,0.9617
1749262366,0.98750000,11.61000000,0.9617
1749262366,0.98800000,10.00000000,0.9617
1749262366,0.98880000,83.00000000,0.9617
1749262366,0.98900000,10.00000000,0.9617
1749262366,0.99000000,10.00000000,0.9617
1749262366,0.99080000,582.16000000,0.9617
1749262366,0.99090000,1692.43000000,0.9617
1749262366,0.99100000,1183.04000000,0.9617
1749262366,0.99110000,25.07000000,0.9617
1749262366,0.99200000,10.00000000,0.9617
1749262366,0.99230000,460.85000000,0.9617
1749262366,0.99300000,10.00000000,0.9617
1749262366,0.99320000,10.79000000,0.9617
1749262366,0.99400000,10.00000000,0.9617
1749262366,0.99430000,192.86000000,0.9617
1749262366,0.99500000,10.00000000,0.9617
1749262366,0.99600000,766.18000000,0.9617
1749262366,0.99700000,10.00000000,0.9617
1749262366,0.99800000,10.00000000,0.9617
1749262366,0.99820000,536.87000000,0.9617
1749262366,0.99900000,18.76000000,0.9617
1749262366,0.99970000,83.00000000,0.9617
1749262366,0.99990000,17.27000000,0.9617
1749262366,1.00000000,4868.50000000,0.9617
1749262366,1.00100000,10.00000000,0.9617
1749262366,1.00140000,62.05000000,0.9617
1749262366,1.00200000,10.00000000,0.9617
1749262366,1.00300000,34.78000000,0.9617
1749262366,1.00310000,10.68000000,0.9617
1749262366,1.00400000,10.00000000,0.9617
1749262366,1.00430000,160.00000000,0.9617
1749262366,1.00500000,10.00000000,0.9617
1749262366,1.00520000,83.00000000,0.9617
1749262366,1.00600000,10.00000000,0.9617
1749262366,1.00630000,11.61000000,0.9617
1749262366,1.00700000,10.00000000,0.9617
1749262366,1.00730000,968.91000000,0.9617
1749262366,1.00800000,10.00000000,0.9617
1749262366,1.00810000,8.69000000,0.9617
1749262366,1.00900000,10.00000000,0.9617
1749262366,1.00990000,11.88000000,0.9617
1749262366,1.01000000,380.63000000,0.9617
1749262366,1.01060000,9.90000000,0.9617
1749262366,1.01100000,10.00000000,0.9617
1749262366,1.01120000,82.00000000,0.9617
1749262366,1.01190000,11.11000000,0.9617
1749262366,1.01200000,10.00000000,0.9617
1749262366,1.01230000,37.03000000,0.9617
1749262366,1.01300000,20.58000000,0.9617
1749262366,1.01380000,76.49000000,0.9617
1749262668,0.96260000,338.69000000,0.9612
1749262668,0.96280000,248.87000000,0.9612
1749262668,0.96380000,204.65000000,0.9612
1749262668,0.96410000,234.00000000,0.9612
1749262668,0.96430000,16.59000000,0.9612
1749262668,0.96450000,65.26000000,0.9612
1749262668,0.96460000,234.00000000,0.9612
1749262668,0.96480000,438.65000000,0.9612
1749262668,0.96540000,47.77000000,0.9612
1749262668,0.96550000,234.00000000,0.9612
1749262668,0.96560000,438.65000000,0.9612
1749262668,0.96610000,282.69000000,0.9612
1749262668,0.96630000,234.00000000,0.9612
1749262668,0.96640000,438.65000000,0.9612
1749262668,0.96650000,234.00000000,0.9612
1749262668,0.96660000,1364.13000000,0.9612
1749262668,0.96710000,371.22000000,0.9612
1749262668,0.96720000,371.10000000,0.9612
1749262668,0.96730000,451.50000000,0.9612
1749262668,0.96760000,137.10000000,0.9612
1749262668,0.96770000,234.00000000,0.9612
1749262668,0.96780000,438.65000000,0.9612
1749262668,0.96920000,137.10000000,0.9612
1749262668,0.96930000,371.10000000,0.9612
1749262668,0.96940000,204.65000000,0.9612
1749262668,0.96980000,46.68000000,0.9612
1749262668,0.97000000,326.54000000,0.9612
1749262668,0.97050000,12.27000000,0.9612
1749262668,0.97100000,204.65000000,0.9612
1749262668,0.97260000,204.65000000,0.9612
1749262668,0.97270000,83.08000000,0.9612
1749262668,0.97380000,678.95000000,0.9612
1749262668,0.97420000,204.65000000,0.9612
1749262668,0.97580000,204.65000000,0.9612
1749262668,0.97800000,81.76000000,0.9612
1749262668,0.97940000,25.37000000,0.9612
1749262668,0.97990000,141.62000000,0.9612
1749262668,0.98000000,1823.33000000,0.9612
1749262668,0.98090000,147.91000000,0.9612
1749262668,0.98100000,1697.19000000,0.9612
1749262668,0.98200000,10.00000000,0.9612
1749262668,0.98300000,10.00000000,0.9612
1749262668,0.98310000,104.11000000,0.9612
1749262668,0.98340000,83.00000000,0.9612
1749262668,0.98350000,10.89000000,0.9612
1749262668,0.98400000,10.00000000,0.9612
1749262668,0.98430000,160.00000000,0.9612
1749262668,0.98500000,22.90000000,0.9612
1749262668,0.98600000,10.00000000,0.9612
1749262668,0.98680000,62.98000000,0.9612
1749262668,0.98700000,10.00000000,0.9612
1749262668,0.98720000,459.57000000,0.9612
1749262668,0.98750000,11.61000000,0.9612
1749262668,0.98800000,10.00000000,0.9612
1749262668,0.98880000,83.00000000,0.9612
1749262668,0.98900000,10.00000000,0.9612
1749262668,0.99000000,10.00000000,0.9612
1749262668,0.99080000,364.76000000,0.9612
1749262668,0.99090000,1692.43000000,0.9612
1749262668,0.99100000,1183.04000000,0.9612
1749262668,0.99110000,25.07000000,0.9612
1749262668,0.99200000,10.00000000,0.9612
1749262668,0.99230000,460.85000000,0.9612
1749262668,0.99300000,10.00000000,0.9612
1749262668,0.99320000,10.79000000,0.9612
1749262668,0.99400000,10.00000000,0.9612
1749262668,0.99420000,109.86000000,0.9612
1749262668,0.99430000,83.00000000,0.9612
1749262668,0.99500000,10.00000000,0.9612
1749262668,0.99600000,766.18000000,0.9612
1749262668,0.99700000,10.00000000,0.9612
1749262668,0.99800000,10.00000000,0.9612
1749262668,0.99820000,536.87000000,0.9612
1749262668,0.99900000,18.76000000,0.9612
1749262668,0.99970000,83.00000000,0.9612
1749262668,0.99990000,17.27000000,0.9612
1749262668,1.00000000,4868.50000000,0.9612
1749262668,1.00100000,10.00000000,0.9612
1749262668,1.00140000,62.05000000,0.9612
1749262668,1.00200000,10.00000000,0.9612
1749262668,1.00300000,34.78000000,0.9612
1749262668,1.00310000,10.68000000,0.9612
1749262668,1.00400000,10.00000000,0.9612
1749262668,1.00430000,160.00000000,0.9612
1749262668,1.00500000,10.00000000,0.9612
1749262668,1.00520000,83.00000000,0.9612
1749262668,1.00600000,10.00000000,0.9612
1749262668,1.00630000,11.61000000,0.9612
1749262668,1.00700000,10.00000000,0.9612
1749262668,1.00730000,968.91000000,0.9612
1749262668,1.00800000,10.00000000,0.9612
1749262668,1.00810000,8.69000000,0.9612
1749262668,1.00900000,10.00000000,0.9612
1749262668,1.00990000,11.88000000,0.9612
1749262668,1.01000000,380.63000000,0.9612
1749262668,1.01060000,9.90000000,0.9612
1749262668,1.01100000,10.00000000,0.9612
1749262668,1.01120000,82.00000000,0.9612
1749262668,1.01190000,11.11000000,0.9612
1749262668,1.01200000,10.00000000,0.9612
1749262970,0.96070000,405.40000000,0.9601
1749262970,0.96140000,204.65000000,0.9601
1749262970,0.96200000,63.93000000,0.9601
1749262970,0.96210000,234.00000000,0.9601
1749262970,0.96220000,438.65000000,0.9601
1749262970,0.96250000,16.59000000,0.9601
1749262970,0.96260000,234.00000000,0.9601
1749262970,0.96270000,16.59000000,0.9601
1749262970,0.96290000,234.00000000,0.9601
1749262970,0.96300000,438.65000000,0.9601
1749262970,0.96350000,47.77000000,0.9601
1749262970,0.96370000,234.00000000,0.9601
1749262970,0.96380000,438.65000000,0.9601
1749262970,0.96450000,287.24000000,0.9601
1749262970,0.96460000,402.98000000,0.9601
1749262970,0.96470000,234.00000000,0.9601
1749262970,0.96480000,438.65000000,0.9601
1749262970,0.96520000,137.54000000,0.9601
1749262970,0.96530000,234.00000000,0.9601
1749262970,0.96540000,371.39000000,0.9601
1749262970,0.96550000,234.00000000,0.9601
1749262970,0.96560000,438.65000000,0.9601
1749262970,0.96610000,234.00000000,0.9601
1749262970,0.96620000,137.39000000,0.9601
1749262970,0.96630000,234.00000000,0.9601
1749262970,0.96640000,204.65000000,0.9601
1749262970,0.96650000,137.24000000,0.9601
1749262970,0.96660000,1130.13000000,0.9601
1749262970,0.96730000,47.39000000,0.9601
1749262970,0.96780000,204.65000000,0.9601
1749262970,0.96940000,204.65000000,0.9601
1749262970,0.96980000,46.68000000,0.9601
1749262970,0.97000000,326.54000000,0.9601
1749262970,0.97050000,12.27000000,0.9601
1749262970,0.97100000,204.65000000,0.9601
1749262970,0.97120000,678.12000000,0.9601
1749262970,0.97260000,204.65000000,0.9601
1749262970,0.97270000,83.08000000,0.9601
1749262970,0.97380000,11.00000000,0.9601
1749262970,0.97800000,81.76000000,0.9601
1749262970,0.97940000,25.37000000,0.9601
1749262970,0.98000000,1823.33000000,0.9601
1749262970,0.98100000,1697.19000000,0.9601
1749262970,0.98200000,10.00000000,0.9601
1749262970,0.98300000,10.00000000,0.9601
1749262970,0.98310000,104.11000000,0.9601
1749262970,0.98340000,83.00000000,0.9601
1749262970,0.98350000,10.89000000,0.9601
1749262970,0.98400000,10.00000000,0.9601
1749262970,0.98430000,160.00000000,0.9601
1749262970,0.98500000,22.90000000,0.9601
1749262970,0.98600000,10.00000000,0.9601
1749262970,0.98680000,62.98000000,0.9601
1749262970,0.98700000,10.00000000,0.9601
1749262970,0.98720000,459.57000000,0.9601
1749262970,0.98750000,11.61000000,0.9601
1749262970,0.98800000,10.00000000,0.9601
1749262970,0.98880000,83.00000000,0.9601
1749262970,0.98900000,10.00000000,0.9601
1749262970,0.99000000,10.00000000,0.9601
1749262970,0.99070000,72.13000000,0.9601
1749262970,0.99080000,582.16000000,0.9601
1749262970,0.99090000,1692.43000000,0.9601
1749262970,0.99100000,1183.04000000,0.9601
1749262970,0.99110000,25.07000000,0.9601
1749262970,0.99200000,10.00000000,0.9601
1749262970,0.99230000,570.71000000,0.9601
1749262970,0.99300000,10.00000000,0.9601
1749262970,0.99320000,10.79000000,0.9601
1749262970,0.99400000,10.00000000,0.9601
1749262970,0.99430000,83.00000000,0.9601
1749262970,0.99500000,10.00000000,0.9601
1749262970,0.99600000,766.18000000,0.9601
1749262970,0.99700000,10.00000000,0.9601
1749262970,0.99800000,10.00000000,0.9601
1749262970,0.99820000,536.87000000,0.9601
1749262970,0.99900000,18.76000000,0.9601
1749262970,0.99970000,83.00000000,0.9601
1749262970,0.99990000,17.27000000,0.9601
1749262970,1.00000000,4868.50000000,0.9601
1749262970,1.00100000,10.00000000,0.9601
1749262970,1.00140000,62.05000000,0.9601
1749262970,1.00200000,10.00000000,0.9601
1749262970,1.00300000,34.78000000,0.9601
1749262970,1.00310000,10.68000000,0.9601
1749262970,1.00400000,10.00000000,0.9601
1749262970,1.00430000,160.00000000,0.9601
1749262970,1.00500000,10.00000000,0.9601
1749262970,1.00520000,83.00000000,0.9601
1749262970,1.00600000,10.00000000,0.9601
1749262970,1.00630000,11.61000000,0.9601
1749262970,1.00700000,10.00000000,0.9601
1749262970,1.00730000,968.91000000,0.9601
1749262970,1.00800000,10.00000000,0.9601
1749262970,1.00810000,8.69000000,0.9601
1749262970,1.00900000,10.00000000,0.9601
1749262970,1.00990000,11.88000000,0.9601
1749262970,1.01000000,380.63000000,0.9601
1749262970,1.01060000,9.90000000,0.9601
1749262970,1.01100000,10.00000000,0.9601
1749263278,0.96080000,155.57000000,0.9609
1749263278,0.96090000,139.36000000,0.9609
1749263278,0.96140000,5.21000000,0.9609
1749263278,0.96200000,234.00000000,0.9609
1749263278,0.96210000,204.65000000,0.9609
1749263278,0.96220000,234.00000000,0.9609
1749263278,0.96270000,16.59000000,0.9609
1749263278,0.96280000,103.02000000,0.9609
1749263278,0.96290000,250.59000000,0.9609
1749263278,0.96300000,438.65000000,0.9609
1749263278,0.96370000,303.10000000,0.9609
1749263278,0.96380000,438.65000000,0.9609
1749263278,0.96470000,234.00000000,0.9609
1749263278,0.96480000,438.65000000,0.9609
1749263278,0.96540000,137.44000000,0.9609
1749263278,0.96550000,234.00000000,0.9609
1749263278,0.96560000,438.65000000,0.9609
1749263278,0.96570000,371.34000000,0.9609
1749263278,0.96580000,401.68000000,0.9609
1749263278,0.96620000,137.34000000,0.9609
1749263278,0.96630000,234.00000000,0.9609
1749263278,0.96640000,438.65000000,0.9609
1749263278,0.96650000,371.30000000,0.9609
1749263278,0.96660000,1364.13000000,0.9609
1749263278,0.96730000,47.39000000,0.9609
1749263278,0.96770000,137.30000000,0.9609
1749263278,0.96780000,204.65000000,0.9609
1749263278,0.96940000,204.65000000,0.9609
1749263278,0.97000000,326.54000000,0.9609
1749263278,0.97050000,12.27000000,0.9609
1749263278,0.97080000,46.63000000,0.9609
1749263278,0.97100000,204.65000000,0.9609
1749263278,0.97120000,678.12000000,0.9609
1749263278,0.97260000,204.65000000,0.9609
1749263278,0.97270000,83.08000000,0.9609
1749263278,0.97380000,11.00000000,0.9609
1749263278,0.97800000,81.76000000,0.9609
1749263278,0.97940000,25.37000000,0.9609
1749263278,0.98000000,1823.33000000,0.9609
1749263278,0.98100000,1697.19000000,0.9609
1749263278,0.98200000,10.00000000,0.9609
1749263278,0.98300000,10.00000000,0.9609
1749263278,0.98310000,104.11000000,0.9609
1749263278,0.98340000,83.00000000,0.9609
1749263278,0.98350000,10.89000000,0.9609
1749263278,0.98400000,10.00000000,0.9609
1749263278,0.98430000,160.00000000,0.9609
1749263278,0.98500000,22.90000000,0.9609
1749263278,0.98600000,10.00000000,0.9609
1749263278,0.98680000,62.98000000,0.9609
1749263278,0.98700000,10.00000000,0.9609
1749263278,0.98720000,459.57000000,0.9609
1749263278,0.98750000,11.61000000,0.9609
1749263278,0.98800000,10.00000000,0.9609
1749263278,0.98880000,83.00000000,0.9609
1749263278,0.98900000,10.00000000,0.9609
1749263278,0.99000000,10.00000000,0.9609
1749263278,0.99070000,72.13000000,0.9609
1749263278,0.99080000,582.16000000,0.9609
1749263278,0.99090000,1692.43000000,0.9609
1749263278,0.99100000,1183.04000000,0.9609
1749263278,0.99110000,25.07000000,0.9609
1749263278,0.99200000,10.00000000,0.9609
1749263278,0.99230000,570.71000000,0.9609
1749263278,0.99300000,10.00000000,0.9609
1749263278,0.99320000,10.79000000,0.9609
1749263278,0.99400000,10.00000000,0.9609
1749263278,0.99430000,83.00000000,0.9609
1749263278,0.99500000,10.00000000,0.9609
1749263278,0.99600000,766.18000000,0.9609
1749263278,0.99700000,10.00000000,0.9609
1749263278,0.99800000,10.00000000,0.9609
1749263278,0.99820000,536.87000000,0.9609
1749263278,0.99900000,18.76000000,0.9609
1749263278,0.99970000,83.00000000,0.9609
1749263278,0.99990000,17.27000000,0.9609
1749263278,1.00000000,4868.50000000,0.9609
1749263278,1.00100000,10.00000000,0.9609
1749263278,1.00140000,62.05000000,0.9609
1749263278,1.00200000,10.00000000,0.9609
1749263278,1.00300000,34.78000000,0.9609
1749263278,1.00310000,10.68000000,0.9609
1749263278,1.00400000,10.00000000,0.9609
1749263278,1.00430000,160.00000000,0.9609
1749263278,1.00500000,10.00000000,0.9609
1749263278,1.00520000,83.00000000,0.9609
1749263278,1.00600000,10.00000000,0.9609
1749263278,1.00630000,11.61000000,0.9609
1749263278,1.00700000,10.00000000,0.9609
1749263278,1.00730000,968.91000000,0.9609
1749263278,1.00800000,10.00000000,0.9609
1749263278,1.00810000,8.69000000,0.9609
1749263278,1.00900000,10.00000000,0.9609
1749263278,1.00990000,11.88000000,0.9609
1749263278,1.01000000,380.63000000,0.9609
1749263278,1.01060000,9.90000000,0.9609
1749263278,1.01100000,10.00000000,0.9609
1749263278,1.01120000,82.00000000,0.9609
1749263278,1.01190000,11.11000000,0.9609
1749263278,1.01200000,10.00000000,0.9609
1749263580,0.96150000,573.69000000,0.9605
1749263580,0.96280000,88.05000000,0.9605
1749263580,0.96290000,234.00000000,0.9605
1749263580,0.96300000,438.65000000,0.9605
1749263580,0.96350000,16.59000000,0.9605
1749263580,0.96370000,250.59000000,0.9605
1749263580,0.96380000,438.65000000,0.9605
1749263580,0.96450000,55.00000000,0.9605
1749263580,0.96460000,234.00000000,0.9605
1749263580,0.96470000,560.54000000,0.9605
1749263580,0.96480000,438.65000000,0.9605
1749263580,0.96530000,281.47000000,0.9605
1749263580,0.96540000,234.00000000,0.9605
1749263580,0.96550000,399.99000000,0.9605
1749263580,0.96560000,438.65000000,0.9605
1749263580,0.96580000,234.00000000,0.9605
1749263580,0.96630000,305.22000000,0.9605
1749263580,0.96640000,438.65000000,0.9605
1749263580,0.96650000,137.55000000,0.9605
1749263580,0.96660000,1130.13000000,0.9605
1749263580,0.96730000,47.39000000,0.9605
1749263580,0.96770000,137.47000000,0.9605
1749263580,0.96780000,204.65000000,0.9605
1749263580,0.96940000,204.65000000,0.9605
1749263580,0.97050000,58.91000000,0.9605
1749263580,0.97100000,204.65000000,0.9605
1749263580,0.97120000,678.12000000,0.9605
1749263580,0.97260000,204.65000000,0.9605
1749263580,0.97270000,83.08000000,0.9605
1749263580,0.97380000,11.00000000,0.9605
1749263580,0.97800000,81.76000000,0.9605
1749263580,0.97940000,25.37000000,0.9605
1749263580,0.98000000,1823.33000000,0.9605
1749263580,0.98100000,1697.19000000,0.9605
1749263580,0.98200000,10.00000000,0.9605
1749263580,0.98300000,10.00000000,0.9605
1749263580,0.98310000,104.11000000,0.9605
1749263580,0.98340000,83.00000000,0.9605
1749263580,0.98350000,10.89000000,0.9605
1749263580,0.98400000,10.00000000,0.9605
1749263580,0.98430000,160.00000000,0.9605
1749263580,0.98500000,22.90000000,0.9605
1749263580,0.98600000,10.00000000,0.9605
1749263580,0.98680000,62.98000000,0.9605
1749263580,0.98700000,10.00000000,0.9605
1749263580,0.98720000,459.57000000,0.9605
1749263580,0.98750000,11.61000000,0.9605
1749263580,0.98800000,10.00000000,0.9605
1749263580,0.98880000,83.00000000,0.9605
1749263580,0.98900000,10.00000000,0.9605
1749263580,0.99000000,10.00000000,0.9605
1749263580,0.99070000,72.13000000,0.9605
1749263580,0.99080000,582.16000000,0.9605
1749263580,0.99090000,1692.43000000,0.9605
1749263580,0.99100000,1183.04000000,0.9605
1749263580,0.99110000,25.07000000,0.9605
1749263580,0.99200000,10.00000000,0.9605
1749263580,0.99230000,460.85000000,0.9605
1749263580,0.99290000,109.86000000,0.9605
1749263580,0.99300000,10.00000000,0.9605
1749263580,0.99320000,10.79000000,0.9605
1749263580,0.99400000,10.00000000,0.9605
1749263580,0.99430000,83.00000000,0.9605
1749263580,0.99500000,10.00000000,0.9605
1749263580,0.99600000,766.18000000,0.9605
1749263580,0.99700000,10.00000000,0.9605
1749263580,0.99800000,10.00000000,0.9605
1749263580,0.99820000,536.87000000,0.9605
1749263580,0.99900000,18.76000000,0.9605
1749263580,0.99970000,83.00000000,0.9605
1749263580,0.99990000,17.27000000,0.9605
1749263580,1.00000000,4868.50000000,0.9605
1749263580,1.00100000,10.00000000,0.9605
1749263580,1.00140000,62.05000000,0.9605
1749263580,1.00200000,10.00000000,0.9605
1749263580,1.00300000,34.78000000,0.9605
1749263580,1.00310000,10.68000000,0.9605
1749263580,1.00400000,10.00000000,0.9605
1749263580,1.00430000,160.00000000,0.9605
1749263580,1.00500000,10.00000000,0.9605
1749263580,1.00520000,83.00000000,0.9605
1749263580,1.00600000,10.00000000,0.9605
1749263580,1.00630000,11.61000000,0.9605
1749263580,1.00700000,10.00000000,0.9605
1749263580,1.00730000,968.91000000,0.9605
1749263580,1.00800000,10.00000000,0.9605
1749263580,1.00810000,8.69000000,0.9605
1749263580,1.00900000,10.00000000,0.9605
1749263580,1.00990000,11.88000000,0.9605
1749263580,1.01000000,380.63000000,0.9605
1749263580,1.01060000,9.90000000,0.9605
1749263580,1.01100000,10.00000000,0.9605
1749263580,1.01120000,82.00000000,0.9605
1749263580,1.01190000,11.11000000,0.9605
1749263580,1.01200000,10.00000000,0.9605
1749263580,1.01230000,37.03000000,0.9605
1749263580,1.01250000,280.41000000,0.9605
1749263580,1.01300000,20.58000000,0.9605
1749263580,1.01380000,76.49000000,0.9605
1749263580,1.01400000,10.00000000,0.9605
1749263881,0.96160000,234.00000000,0.9618
1749263881,0.96170000,347.22000000,0.9618
1749263881,0.96190000,29.72000000,0.9618
1749263881,0.96310000,73.08000000,0.9618
1749263881,0.96320000,250.59000000,0.9618
1749263881,0.96330000,438.65000000,0.9618
1749263881,0.96360000,16.59000000,0.9618
1749263881,0.96370000,234.00000000,0.9618
1749263881,0.96410000,55.23000000,0.9618
1749263881,0.96420000,311.96000000,0.9618
1749263881,0.96450000,48.17000000,0.9618
1749263881,0.96460000,234.00000000,0.9618
1749263881,0.96470000,560.54000000,0.9618
1749263881,0.96480000,438.65000000,0.9618
1749263881,0.96550000,234.00000000,0.9618
1749263881,0.96560000,438.65000000,0.9618
1749263881,0.96590000,234.00000000,0.9618
1749263881,0.96600000,403.16000000,0.9618
1749263881,0.96640000,438.65000000,0.9618
1749263881,0.96650000,371.10000000,0.9618
1749263881,0.96660000,1364.13000000,0.9618
1749263881,0.96680000,371.26000000,0.9618
1749263881,0.96710000,137.26000000,0.9618
1749263881,0.96730000,47.39000000,0.9618
1749263881,0.96770000,137.29000000,0.9618
1749263881,0.96780000,204.65000000,0.9618
1749263881,0.96940000,204.65000000,0.9618
1749263881,0.97050000,12.27000000,0.9618
1749263881,0.97100000,204.65000000,0.9618
1749263881,0.97260000,204.65000000,0.9618
1749263881,0.97270000,83.08000000,0.9618
1749263881,0.97290000,46.53000000,0.9618
1749263881,0.97330000,669.05000000,0.9618
1749263881,0.97380000,11.00000000,0.9618
1749263881,0.97800000,81.76000000,0.9618
1749263881,0.97940000,25.37000000,0.9618
1749263881,0.98000000,1823.33000000,0.9618
1749263881,0.98090000,69.49000000,0.9618
1749263881,0.98100000,1697.19000000,0.9618
1749263881,0.98200000,10.00000000,0.9618
1749263881,0.98300000,10.00000000,0.9618
1749263881,0.98310000,104.11000000,0.9618
1749263881,0.98340000,83.00000000,0.9618
1749263881,0.98350000,10.89000000,0.9618
1749263881,0.98400000,10.00000000,0.9618
1749263881,0.98430000,160.00000000,0.9618
1749263881,0.98500000,22.90000000,0.9618
1749263881,0.98600000,10.00000000,0.9618
1749263881,0.98680000,62.98000000,0.9618
1749263881,0.98700000,10.00000000,0.9618
1749263881,0.98720000,459.57000000,0.9618
1749263881,0.98750000,11.61000000,0.9618
1749263881,0.98800000,10.00000000,0.9618
1749263881,0.98880000,83.00000000,0.9618
1749263881,0.98900000,10.00000000,0.9618
1749263881,0.99000000,10.00000000,0.9618
1749263881,0.99070000,72.13000000,0.9618
1749263881,0.99080000,512.67000000,0.9618
1749263881,0.99090000,1692.43000000,0.9618
1749263881,0.99100000,1183.04000000,0.9618
1749263881,0.99110000,25.07000000,0.9618
1749263881,0.99200000,10.00000000,0.9618
1749263881,0.99230000,460.85000000,0.9618
1749263881,0.99240000,109.86000000,0.9618
1749263881,0.99300000,10.00000000,0.9618
1749263881,0.99320000,10.79000000,0.9618
1749263881,0.99400000,10.00000000,0.9618
1749263881,0.99430000,83.00000000,0.9618
1749263881,0.99500000,10.00000000,0.9618
1749263881,0.99600000,766.18000000,0.9618
1749263881,0.99700000,10.00000000,0.9618
1749263881,0.99800000,10.00000000,0.9618
1749263881,0.99820000,536.87000000,0.9618
1749263881,0.99900000,18.76000000,0.9618
1749263881,0.99970000,83.00000000,0.9618
1749263881,0.99990000,17.27000000,0.9618
1749263881,1.00000000,4868.50000000,0.9618
1749263881,1.00100000,10.00000000,0.9618
1749263881,1.00140000,62.05000000,0.9618
1749263881,1.00200000,10.00000000,0.9618
1749263881,1.00300000,34.78000000,0.9618
1749263881,1.00310000,10.68000000,0.9618
1749263881,1.00400000,10.00000000,0.9618
1749263881,1.00430000,160.00000000,0.9618
1749263881,1.00500000,10.00000000,0.9618
1749263881,1.00520000,83.00000000,0.9618
1749263881,1.00600000,10.00000000,0.9618
1749263881,1.00630000,11.61000000,0.9618
1749263881,1.00700000,10.00000000,0.9618
1749263881,1.00730000,968.91000000,0.9618
1749263881,1.00800000,10.00000000,0.9618
1749263881,1.00810000,8.69000000,0.9618
1749263881,1.00900000,10.00000000,0.9618
1749263881,1.00990000,11.88000000,0.9618
1749263881,1.01000000,380.63000000,0.9618
1749263881,1.01100000,10.00000000,0.9618
1749263881,1.01120000,82.00000000,0.9618
1749263881,1.01190000,11.11000000,0.9618
1749263881,1.01200000,10.00000000,0.9618
1749263881,1.01230000,37.03000000,0.9618
1749264183,0.96150000,222.13000000,0.9615
1749264183,0.96240000,204.65000000,0.9615
1749264183,0.96260000,234.00000000,0.9615
1749264183,0.96310000,96.62000000,0.9615
1749264183,0.96320000,250.59000000,0.9615
1749264183,0.96330000,438.65000000,0.9615
1749264183,0.96400000,47.64000000,0.9615
1749264183,0.96410000,287.23000000,0.9615
1749264183,0.96420000,246.03000000,0.9615
1749264183,0.96460000,234.00000000,0.9615
1749264183,0.96470000,560.54000000,0.9615
1749264183,0.96480000,438.65000000,0.9615
1749264183,0.96510000,234.00000000,0.9615
1749264183,0.96520000,169.98000000,0.9615
1749264183,0.96550000,234.00000000,0.9615
1749264183,0.96560000,438.65000000,0.9615
1749264183,0.96600000,234.00000000,0.9615
1749264183,0.96640000,438.65000000,0.9615
1749264183,0.96650000,137.63000000,0.9615
1749264183,0.96660000,1130.13000000,0.9615
1749264183,0.96730000,55.78000000,0.9615
1749264183,0.96770000,137.63000000,0.9615
1749264183,0.96780000,204.65000000,0.9615
1749264183,0.96940000,204.65000000,0.9615
1749264183,0.97040000,46.65000000,0.9615
1749264183,0.97050000,12.27000000,0.9615
1749264183,0.97100000,204.65000000,0.9615
1749264183,0.97120000,677.83000000,0.9615
1749264183,0.97260000,204.65000000,0.9615
1749264183,0.97270000,83.08000000,0.9615
1749264183,0.97380000,11.00000000,0.9615
1749264183,0.97800000,81.76000000,0.9615
1749264183,0.97940000,25.37000000,0.9615
1749264183,0.98000000,1823.33000000,0.9615
1749264183,0.98100000,1697.19000000,0.9615
1749264183,0.98200000,10.00000000,0.9615
1749264183,0.98300000,10.00000000,0.9615
1749264183,0.98310000,104.11000000,0.9615
1749264183,0.98340000,83.00000000,0.9615
1749264183,0.98350000,10.89000000,0.9615
1749264183,0.98400000,10.00000000,0.9615
1749264183,0.98430000,160.00000000,0.9615
1749264183,0.98500000,22.90000000,0.9615
1749264183,0.98600000,10.00000000,0.9615
1749264183,0.98680000,62.98000000,0.9615
1749264183,0.98700000,10.00000000,0.9615
1749264183,0.98720000,459.57000000,0.9615
1749264183,0.98750000,11.61000000,0.9615
1749264183,0.98800000,10.00000000,0.9615
1749264183,0.98880000,83.00000000,0.9615
1749264183,0.98900000,10.00000000,0.9615
1749264183,0.98970000,460.85000000,0.9615
1749264183,0.99000000,10.00000000,0.9615
1749264183,0.99070000,72.13000000,0.9615
1749264183,0.99080000,582.16000000,0.9615
1749264183,0.99090000,1692.43000000,0.9615
1749264183,0.99100000,1183.04000000,0.9615
1749264183,0.99110000,25.07000000,0.9615
1749264183,0.99200000,10.00000000,0.9615
1749264183,0.99220000,109.86000000,0.9615
1749264183,0.99300000,10.00000000,0.9615
1749264183,0.99320000,10.79000000,0.9615
1749264183,0.99400000,10.00000000,0.9615
1749264183,0.99430000,83.00000000,0.9615
1749264183,0.99500000,10.00000000,0.9615
1749264183,0.99540000,536.87000000,0.9615
1749264183,0.99600000,766.18000000,0.9615
1749264183,0.99700000,10.00000000,0.9615
1749264183,0.99800000,10.00000000,0.9615
1749264183,0.99900000,18.76000000,0.9615
1749264183,0.99970000,83.00000000,0.9615
1749264183,0.99990000,17.27000000,0.9615
1749264183,1.00000000,4868.50000000,0.9615
1749264183,1.00100000,10.00000000,0.9615
1749264183,1.00140000,62.05000000,0.9615
1749264183,1.00200000,10.00000000,0.9615
1749264183,1.00300000,34.78000000,0.9615
1749264183,1.00310000,10.68000000,0.9615
1749264183,1.00400000,10.00000000,0.9615
1749264183,1.00430000,160.00000000,0.9615
1749264183,1.00470000,968.91000000,0.9615
1749264183,1.00500000,10.00000000,0.9615
1749264183,1.00520000,83.00000000,0.9615
1749264183,1.00600000,10.00000000,0.9615
1749264183,1.00630000,11.61000000,0.9615
1749264183,1.00700000,10.00000000,0.9615
1749264183,1.00800000,10.00000000,0.9615
1749264183,1.00810000,8.69000000,0.9615
1749264183,1.00900000,10.00000000,0.9615
1749264183,1.00990000,11.88000000,0.9615
1749264183,1.01000000,380.63000000,0.9615
1749264183,1.01100000,10.00000000,0.9615
1749264183,1.01120000,82.00000000,0.9615
1749264183,1.01190000,11.11000000,0.9615
1749264183,1.01200000,10.00000000,0.9615
1749264183,1.01230000,37.03000000,0.9615
1749264183,1.01250000,280.41000000,0.9615
1749264183,1.01300000,20.58000000,0.9615
1749264183,1.01380000,76.49000000,0.9615
1749264183,1.01400000,10.00000000,0.9615
1749264484,0.96040000,222.88000000,0.9604
1749264484,0.96130000,75.48000000,0.9604
1749264484,0.96140000,438.65000000,0.9604
1749264484,0.96170000,234.00000000,0.9604
1749264484,0.96210000,53.23000000,0.9604
1749264484,0.96220000,16.59000000,0.9604
1749264484,0.96230000,234.00000000,0.9604
1749264484,0.96240000,204.65000000,0.9604
1749264484,0.96260000,234.00000000,0.9604
1749264484,0.96320000,294.07000000,0.9604
1749264484,0.96330000,438.65000000,0.9604
1749264484,0.96410000,234.00000000,0.9604
1749264484,0.96420000,246.03000000,0.9604
1749264484,0.96430000,400.60000000,0.9604
1749264484,0.96460000,234.00000000,0.9604
1749264484,0.96470000,560.54000000,0.9604
1749264484,0.96480000,438.65000000,0.9604
1749264484,0.96500000,371.50000000,0.9604
1749264484,0.96510000,371.50000000,0.9604
1749264484,0.96520000,234.00000000,0.9604
1749264484,0.96540000,137.50000000,0.9604
1749264484,0.96550000,234.00000000,0.9604
1749264484,0.96560000,438.65000000,0.9604
1749264484,0.96590000,137.50000000,0.9604
1749264484,0.96640000,204.65000000,0.9604
1749264484,0.96650000,137.62000000,0.9604
1749264484,0.96660000,1130.13000000,0.9604
1749264484,0.96730000,55.78000000,0.9604
1749264484,0.96780000,204.65000000,0.9604
1749264484,0.96940000,204.65000000,0.9604
1749264484,0.97050000,12.27000000,0.9604
1749264484,0.97100000,204.65000000,0.9604
1749264484,0.97120000,724.44000000,0.9604
1749264484,0.97260000,204.65000000,0.9604
1749264484,0.97270000,83.08000000,0.9604
1749264484,0.97380000,11.00000000,0.9604
1749264484,0.97800000,81.76000000,0.9604
1749264484,0.97940000,25.37000000,0.9604
1749264484,0.98000000,1823.33000000,0.9604
1749264484,0.98100000,1697.19000000,0.9604
1749264484,0.98200000,10.00000000,0.9604
1749264484,0.98300000,10.00000000,0.9604
1749264484,0.98310000,104.11000000,0.9604
1749264484,0.98340000,83.00000000,0.9604
1749264484,0.98350000,10.89000000,0.9604
1749264484,0.98400000,10.00000000,0.9604
1749264484,0.98430000,160.00000000,0.9604
1749264484,0.98500000,22.90000000,0.9604
1749264484,0.98600000,10.00000000,0.9604
1749264484,0.98680000,62.98000000,0.9604
1749264484,0.98700000,10.00000000,0.9604
1749264484,0.98720000,459.57000000,0.9604
1749264484,0.98750000,11.61000000,0.9604
1749264484,0.98800000,10.00000000,0.9604
1749264484,0.98880000,83.00000000,0.9604
1749264484,0.98900000,10.00000000,0.9604
1749264484,0.98970000,460.85000000,0.9604
1749264484,0.99000000,10.00000000,0.9604
1749264484,0.99070000,72.13000000,0.9604
1749264484,0.99080000,582.16000000,0.9604
1749264484,0.99090000,1692.43000000,0.9604
1749264484,0.99100000,1183.04000000,0.9604
1749264484,0.99110000,25.07000000,0.9604
1749264484,0.99180000,109.86000000,0.9604
1749264484,0.99200000,10.00000000,0.9604
1749264484,0.99300000,10.00000000,0.9604
1749264484,0.99320000,10.79000000,0.9604
1749264484,0.99400000,10.00000000,0.9604
1749264484,0.99430000,83.00000000,0.9604
1749264484,0.99500000,10.00000000,0.9604
1749264484,0.99540000,536.87000000,0.9604
1749264484,0.99600000,766.18000000,0.9604
1749264484,0.99700000,10.00000000,0.9604
1749264484,0.99800000,10.00000000,0.9604
1749264484,0.99900000,18.76000000,0.9604
1749264484,0.99970000,83.00000000,0.9604
1749264484,0.99990000,17.27000000,0.9604
1749264484,1.00000000,4868.50000000,0.9604
1749264484,1.00100000,10.00000000,0.9604
1749264484,1.00140000,62.05000000,0.9604
1749264484,1.00200000,10.00000000,0.9604
1749264484,1.00300000,34.78000000,0.9604
1749264484,1.00310000,10.68000000,0.9604
1749264484,1.00400000,10.00000000,0.9604
1749264484,1.00430000,160.00000000,0.9604
1749264484,1.00470000,968.91000000,0.9604
1749264484,1.00500000,10.00000000,0.9604
1749264484,1.00520000,83.00000000,0.9604
1749264484,1.00600000,10.00000000,0.9604
1749264484,1.00630000,11.61000000,0.9604
1749264484,1.00700000,10.00000000,0.9604
1749264484,1.00800000,10.00000000,0.9604
1749264484,1.00810000,8.69000000,0.9604
1749264484,1.00900000,10.00000000,0.9604
1749264484,1.00990000,11.88000000,0.9604
1749264484,1.01000000,380.63000000,0.9604
1749264484,1.01100000,10.00000000,0.9604
1749264484,1.01120000,82.00000000,0.9604
1749264484,1.01190000,11.11000000,0.9604
1749264484,1.01200000,10.00000000,0.9604
1749264786,0.95900000,234.00000000,0.9579
1749264786,0.95910000,121.15000000,0.9579
1749264786,0.95950000,234.00000000,0.9579
1749264786,0.95970000,438.65000000,0.9579
1749264786,0.96040000,234.00000000,0.9579
1749264786,0.96060000,16.59000000,0.9579
1749264786,0.96070000,438.65000000,0.9579
1749264786,0.96130000,80.33000000,0.9579
1749264786,0.96140000,105.91000000,0.9579
1749264786,0.96150000,234.00000000,0.9579
1749264786,0.96160000,438.65000000,0.9579
1749264786,0.96230000,282.17000000,0.9579
1749264786,0.96240000,438.65000000,0.9579
1749264786,0.96320000,234.00000000,0.9579
1749264786,0.96330000,606.54000000,0.9579
1749264786,0.96400000,137.59000000,0.9579
1749264786,0.96420000,234.00000000,0.9579
1749264786,0.96450000,137.57000000,0.9579
1749264786,0.96460000,234.00000000,0.9579
1749264786,0.96470000,560.54000000,0.9579
1749264786,0.96480000,438.65000000,0.9579
1749264786,0.96490000,371.50000000,0.9579
1749264786,0.96510000,137.58000000,0.9579
1749264786,0.96550000,137.57000000,0.9579
1749264786,0.96560000,204.65000000,0.9579
1749264786,0.96640000,204.65000000,0.9579
1749264786,0.96660000,1130.13000000,0.9579
1749264786,0.96730000,47.39000000,0.9579
1749264786,0.96780000,204.65000000,0.9579
1749264786,0.96940000,204.65000000,0.9579
1749264786,0.96950000,46.72000000,0.9579
1749264786,0.97050000,12.27000000,0.9579
1749264786,0.97100000,204.65000000,0.9579
1749264786,0.97120000,677.83000000,0.9579
1749264786,0.97270000,83.08000000,0.9579
1749264786,0.97380000,11.00000000,0.9579
1749264786,0.97800000,81.76000000,0.9579
1749264786,0.97940000,25.37000000,0.9579
1749264786,0.98000000,1823.33000000,0.9579
1749264786,0.98100000,1697.19000000,0.9579
1749264786,0.98200000,10.00000000,0.9579
1749264786,0.98300000,10.00000000,0.9579
1749264786,0.98310000,104.11000000,0.9579
1749264786,0.98340000,83.00000000,0.9579
1749264786,0.98350000,10.89000000,0.9579
1749264786,0.98400000,10.00000000,0.9579
1749264786,0.98430000,160.00000000,0.9579
1749264786,0.98500000,22.90000000,0.9579
1749264786,0.98600000,10.00000000,0.9579
1749264786,0.98680000,62.98000000,0.9579
1749264786,0.98700000,10.00000000,0.9579
1749264786,0.98720000,459.57000000,0.9579
1749264786,0.98750000,11.61000000,0.9579
1749264786,0.98800000,10.00000000,0.9579
1749264786,0.98880000,83.00000000,0.9579
1749264786,0.98900000,10.00000000,0.9579
1749264786,0.98970000,460.85000000,0.9579
1749264786,0.99000000,10.00000000,0.9579
1749264786,0.99010000,109.86000000,0.9579
1749264786,0.99070000,72.13000000,0.9579
1749264786,0.99080000,582.16000000,0.9579
1749264786,0.99090000,1692.43000000,0.9579
1749264786,0.99100000,1183.04000000,0.9579
1749264786,0.99110000,25.07000000,0.9579
1749264786,0.99200000,10.00000000,0.9579
1749264786,0.99300000,10.00000000,0.9579
1749264786,0.99320000,10.79000000,0.9579
1749264786,0.99400000,10.00000000,0.9579
1749264786,0.99430000,83.00000000,0.9579
1749264786,0.99450000,32.99000000,0.9579
1749264786,0.99500000,10.00000000,0.9579
1749264786,0.99520000,32.81000000,0.9579
1749264786,0.99540000,536.87000000,0.9579
1749264786,0.99600000,766.18000000,0.9579
1749264786,0.99700000,10.00000000,0.9579
1749264786,0.99800000,10.00000000,0.9579
1749264786,0.99900000,18.76000000,0.9579
1749264786,0.99970000,83.00000000,0.9579
1749264786,0.99990000,17.27000000,0.9579
1749264786,1.00000000,4868.50000000,0.9579
1749264786,1.00100000,10.00000000,0.9579
1749264786,1.00140000,62.05000000,0.9579
1749264786,1.00200000,10.00000000,0.9579
1749264786,1.00300000,34.78000000,0.9579
1749264786,1.00310000,10.68000000,0.9579
1749264786,1.00400000,10.00000000,0.9579
1749264786,1.00430000,160.00000000,0.9579
1749264786,1.00470000,968.91000000,0.9579
1749264786,1.00500000,10.00000000,0.9579
1749264786,1.00520000,83.00000000,0.9579
1749264786,1.00600000,10.00000000,0.9579
1749264786,1.00630000,11.61000000,0.9579
1749264786,1.00700000,10.00000000,0.9579
1749264786,1.00800000,10.00000000,0.9579
1749264786,1.00810000,8.69000000,0.9579
1749264786,1.00900000,10.00000000,0.9579
1749264786,1.01000000,380.63000000,0.9579
1749264786,1.01100000,10.00000000,0.9579
1749264786,1.01120000,82.00000000,0.9579
1749264786,1.01190000,11.11000000,0.9579
1749265088,0.95990000,250.79000000,0.9592
1749265088,0.96080000,204.65000000,0.9592
1749265088,0.96090000,234.00000000,0.9592
1749265088,0.96130000,16.59000000,0.9592
1749265088,0.96140000,105.91000000,0.9592
1749265088,0.96150000,250.59000000,0.9592
1749265088,0.96160000,438.65000000,0.9592
1749265088,0.96180000,234.00000000,0.9592
1749265088,0.96190000,46.18000000,0.9592
1749265088,0.96230000,234.00000000,0.9592
1749265088,0.96240000,438.65000000,0.9592
1749265088,0.96320000,234.00000000,0.9592
1749265088,0.96330000,438.65000000,0.9592
1749265088,0.96420000,371.56000000,0.9592
1749265088,0.96430000,402.58000000,0.9592
1749265088,0.96450000,137.56000000,0.9592
1749265088,0.96460000,234.00000000,0.9592
1749265088,0.96470000,560.54000000,0.9592
1749265088,0.96480000,438.65000000,0.9592
1749265088,0.96540000,137.47000000,0.9592
1749265088,0.96550000,234.00000000,0.9592
1749265088,0.96560000,438.65000000,0.9592
1749265088,0.96640000,204.65000000,0.9592
1749265088,0.96650000,137.70000000,0.9592
1749265088,0.96660000,1130.13000000,0.9592
1749265088,0.96730000,47.39000000,0.9592
1749265088,0.96770000,137.50000000,0.9592
1749265088,0.96780000,204.65000000,0.9592
1749265088,0.96940000,204.65000000,0.9592
1749265088,0.96950000,46.72000000,0.9592
1749265088,0.97050000,12.27000000,0.9592
1749265088,0.97100000,204.65000000,0.9592
1749265088,0.97120000,677.83000000,0.9592
1749265088,0.97270000,83.08000000,0.9592
1749265088,0.97380000,11.00000000,0.9592
1749265088,0.97800000,81.76000000,0.9592
1749265088,0.97940000,25.37000000,0.9592
1749265088,0.98000000,1823.33000000,0.9592
1749265088,0.98100000,1697.19000000,0.9592
1749265088,0.98200000,10.00000000,0.9592
1749265088,0.98300000,10.00000000,0.9592
1749265088,0.98310000,104.11000000,0.9592
1749265088,0.98340000,83.00000000,0.9592
1749265088,0.98350000,10.89000000,0.9592
1749265088,0.98400000,10.00000000,0.9592
1749265088,0.98430000,160.00000000,0.9592
1749265088,0.98500000,22.90000000,0.9592
1749265088,0.98600000,10.00000000,0.9592
1749265088,0.98680000,62.98000000,0.9592
1749265088,0.98700000,10.00000000,0.9592
1749265088,0.98720000,459.57000000,0.9592
1749265088,0.98750000,11.61000000,0.9592
1749265088,0.98800000,10.00000000,0.9592
1749265088,0.98880000,83.00000000,0.9592
1749265088,0.98900000,10.00000000,0.9592
1749265088,0.98970000,460.85000000,0.9592
1749265088,0.99000000,10.00000000,0.9592
1749265088,0.99070000,72.13000000,0.9592
1749265088,0.99080000,582.16000000,0.9592
1749265088,0.99090000,1692.43000000,0.9592
1749265088,0.99100000,1183.04000000,0.9592
1749265088,0.99110000,25.07000000,0.9592
1749265088,0.99120000,109.86000000,0.9592
1749265088,0.99200000,10.00000000,0.9592
1749265088,0.99300000,210.00000000,0.9592
1749265088,0.99320000,10.79000000,0.9592
1749265088,0.99400000,10.00000000,0.9592
1749265088,0.99430000,83.00000000,0.9592
1749265088,0.99450000,32.99000000,0.9592
1749265088,0.99500000,10.00000000,0.9592
1749265088,0.99520000,32.81000000,0.9592
1749265088,0.99540000,536.87000000,0.9592
1749265088,0.99600000,766.18000000,0.9592
1749265088,0.99700000,10.00000000,0.9592
1749265088,0.99800000,10.00000000,0.9592
1749265088,0.99900000,18.76000000,0.9592
1749265088,0.99970000,83.00000000,0.9592
1749265088,0.99990000,17.27000000,0.9592
1749265088,1.00000000,4868.50000000,0.9592
1749265088,1.00100000,10.00000000,0.9592
1749265088,1.00140000,62.05000000,0.9592
1749265088,1.00200000,10.00000000,0.9592
1749265088,1.00300000,34.78000000,0.9592
1749265088,1.00310000,10.68000000,0.9592
1749265088,1.00400000,10.00000000,0.9592
1749265088,1.00430000,160.00000000,0.9592
1749265088,1.00470000,968.91000000,0.9592
1749265088,1.00500000,10.00000000,0.9592
1749265088,1.00520000,83.00000000,0.9592
1749265088,1.00600000,10.00000000,0.9592
1749265088,1.00630000,11.61000000,0.9592
1749265088,1.00700000,10.00000000,0.9592
1749265088,1.00800000,10.00000000,0.9592
1749265088,1.00810000,8.69000000,0.9592
1749265088,1.00900000,10.00000000,0.9592
1749265088,1.01000000,380.63000000,0.9592
1749265088,1.01100000,10.00000000,0.9592
1749265088,1.01120000,82.00000000,0.9592
1749265088,1.01190000,11.11000000,0.9592
1749265088,1.01200000,10.00000000,0.9592
1749265392,0.96120000,112.98000000,0.9609
1749265392,0.96130000,234.00000000,0.9609
1749265392,0.96250000,105.91000000,0.9609
1749265392,0.96260000,234.00000000,0.9609
1749265392,0.96270000,438.65000000,0.9609
1749265392,0.96320000,16.59000000,0.9609
1749265392,0.96330000,234.00000000,0.9609
1749265392,0.96390000,16.59000000,0.9609
1749265392,0.96400000,438.65000000,0.9609
1749265392,0.96460000,234.00000000,0.9609
1749265392,0.96470000,560.54000000,0.9609
1749265392,0.96480000,438.65000000,0.9609
1749265392,0.96550000,234.00000000,0.9609
1749265392,0.96560000,438.65000000,0.9609
1749265392,0.96570000,401.54000000,0.9609
1749265392,0.96620000,137.42000000,0.9609
1749265392,0.96630000,234.00000000,0.9609
1749265392,0.96640000,438.65000000,0.9609
1749265392,0.96650000,371.36000000,0.9609
1749265392,0.96660000,1364.13000000,0.9609
1749265392,0.96730000,47.39000000,0.9609
1749265392,0.96770000,137.49000000,0.9609
1749265392,0.96780000,204.65000000,0.9609
1749265392,0.96790000,137.33000000,0.9609
1749265392,0.96940000,204.65000000,0.9609
1749265392,0.96960000,46.73000000,0.9609
1749265392,0.97050000,12.27000000,0.9609
1749265392,0.97100000,204.65000000,0.9609
1749265392,0.97120000,677.83000000,0.9609
1749265392,0.97270000,83.08000000,0.9609
1749265392,0.97380000,11.00000000,0.9609
1749265392,0.97800000,81.76000000,0.9609
1749265392,0.97940000,25.37000000,0.9609
1749265392,0.98000000,1823.33000000,0.9609
1749265392,0.98100000,1697.19000000,0.9609
1749265392,0.98200000,10.00000000,0.9609
1749265392,0.98300000,10.00000000,0.9609
1749265392,0.98310000,104.11000000,0.9609
1749265392,0.98340000,83.00000000,0.9609
1749265392,0.98350000,10.89000000,0.9609
1749265392,0.98400000,10.00000000,0.9609
1749265392,0.98430000,160.00000000,0.9609
1749265392,0.98500000,22.90000000,0.9609
1749265392,0.98600000,10.00000000,0.9609
1749265392,0.98680000,62.98000000,0.9609
1749265392,0.98700000,10.00000000,0.9609
1749265392,0.98720000,459.57000000,0.9609
1749265392,0.98750000,11.61000000,0.9609
1749265392,0.98800000,10.00000000,0.9609
1749265392,0.98880000,83.00000000,0.9609
1749265392,0.98900000,10.00000000,0.9609
1749265392,0.98970000,460.85000000,0.9609
1749265392,0.99000000,10.00000000,0.9609
1749265392,0.99070000,72.13000000,0.9609
1749265392,0.99080000,582.16000000,0.9609
1749265392,0.99090000,1692.43000000,0.9609
1749265392,0.99100000,1183.04000000,0.9609
1749265392,0.99110000,25.07000000,0.9609
1749265392,0.99200000,10.00000000,0.9609
1749265392,0.99290000,109.86000000,0.9609
1749265392,0.99300000,210.00000000,0.9609
1749265392,0.99320000,10.79000000,0.9609
1749265392,0.99400000,10.00000000,0.9609
1749265392,0.99430000,83.00000000,0.9609
1749265392,0.99450000,32.99000000,0.9609
1749265392,0.99500000,10.00000000,0.9609
1749265392,0.99520000,32.81000000,0.9609
1749265392,0.99600000,766.18000000,0.9609
1749265392,0.99700000,10.00000000,0.9609
1749265392,0.99790000,536.87000000,0.9609
1749265392,0.99800000,10.00000000,0.9609
1749265392,0.99900000,18.76000000,0.9609
1749265392,0.99970000,83.00000000,0.9609
1749265392,0.99990000,17.27000000,0.9609
1749265392,1.00000000,4868.50000000,0.9609
1749265392,1.00100000,10.00000000,0.9609
1749265392,1.00140000,62.05000000,0.9609
1749265392,1.00200000,10.00000000,0.9609
1749265392,1.00300000,34.78000000,0.9609
1749265392,1.00310000,10.68000000,0.9609
1749265392,1.00400000,10.00000000,0.9609
1749265392,1.00430000,160.00000000,0.9609
1749265392,1.00470000,968.91000000,0.9609
1749265392,1.00500000,10.00000000,0.9609
1749265392,1.00520000,83.00000000,0.9609
1749265392,1.00600000,10.00000000,0.9609
1749265392,1.00630000,11.61000000,0.9609
1749265392,1.00700000,10.00000000,0.9609
1749265392,1.00800000,10.00000000,0.9609
1749265392,1.00810000,8.69000000,0.9609
1749265392,1.00900000,10.00000000,0.9609
1749265392,1.01000000,380.63000000,0.9609
1749265392,1.01100000,10.00000000,0.9609
1749265392,1.01120000,82.00000000,0.9609
1749265392,1.01190000,11.11000000,0.9609
1749265392,1.01200000,10.00000000,0.9609
1749265392,1.01230000,37.03000000,0.9609
1749265392,1.01250000,280.41000000,0.9609
1749265392,1.01300000,20.58000000,0.9609
1749265392,1.01380000,76.49000000,0.9609
1749265694,0.96640000,234.00000000,0.9651
1749265694,0.96650000,643.24000000,0.9651
1749265694,0.96660000,1130.13000000,0.9651
1749265694,0.96730000,47.39000000,0.9651
1749265694,0.96780000,204.65000000,0.9651
1749265694,0.96830000,64.25000000,0.9651
1749265694,0.96860000,204.65000000,0.9651
1749265694,0.96890000,57.10000000,0.9651
1749265694,0.96900000,53.07000000,0.9651
1749265694,0.96940000,204.65000000,0.9651
1749265694,0.97000000,234.00000000,0.9651
1749265694,0.97010000,168.95000000,0.9651
1749265694,0.97050000,246.27000000,0.9651
1749265694,0.97090000,371.05000000,0.9651
1749265694,0.97100000,438.65000000,0.9651
1749265694,0.97250000,136.83000000,0.9651
1749265694,0.97260000,204.65000000,0.9651
1749265694,0.97270000,83.08000000,0.9651
1749265694,0.97380000,11.00000000,0.9651
1749265694,0.97410000,105.91000000,0.9651
1749265694,0.97420000,204.65000000,0.9651
1749265694,0.97450000,46.53000000,0.9651
1749265694,0.97470000,20.75000000,0.9651
1749265694,0.97580000,204.65000000,0.9651
1749265694,0.97670000,675.78000000,0.9651
1749265694,0.97800000,81.76000000,0.9651
1749265694,0.97940000,25.37000000,0.9651
1749265694,0.98000000,1823.33000000,0.9651
1749265694,0.98100000,1697.19000000,0.9651
1749265694,0.98200000,10.00000000,0.9651
1749265694,0.98300000,10.00000000,0.9651
1749265694,0.98310000,104.11000000,0.9651
1749265694,0.98340000,83.00000000,0.9651
1749265694,0.98350000,10.89000000,0.9651
1749265694,0.98400000,10.00000000,0.9651
1749265694,0.98430000,160.00000000,0.9651
1749265694,0.98500000,22.90000000,0.9651
1749265694,0.98600000,10.00000000,0.9651
1749265694,0.98680000,62.98000000,0.9651
1749265694,0.98700000,10.00000000,0.9651
1749265694,0.98720000,459.57000000,0.9651
1749265694,0.98750000,11.61000000,0.9651
1749265694,0.98800000,10.00000000,0.9651
1749265694,0.98880000,83.00000000,0.9651
1749265694,0.98900000,10.00000000,0.9651
1749265694,0.99000000,10.00000000,0.9651
1749265694,0.99070000,72.13000000,0.9651
1749265694,0.99080000,582.16000000,0.9651
1749265694,0.99100000,1183.04000000,0.9651
1749265694,0.99110000,25.07000000,0.9651
1749265694,0.99200000,10.00000000,0.9651
1749265694,0.99300000,210.00000000,0.9651
1749265694,0.99320000,10.79000000,0.9651
1749265694,0.99350000,1689.46000000,0.9651
1749265694,0.99400000,10.00000000,0.9651
1749265694,0.99430000,83.00000000,0.9651
1749265694,0.99450000,32.99000000,0.9651
1749265694,0.99500000,10.00000000,0.9651
1749265694,0.99520000,493.66000000,0.9651
1749265694,0.99600000,766.18000000,0.9651
1749265694,0.99700000,10.00000000,0.9651
1749265694,0.99770000,109.86000000,0.9651
1749265694,0.99800000,10.00000000,0.9651
1749265694,0.99900000,18.76000000,0.9651
1749265694,0.99970000,83.00000000,0.9651
1749265694,0.99990000,17.27000000,0.9651
1749265694,1.00000000,4868.50000000,0.9651
1749265694,1.00100000,546.87000000,0.9651
1749265694,1.00140000,62.05000000,0.9651
1749265694,1.00200000,10.00000000,0.9651
1749265694,1.00300000,34.78000000,0.9651
1749265694,1.00310000,10.68000000,0.9651
1749265694,1.00400000,10.00000000,0.9651
1749265694,1.00430000,160.00000000,0.9651
1749265694,1.00500000,10.00000000,0.9651
1749265694,1.00520000,83.00000000,0.9651
1749265694,1.00600000,10.00000000,0.9651
1749265694,1.00630000,11.61000000,0.9651
1749265694,1.00700000,10.00000000,0.9651
1749265694,1.00800000,10.00000000,0.9651
1749265694,1.00810000,8.69000000,0.9651
1749265694,1.00900000,10.00000000,0.9651
1749265694,1.01000000,380.63000000,0.9651
1749265694,1.01020000,968.91000000,0.9651
1749265694,1.01100000,10.00000000,0.9651
1749265694,1.01120000,82.00000000,0.9651
1749265694,1.01190000,11.11000000,0.9651
1749265694,1.01200000,10.00000000,0.9651
1749265694,1.01230000,37.03000000,0.9651
1749265694,1.01300000,20.58000000,0.9651
1749265694,1.01380000,76.49000000,0.9651
1749265694,1.01400000,10.00000000,0.9651
1749265694,1.01500000,34.48000000,0.9651
1749265694,1.01530000,1687.18000000,0.9651
1749265694,1.01540000,280.41000000,0.9651
1749265694,1.01600000,10.00000000,0.9651
1749265694,1.01610000,61.16000000,0.9651
1749265694,1.01630000,82.00000000,0.9651
1749265694,1.01680000,5.96000000,0.9651
1749265694,1.01700000,10.00000000,0.9651
1749265996,0.96610000,714.78000000,0.9671
1749265996,0.96760000,76.97000000,0.9671
1749265996,0.96770000,250.59000000,0.9671
1749265996,0.96780000,204.65000000,0.9671
1749265996,0.96790000,16.59000000,0.9671
1749265996,0.96800000,299.10000000,0.9671
1749265996,0.96810000,52.76000000,0.9671
1749265996,0.96820000,288.49000000,0.9671
1749265996,0.96850000,234.00000000,0.9671
1749265996,0.96860000,438.65000000,0.9671
1749265996,0.96930000,234.00000000,0.9671
1749265996,0.96940000,438.65000000,0.9671
1749265996,0.97010000,234.00000000,0.9671
1749265996,0.97020000,438.65000000,0.9671
1749265996,0.97040000,234.00000000,0.9671
1749265996,0.97050000,415.68000000,0.9671
1749265996,0.97070000,10.76000000,0.9671
1749265996,0.97080000,136.60000000,0.9671
1749265996,0.97090000,234.00000000,0.9671
1749265996,0.97100000,438.65000000,0.9671
1749265996,0.97130000,136.60000000,0.9671
1749265996,0.97140000,234.00000000,0.9671
1749265996,0.97240000,136.62000000,0.9671
1749265996,0.97250000,234.00000000,0.9671
1749265996,0.97260000,438.65000000,0.9671
1749265996,0.97270000,219.70000000,0.9671
1749265996,0.97280000,234.00000000,0.9671
1749265996,0.97380000,11.00000000,0.9671
1749265996,0.97410000,136.57000000,0.9671
1749265996,0.97420000,204.65000000,0.9671
1749265996,0.97470000,20.75000000,0.9671
1749265996,0.97580000,2407.94000000,0.9671
1749265996,0.97610000,46.47000000,0.9671
1749265996,0.97660000,204.65000000,0.9671
1749265996,0.97670000,675.78000000,0.9671
1749265996,0.97800000,81.76000000,0.9671
1749265996,0.97940000,25.37000000,0.9671
1749265996,0.98000000,1823.33000000,0.9671
1749265996,0.98100000,1697.19000000,0.9671
1749265996,0.98200000,10.00000000,0.9671
1749265996,0.98300000,10.00000000,0.9671
1749265996,0.98310000,104.11000000,0.9671
1749265996,0.98340000,83.00000000,0.9671
1749265996,0.98350000,10.89000000,0.9671
1749265996,0.98400000,10.00000000,0.9671
1749265996,0.98430000,160.00000000,0.9671
1749265996,0.98460000,9.14000000,0.9671
1749265996,0.98500000,22.90000000,0.9671
1749265996,0.98600000,10.00000000,0.9671
1749265996,0.98680000,62.98000000,0.9671
1749265996,0.98700000,10.00000000,0.9671
1749265996,0.98720000,459.57000000,0.9671
1749265996,0.98750000,11.61000000,0.9671
1749265996,0.98800000,10.00000000,0.9671
1749265996,0.98880000,83.00000000,0.9671
1749265996,0.98900000,10.00000000,0.9671
1749265996,0.99000000,10.00000000,0.9671
1749265996,0.99070000,72.13000000,0.9671
1749265996,0.99080000,314.80000000,0.9671
1749265996,0.99100000,1183.04000000,0.9671
1749265996,0.99110000,25.07000000,0.9671
1749265996,0.99200000,10.00000000,0.9671
1749265996,0.99300000,210.00000000,0.9671
1749265996,0.99320000,10.79000000,0.9671
1749265996,0.99340000,267.36000000,0.9671
1749265996,0.99350000,1689.46000000,0.9671
1749265996,0.99400000,10.00000000,0.9671
1749265996,0.99430000,83.00000000,0.9671
1749265996,0.99450000,32.99000000,0.9671
1749265996,0.99500000,10.00000000,0.9671
1749265996,0.99520000,493.66000000,0.9671
1749265996,0.99600000,766.18000000,0.9671
1749265996,0.99700000,10.00000000,0.9671
1749265996,0.99800000,10.00000000,0.9671
1749265996,0.99820000,109.86000000,0.9671
1749265996,0.99900000,18.76000000,0.9671
1749265996,0.99970000,83.00000000,0.9671
1749265996,0.99990000,17.27000000,0.9671
1749265996,1.00000000,4868.50000000,0.9671
1749265996,1.00100000,546.87000000,0.9671
1749265996,1.00140000,62.05000000,0.9671
1749265996,1.00200000,10.00000000,0.9671
1749265996,1.00300000,34.78000000,0.9671
1749265996,1.00310000,10.68000000,0.9671
1749265996,1.00390000,11.95000000,0.9671
1749265996,1.00400000,10.00000000,0.9671
1749265996,1.00430000,160.00000000,0.9671
1749265996,1.00500000,10.00000000,0.9671
1749265996,1.00520000,83.00000000,0.9671
1749265996,1.00600000,10.00000000,0.9671
1749265996,1.00620000,298.15000000,0.9671
1749265996,1.00630000,11.61000000,0.9671
1749265996,1.00700000,10.00000000,0.9671
1749265996,1.00800000,10.00000000,0.9671
1749265996,1.00810000,8.69000000,0.9671
1749265996,1.00900000,10.00000000,0.9671
1749265996,1.01000000,380.63000000,0.9671
1749265996,1.01020000,968.91000000,0.9671
1749265996,1.01100000,10.00000000,0.9671
1749265996,1.01120000,82.00000000,0.9671
1749266302,0.96330000,234.00000000,0.9638
1749266302,0.96400000,234.00000000,0.9638
1749266302,0.96490000,16.59000000,0.9638
1749266302,0.96500000,204.65000000,0.9638
1749266302,0.96510000,250.59000000,0.9638
1749266302,0.96520000,234.00000000,0.9638
1749266302,0.96600000,54.34000000,0.9638
1749266302,0.96610000,493.14000000,0.9638
1749266302,0.96650000,76.97000000,0.9638
1749266302,0.96660000,55.71000000,0.9638
1749266302,0.96670000,234.00000000,0.9638
1749266302,0.96680000,9.39000000,0.9638
1749266302,0.96690000,234.00000000,0.9638
1749266302,0.96700000,204.65000000,0.9638
1749266302,0.96710000,234.00000000,0.9638
1749266302,0.96740000,234.00000000,0.9638
1749266302,0.96770000,234.00000000,0.9638
1749266302,0.96780000,438.65000000,0.9638
1749266302,0.96800000,167.06000000,0.9638
1749266302,0.96850000,234.00000000,0.9638
1749266302,0.96860000,438.65000000,0.9638
1749266302,0.96930000,234.00000000,0.9638
1749266302,0.96940000,438.65000000,0.9638
1749266302,0.96950000,234.00000000,0.9638
1749266302,0.97000000,136.76000000,0.9638
1749266302,0.97010000,234.00000000,0.9638
1749266302,0.97020000,438.65000000,0.9638
1749266302,0.97030000,136.73000000,0.9638
1749266302,0.97040000,234.00000000,0.9638
1749266302,0.97050000,12.27000000,0.9638
1749266302,0.97070000,10.76000000,0.9638
1749266302,0.97080000,136.75000000,0.9638
1749266302,0.97100000,204.65000000,0.9638
1749266302,0.97240000,136.69000000,0.9638
1749266302,0.97260000,204.65000000,0.9638
1749266302,0.97270000,83.01000000,0.9638
1749266302,0.97380000,11.00000000,0.9638
1749266302,0.97420000,204.65000000,0.9638
1749266302,0.97460000,665.80000000,0.9638
1749266302,0.97470000,20.75000000,0.9638
1749266302,0.97580000,204.65000000,0.9638
1749266302,0.97610000,46.47000000,0.9638
1749266302,0.97660000,204.65000000,0.9638
1749266302,0.97800000,81.77000000,0.9638
1749266302,0.97940000,25.37000000,0.9638
1749266302,0.98000000,1823.33000000,0.9638
1749266302,0.98100000,1697.19000000,0.9638
1749266302,0.98200000,10.00000000,0.9638
1749266302,0.98300000,10.00000000,0.9638
1749266302,0.98310000,104.11000000,0.9638
1749266302,0.98340000,83.01000000,0.9638
1749266302,0.98350000,10.89000000,0.9638
1749266302,0.98400000,10.00000000,0.9638
1749266302,0.98430000,160.00000000,0.9638
1749266302,0.98460000,9.14000000,0.9638
1749266302,0.98500000,22.90000000,0.9638
1749266302,0.98600000,10.00000000,0.9638
1749266302,0.98680000,62.98000000,0.9638
1749266302,0.98700000,10.00000000,0.9638
1749266302,0.98720000,459.57000000,0.9638
1749266302,0.98750000,11.61000000,0.9638
1749266302,0.98800000,10.00000000,0.9638
1749266302,0.98880000,83.01000000,0.9638
1749266302,0.98900000,10.00000000,0.9638
1749266302,0.99000000,10.00000000,0.9638
1749266302,0.99070000,72.13000000,0.9638
1749266302,0.99080000,314.80000000,0.9638
1749266302,0.99100000,1183.04000000,0.9638
1749266302,0.99110000,25.07000000,0.9638
1749266302,0.99200000,10.00000000,0.9638
1749266302,0.99300000,210.00000000,0.9638
1749266302,0.99320000,10.79000000,0.9638
1749266302,0.99340000,267.36000000,0.9638
1749266302,0.99350000,1689.46000000,0.9638
1749266302,0.99400000,10.00000000,0.9638
1749266302,0.99430000,83.01000000,0.9638
1749266302,0.99450000,32.99000000,0.9638
1749266302,0.99500000,10.00000000,0.9638
1749266302,0.99520000,493.66000000,0.9638
1749266302,0.99600000,766.18000000,0.9638
1749266302,0.99700000,10.00000000,0.9638
1749266302,0.99740000,109.86000000,0.9638
1749266302,0.99800000,10.00000000,0.9638
1749266302,0.99900000,18.76000000,0.9638
1749266302,0.99970000,83.01000000,0.9638
1749266302,0.99990000,17.27000000,0.9638
1749266302,1.00000000,4868.50000000,0.9638
1749266302,1.00100000,546.87000000,0.9638
1749266302,1.00140000,62.05000000,0.9638
1749266302,1.00200000,10.00000000,0.9638
1749266302,1.00300000,34.78000000,0.9638
1749266302,1.00310000,10.68000000,0.9638
1749266302,1.00390000,11.95000000,0.9638
1749266302,1.00400000,10.00000000,0.9638
1749266302,1.00430000,160.00000000,0.9638
1749266302,1.00500000,10.00000000,0.9638
1749266302,1.00520000,83.01000000,0.9638
1749266302,1.00600000,10.00000000,0.9638
1749266302,1.00620000,298.15000000,0.9638
1749266302,1.00630000,11.61000000,0.9638
1749266608,0.96660000,234.00000000,0.9655
1749266608,0.96770000,71.07000000,0.9655
1749266608,0.96780000,204.65000000,0.9655
1749266608,0.96790000,234.00000000,0.9655
1749266608,0.96840000,98.12000000,0.9655
1749266608,0.96850000,234.00000000,0.9655
1749266608,0.96860000,438.65000000,0.9655
1749266608,0.96920000,92.47000000,0.9655
1749266608,0.96930000,234.00000000,0.9655
1749266608,0.96940000,438.65000000,0.9655
1749266608,0.97010000,234.00000000,0.9655
1749266608,0.97020000,438.65000000,0.9655
1749266608,0.97050000,246.27000000,0.9655
1749266608,0.97060000,169.11000000,0.9655
1749266608,0.97070000,10.76000000,0.9655
1749266608,0.97090000,234.00000000,0.9655
1749266608,0.97100000,438.65000000,0.9655
1749266608,0.97140000,136.64000000,0.9655
1749266608,0.97150000,234.00000000,0.9655
1749266608,0.97250000,136.74000000,0.9655
1749266608,0.97260000,204.65000000,0.9655
1749266608,0.97270000,83.01000000,0.9655
1749266608,0.97380000,11.00000000,0.9655
1749266608,0.97420000,204.65000000,0.9655
1749266608,0.97470000,20.75000000,0.9655
1749266608,0.97510000,6.15000000,0.9655
1749266608,0.97580000,204.65000000,0.9655
1749266608,0.97630000,46.46000000,0.9655
1749266608,0.97690000,663.74000000,0.9655
1749266608,0.97800000,81.77000000,0.9655
1749266608,0.97940000,25.37000000,0.9655
1749266608,0.98000000,1823.33000000,0.9655
1749266608,0.98100000,1697.19000000,0.9655
1749266608,0.98200000,10.00000000,0.9655
1749266608,0.98300000,10.00000000,0.9655
1749266608,0.98310000,104.11000000,0.9655
1749266608,0.98340000,83.01000000,0.9655
1749266608,0.98350000,10.89000000,0.9655
1749266608,0.98400000,10.00000000,0.9655
1749266608,0.98430000,160.00000000,0.9655
1749266608,0.98460000,9.14000000,0.9655
1749266608,0.98500000,22.90000000,0.9655
1749266608,0.98600000,10.00000000,0.9655
1749266608,0.98680000,62.98000000,0.9655
1749266608,0.98700000,10.00000000,0.9655
1749266608,0.98720000,459.57000000,0.9655
1749266608,0.98750000,11.61000000,0.9655
1749266608,0.98800000,10.00000000,0.9655
1749266608,0.98880000,83.01000000,0.9655
1749266608,0.98900000,10.00000000,0.9655
1749266608,0.99000000,10.00000000,0.9655
1749266608,0.99070000,72.13000000,0.9655
1749266608,0.99080000,314.80000000,0.9655
1749266608,0.99100000,1183.04000000,0.9655
1749266608,0.99110000,25.07000000,0.9655
1749266608,0.99200000,10.00000000,0.9655
1749266608,0.99300000,210.00000000,0.9655
1749266608,0.99320000,10.79000000,0.9655
1749266608,0.99340000,47.71000000,0.9655
1749266608,0.99350000,1689.46000000,0.9655
1749266608,0.99400000,10.00000000,0.9655
1749266608,0.99430000,83.01000000,0.9655
1749266608,0.99440000,8.05000000,0.9655
1749266608,0.99450000,32.99000000,0.9655
1749266608,0.99500000,10.00000000,0.9655
1749266608,0.99520000,493.66000000,0.9655
1749266608,0.99590000,219.65000000,0.9655
1749266608,0.99600000,766.18000000,0.9655
1749266608,0.99700000,10.00000000,0.9655
1749266608,0.99800000,10.00000000,0.9655
1749266608,0.99820000,109.86000000,0.9655
1749266608,0.99900000,18.76000000,0.9655
1749266608,0.99970000,83.01000000,0.9655
1749266608,0.99990000,17.27000000,0.9655
1749266608,1.00000000,5009.91000000,0.9655
1749266608,1.00100000,546.87000000,0.9655
1749266608,1.00140000,62.05000000,0.9655
1749266608,1.00200000,10.00000000,0.9655
1749266608,1.00300000,34.78000000,0.9655
1749266608,1.00310000,10.68000000,0.9655
1749266608,1.00390000,11.95000000,0.9655
1749266608,1.00400000,10.00000000,0.9655
1749266608,1.00430000,160.00000000,0.9655
1749266608,1.00500000,10.00000000,0.9655
1749266608,1.00520000,83.01000000,0.9655
1749266608,1.00600000,10.00000000,0.9655
1749266608,1.00620000,298.15000000,0.9655
1749266608,1.00630000,11.61000000,0.9655
1749266608,1.00700000,10.00000000,0.9655
1749266608,1.00800000,10.00000000,0.9655
1749266608,1.00810000,8.69000000,0.9655
1749266608,1.00900000,10.00000000,0.9655
1749266608,1.01000000,380.63000000,0.9655
1749266608,1.01020000,968.91000000,0.9655
1749266608,1.01080000,82.00000000,0.9655
1749266608,1.01100000,10.00000000,0.9655
1749266608,1.01190000,11.11000000,0.9655
1749266608,1.01200000,10.00000000,0.9655
1749266608,1.01230000,37.03000000,0.9655
1749266608,1.01300000,20.58000000,0.9655
1749266910,0.96430000,243.47000000,0.9643
1749266910,0.96440000,500.00000000,0.9643
1749266910,0.96480000,64.27000000,0.9643
1749266910,0.96530000,204.65000000,0.9643
1749266910,0.96540000,5.19000000,0.9643
1749266910,0.96600000,16.59000000,0.9643
1749266910,0.96610000,204.65000000,0.9643
1749266910,0.96680000,90.13000000,0.9643
1749266910,0.96690000,234.00000000,0.9643
1749266910,0.96720000,438.65000000,0.9643
1749266910,0.96730000,734.00000000,0.9643
1749266910,0.96740000,402.17000000,0.9643
1749266910,0.96810000,234.00000000,0.9643
1749266910,0.96820000,438.65000000,0.9643
1749266910,0.96840000,234.00000000,0.9643
1749266910,0.96880000,136.92000000,0.9643
1749266910,0.96890000,234.00000000,0.9643
1749266910,0.96920000,370.75000000,0.9643
1749266910,0.96930000,371.12000000,0.9643
1749266910,0.96940000,204.65000000,0.9643
1749266910,0.97010000,137.02000000,0.9643
1749266910,0.97020000,204.65000000,0.9643
1749266910,0.97050000,12.27000000,0.9643
1749266910,0.97100000,204.65000000,0.9643
1749266910,0.97260000,204.65000000,0.9643
1749266910,0.97270000,83.01000000,0.9643
1749266910,0.97380000,11.00000000,0.9643
1749266910,0.97420000,204.65000000,0.9643
1749266910,0.97470000,694.78000000,0.9643
1749266910,0.97510000,6.15000000,0.9643
1749266910,0.97580000,204.65000000,0.9643
1749266910,0.97630000,46.46000000,0.9643
1749266910,0.97800000,81.77000000,0.9643
1749266910,0.97940000,25.37000000,0.9643
1749266910,0.98000000,1823.33000000,0.9643
1749266910,0.98100000,1697.19000000,0.9643
1749266910,0.98200000,10.00000000,0.9643
1749266910,0.98300000,10.00000000,0.9643
1749266910,0.98310000,104.11000000,0.9643
1749266910,0.98340000,83.01000000,0.9643
1749266910,0.98350000,10.89000000,0.9643
1749266910,0.98400000,10.00000000,0.9643
1749266910,0.98430000,160.00000000,0.9643
1749266910,0.98460000,9.14000000,0.9643
1749266910,0.98500000,22.90000000,0.9643
1749266910,0.98600000,10.00000000,0.9643
1749266910,0.98680000,62.98000000,0.9643
1749266910,0.98700000,10.00000000,0.9643
1749266910,0.98720000,459.57000000,0.9643
1749266910,0.98750000,11.61000000,0.9643
1749266910,0.98800000,10.00000000,0.9643
1749266910,0.98880000,83.01000000,0.9643
1749266910,0.98900000,10.00000000,0.9643
1749266910,0.99000000,10.00000000,0.9643
1749266910,0.99070000,72.13000000,0.9643
1749266910,0.99080000,314.80000000,0.9643
1749266910,0.99100000,1183.04000000,0.9643
1749266910,0.99110000,25.07000000,0.9643
1749266910,0.99200000,10.00000000,0.9643
1749266910,0.99300000,210.00000000,0.9643
1749266910,0.99320000,10.79000000,0.9643
1749266910,0.99340000,47.71000000,0.9643
1749266910,0.99350000,1689.46000000,0.9643
1749266910,0.99400000,10.00000000,0.9643
1749266910,0.99430000,83.01000000,0.9643
1749266910,0.99440000,8.05000000,0.9643
1749266910,0.99450000,32.99000000,0.9643
1749266910,0.99500000,457.31000000,0.9643
1749266910,0.99520000,493.66000000,0.9643
1749266910,0.99580000,109.86000000,0.9643
1749266910,0.99590000,219.65000000,0.9643
1749266910,0.99600000,766.18000000,0.9643
1749266910,0.99700000,10.00000000,0.9643
1749266910,0.99800000,10.00000000,0.9643
1749266910,0.99900000,18.76000000,0.9643
1749266910,0.99970000,83.01000000,0.9643
1749266910,0.99990000,17.27000000,0.9643
1749266910,1.00000000,5009.91000000,0.9643
1749266910,1.00100000,546.87000000,0.9643
1749266910,1.00140000,62.05000000,0.9643
1749266910,1.00200000,10.00000000,0.9643
1749266910,1.00300000,34.78000000,0.9643
1749266910,1.00310000,10.68000000,0.9643
1749266910,1.00390000,11.95000000,0.9643
1749266910,1.00400000,10.00000000,0.9643
1749266910,1.00430000,160.00000000,0.9643
1749266910,1.00500000,10.00000000,0.9643
1749266910,1.00520000,83.01000000,0.9643
1749266910,1.00600000,10.00000000,0.9643
1749266910,1.00620000,298.15000000,0.9643
1749266910,1.00630000,11.61000000,0.9643
1749266910,1.00700000,10.00000000,0.9643
1749266910,1.00800000,10.00000000,0.9643
1749266910,1.00810000,8.69000000,0.9643
1749266910,1.00900000,10.00000000,0.9643
1749266910,1.01000000,380.63000000,0.9643
1749266910,1.01020000,968.91000000,0.9643
1749266910,1.01080000,82.00000000,0.9643
1749266910,1.01100000,10.00000000,0.9643
1749266910,1.01190000,11.11000000,0.9643
1749267212,0.96670000,257.79000000,0.9649
1749267212,0.96730000,568.48000000,0.9649
1749267212,0.96840000,45.07000000,0.9649
1749267212,0.96850000,250.59000000,0.9649
1749267212,0.96860000,204.65000000,0.9649
1749267212,0.96910000,16.59000000,0.9649
1749267212,0.96920000,234.00000000,0.9649
1749267212,0.96940000,438.65000000,0.9649
1749267212,0.97010000,234.00000000,0.9649
1749267212,0.97020000,438.65000000,0.9649
1749267212,0.97040000,234.00000000,0.9649
1749267212,0.97050000,414.84000000,0.9649
1749267212,0.97090000,234.00000000,0.9649
1749267212,0.97100000,438.65000000,0.9649
1749267212,0.97250000,136.52000000,0.9649
1749267212,0.97260000,204.65000000,0.9649
1749267212,0.97270000,83.01000000,0.9649
1749267212,0.97380000,11.00000000,0.9649
1749267212,0.97420000,204.65000000,0.9649
1749267212,0.97470000,20.75000000,0.9649
1749267212,0.97510000,6.15000000,0.9649
1749267212,0.97580000,204.65000000,0.9649
1749267212,0.97630000,46.46000000,0.9649
1749267212,0.97690000,678.18000000,0.9649
1749267212,0.97800000,81.77000000,0.9649
1749267212,0.97940000,25.37000000,0.9649
1749267212,0.98000000,1823.33000000,0.9649
1749267212,0.98100000,1697.19000000,0.9649
1749267212,0.98200000,10.00000000,0.9649
1749267212,0.98300000,10.00000000,0.9649
1749267212,0.98310000,104.11000000,0.9649
1749267212,0.98340000,83.01000000,0.9649
1749267212,0.98350000,10.89000000,0.9649
1749267212,0.98400000,10.00000000,0.9649
1749267212,0.98430000,160.00000000,0.9649
1749267212,0.98460000,9.14000000,0.9649
1749267212,0.98500000,22.90000000,0.9649
1749267212,0.98600000,10.00000000,0.9649
1749267212,0.98680000,62.98000000,0.9649
1749267212,0.98700000,10.00000000,0.9649
1749267212,0.98720000,459.57000000,0.9649
1749267212,0.98750000,11.61000000,0.9649
1749267212,0.98800000,10.00000000,0.9649
1749267212,0.98880000,83.01000000,0.9649
1749267212,0.98900000,10.00000000,0.9649
1749267212,0.99000000,10.00000000,0.9649
1749267212,0.99070000,72.13000000,0.9649
1749267212,0.99080000,314.80000000,0.9649
1749267212,0.99100000,1183.04000000,0.9649
1749267212,0.99110000,25.07000000,0.9649
1749267212,0.99200000,10.00000000,0.9649
1749267212,0.99300000,210.00000000,0.9649
1749267212,0.99320000,10.79000000,0.9649
1749267212,0.99340000,47.71000000,0.9649
1749267212,0.99350000,1689.46000000,0.9649
1749267212,0.99400000,10.00000000,0.9649
1749267212,0.99430000,83.01000000,0.9649
1749267212,0.99440000,8.05000000,0.9649
1749267212,0.99450000,32.99000000,0.9649
1749267212,0.99500000,457.31000000,0.9649
1749267212,0.99520000,493.66000000,0.9649
1749267212,0.99590000,219.65000000,0.9649
1749267212,0.99600000,766.18000000,0.9649
1749267212,0.99700000,10.00000000,0.9649
1749267212,0.99800000,10.00000000,0.9649
1749267212,0.99850000,109.86000000,0.9649
1749267212,0.99900000,18.76000000,0.9649
1749267212,0.99970000,83.01000000,0.9649
1749267212,0.99990000,17.27000000,0.9649
1749267212,1.00000000,5009.91000000,0.9649
1749267212,1.00100000,546.87000000,0.9649
1749267212,1.00140000,62.05000000,0.9649
1749267212,1.00200000,10.00000000,0.9649
1749267212,1.00300000,34.78000000,0.9649
1749267212,1.00310000,10.68000000,0.9649
1749267212,1.00390000,11.95000000,0.9649
1749267212,1.00400000,10.00000000,0.9649
1749267212,1.00430000,160.00000000,0.9649
1749267212,1.00500000,10.00000000,0.9649
1749267212,1.00520000,83.01000000,0.9649
1749267212,1.00600000,10.00000000,0.9649
1749267212,1.00620000,298.15000000,0.9649
1749267212,1.00630000,11.61000000,0.9649
1749267212,1.00700000,10.00000000,0.9649
1749267212,1.00800000,10.00000000,0.9649
1749267212,1.00810000,8.69000000,0.9649
1749267212,1.00900000,10.00000000,0.9649
1749267212,1.01000000,380.63000000,0.9649
1749267212,1.01020000,968.91000000,0.9649
1749267212,1.01080000,82.00000000,0.9649
1749267212,1.01100000,10.00000000,0.9649
1749267212,1.01190000,11.11000000,0.9649
1749267212,1.01200000,10.00000000,0.9649
1749267212,1.01230000,37.03000000,0.9649
1749267212,1.01300000,20.58000000,0.9649
1749267212,1.01370000,9.86000000,0.9649
1749267212,1.01380000,76.49000000,0.9649
1749267212,1.01400000,10.00000000,0.9649
1749267212,1.01500000,34.48000000,0.9649
1749267212,1.01530000,1687.18000000,0.9649
1749267513,0.96490000,234.00000000,0.9638
1749267513,0.96600000,72.54000000,0.9638
1749267513,0.96610000,234.00000000,0.9638
1749267513,0.96620000,438.65000000,0.9638
1749267513,0.96630000,500.00000000,0.9638
1749267513,0.96680000,16.59000000,0.9638
1749267513,0.96690000,234.00000000,0.9638
1749267513,0.96700000,221.24000000,0.9638
1749267513,0.96710000,234.00000000,0.9638
1749267513,0.96730000,500.00000000,0.9638
1749267513,0.96770000,234.00000000,0.9638
1749267513,0.96780000,204.65000000,0.9638
1749267513,0.96850000,234.00000000,0.9638
1749267513,0.96860000,438.65000000,0.9638
1749267513,0.96870000,401.09000000,0.9638
1749267513,0.96910000,234.00000000,0.9638
1749267513,0.96930000,370.90000000,0.9638
1749267513,0.96940000,438.65000000,0.9638
1749267513,0.97000000,136.93000000,0.9638
1749267513,0.97010000,234.00000000,0.9638
1749267513,0.97020000,438.65000000,0.9638
1749267513,0.97030000,136.73000000,0.9638
1749267513,0.97040000,234.00000000,0.9638
1749267513,0.97050000,246.27000000,0.9638
1749267513,0.97080000,136.62000000,0.9638
1749267513,0.97090000,234.00000000,0.9638
1749267513,0.97100000,438.65000000,0.9638
1749267513,0.97260000,204.65000000,0.9638
1749267513,0.97270000,83.01000000,0.9638
1749267513,0.97380000,11.00000000,0.9638
1749267513,0.97420000,204.65000000,0.9638
1749267513,0.97470000,20.75000000,0.9638
1749267513,0.97510000,6.15000000,0.9638
1749267513,0.97580000,204.65000000,0.9638
1749267513,0.97690000,678.18000000,0.9638
1749267513,0.97800000,81.77000000,0.9638
1749267513,0.97840000,46.39000000,0.9638
1749267513,0.97940000,25.37000000,0.9638
1749267513,0.98000000,1823.33000000,0.9638
1749267513,0.98100000,1697.19000000,0.9638
1749267513,0.98200000,10.00000000,0.9638
1749267513,0.98300000,10.00000000,0.9638
1749267513,0.98310000,104.11000000,0.9638
1749267513,0.98340000,83.01000000,0.9638
1749267513,0.98350000,10.89000000,0.9638
1749267513,0.98400000,10.00000000,0.9638
1749267513,0.98430000,160.00000000,0.9638
1749267513,0.98460000,9.14000000,0.9638
1749267513,0.98500000,22.90000000,0.9638
1749267513,0.98600000,10.00000000,0.9638
1749267513,0.98680000,62.98000000,0.9638
1749267513,0.98700000,10.00000000,0.9638
1749267513,0.98720000,459.57000000,0.9638
1749267513,0.98750000,11.61000000,0.9638
1749267513,0.98800000,10.00000000,0.9638
1749267513,0.98880000,83.01000000,0.9638
1749267513,0.98900000,10.00000000,0.9638
1749267513,0.99000000,10.00000000,0.9638
1749267513,0.99070000,72.13000000,0.9638
1749267513,0.99080000,314.80000000,0.9638
1749267513,0.99100000,1183.04000000,0.9638
1749267513,0.99110000,25.07000000,0.9638
1749267513,0.99200000,10.00000000,0.9638
1749267513,0.99300000,210.00000000,0.9638
1749267513,0.99320000,10.79000000,0.9638
1749267513,0.99340000,91.15000000,0.9638
1749267513,0.99350000,1689.46000000,0.9638
1749267513,0.99400000,10.00000000,0.9638
1749267513,0.99430000,83.01000000,0.9638
1749267513,0.99440000,8.05000000,0.9638
1749267513,0.99450000,32.99000000,0.9638
1749267513,0.99500000,457.31000000,0.9638
1749267513,0.99520000,493.66000000,0.9638
1749267513,0.99590000,286.07000000,0.9638
1749267513,0.99600000,766.18000000,0.9638
1749267513,0.99700000,10.00000000,0.9638
1749267513,0.99800000,10.00000000,0.9638
1749267513,0.99900000,18.76000000,0.9638
1749267513,0.99970000,83.01000000,0.9638
1749267513,0.99990000,17.27000000,0.9638
1749267513,1.00000000,5009.91000000,0.9638
1749267513,1.00100000,546.87000000,0.9638
1749267513,1.00140000,62.05000000,0.9638
1749267513,1.00200000,10.00000000,0.9638
1749267513,1.00300000,34.78000000,0.9638
1749267513,1.00310000,10.68000000,0.9638
1749267513,1.00390000,11.95000000,0.9638
1749267513,1.00400000,10.00000000,0.9638
1749267513,1.00430000,160.00000000,0.9638
1749267513,1.00500000,10.00000000,0.9638
1749267513,1.00520000,83.01000000,0.9638
1749267513,1.00600000,10.00000000,0.9638
1749267513,1.00620000,298.15000000,0.9638
1749267513,1.00630000,11.61000000,0.9638
1749267513,1.00700000,10.00000000,0.9638
1749267513,1.00800000,10.00000000,0.9638
1749267513,1.00810000,8.69000000,0.9638
1749267513,1.00900000,10.00000000,0.9638
1749267513,1.01000000,380.63000000,0.9638
1749267513,1.01020000,968.91000000,0.9638
1749267815,0.96480000,234.00000000,0.9646
1749267815,0.96530000,234.00000000,0.9646
1749267815,0.96570000,96.80000000,0.9646
1749267815,0.96580000,234.00000000,0.9646
1749267815,0.96620000,438.65000000,0.9646
1749267815,0.96630000,500.00000000,0.9646
1749267815,0.96680000,16.59000000,0.9646
1749267815,0.96690000,234.00000000,0.9646
1749267815,0.96700000,204.65000000,0.9646
1749267815,0.96710000,234.00000000,0.9646
1749267815,0.96730000,500.00000000,0.9646
1749267815,0.96770000,234.00000000,0.9646
1749267815,0.96780000,204.65000000,0.9646
1749267815,0.96850000,234.00000000,0.9646
1749267815,0.96860000,438.65000000,0.9646
1749267815,0.96930000,234.00000000,0.9646
1749267815,0.96940000,438.65000000,0.9646
1749267815,0.96950000,234.00000000,0.9646
1749267815,0.96960000,403.40000000,0.9646
1749267815,0.97010000,234.00000000,0.9646
1749267815,0.97020000,438.65000000,0.9646
1749267815,0.97040000,234.00000000,0.9646
1749267815,0.97050000,246.27000000,0.9646
1749267815,0.97080000,234.00000000,0.9646
1749267815,0.97100000,204.65000000,0.9646
1749267815,0.97260000,204.65000000,0.9646
1749267815,0.97270000,83.01000000,0.9646
1749267815,0.97380000,11.00000000,0.9646
1749267815,0.97420000,204.65000000,0.9646
1749267815,0.97470000,20.75000000,0.9646
1749267815,0.97510000,6.15000000,0.9646
1749267815,0.97580000,204.65000000,0.9646
1749267815,0.97670000,45.16000000,0.9646
1749267815,0.97690000,678.18000000,0.9646
1749267815,0.97800000,81.77000000,0.9646
1749267815,0.97940000,25.37000000,0.9646
1749267815,0.98000000,1823.33000000,0.9646
1749267815,0.98100000,1697.19000000,0.9646
1749267815,0.98200000,10.00000000,0.9646
1749267815,0.98300000,10.00000000,0.9646
1749267815,0.98310000,104.11000000,0.9646
1749267815,0.98340000,83.01000000,0.9646
1749267815,0.98350000,10.89000000,0.9646
1749267815,0.98400000,10.00000000,0.9646
1749267815,0.98430000,160.00000000,0.9646
1749267815,0.98460000,9.14000000,0.9646
1749267815,0.98500000,22.90000000,0.9646
1749267815,0.98600000,10.00000000,0.9646
1749267815,0.98680000,62.98000000,0.9646
1749267815,0.98700000,10.00000000,0.9646
1749267815,0.98720000,459.57000000,0.9646
1749267815,0.98750000,11.61000000,0.9646
1749267815,0.98800000,10.00000000,0.9646
1749267815,0.98880000,83.01000000,0.9646
1749267815,0.98900000,10.00000000,0.9646
1749267815,0.99000000,10.00000000,0.9646
1749267815,0.99070000,72.13000000,0.9646
