timestamp,price,volume,current_price
1749254550,0.01555000,421644.00000000,0.01554
1749254550,0.01556000,2113766.00000000,0.01554
1749254550,0.01557000,1992961.00000000,0.01554
1749254550,0.01558000,2674238.00000000,0.01554
1749254550,0.01559000,525746.00000000,0.01554
1749254550,0.01560000,2385788.00000000,0.01554
1749254550,0.01561000,825773.00000000,0.01554
1749254550,0.01562000,2460996.00000000,0.01554
1749254550,0.01563000,216462.00000000,0.01554
1749254550,0.01564000,833641.00000000,0.01554
1749254550,0.01565000,508107.00000000,0.01554
1749254550,0.01566000,697159.00000000,0.01554
1749254550,0.01567000,1133028.00000000,0.01554
1749254550,0.01568000,181290.00000000,0.01554
1749254550,0.01569000,192433.00000000,0.01554
1749254550,0.01570000,166323.00000000,0.01554
1749254550,0.01571000,129783.00000000,0.01554
1749254550,0.01572000,1095139.00000000,0.01554
1749254550,0.01573000,533883.00000000,0.01554
1749254550,0.01574000,176803.00000000,0.01554
1749254550,0.01575000,185135.00000000,0.01554
1749254550,0.01576000,118607.00000000,0.01554
1749254550,0.01577000,101251.00000000,0.01554
1749254550,0.01578000,64818.00000000,0.01554
1749254550,0.01579000,65069.00000000,0.01554
1749254550,0.01580000,65769.00000000,0.01554
1749254550,0.01581000,83344.00000000,0.01554
1749254550,0.01582000,64111.00000000,0.01554
1749254550,0.01583000,4193.00000000,0.01554
1749254550,0.01584000,636.00000000,0.01554
1749254550,0.01585000,85136.00000000,0.01554
1749254550,0.01586000,1263.00000000,0.01554
1749254550,0.01587000,3855.00000000,0.01554
1749254550,0.01588000,636.00000000,0.01554
1749254550,0.01589000,7108.00000000,0.01554
1749254550,0.01590000,22273.00000000,0.01554
1749254550,0.01591000,1342.00000000,0.01554
1749254550,0.01592000,63462.00000000,0.01554
1749254550,0.01593000,36379.00000000,0.01554
1749254550,0.01594000,1953.00000000,0.01554
1749254550,0.01595000,3115.00000000,0.01554
1749254550,0.01596000,1119.00000000,0.01554
1749254550,0.01597000,1413.00000000,0.01554
1749254550,0.01598000,28231.00000000,0.01554
1749254550,0.01599000,7516.00000000,0.01554
1749254550,0.01600000,60788.00000000,0.01554
1749254550,0.01601000,636.00000000,0.01554
1749254550,0.01602000,9156.00000000,0.01554
1749254550,0.01603000,2487.00000000,0.01554
1749254550,0.01604000,62626.00000000,0.01554
1749254550,0.01605000,636.00000000,0.01554
1749254550,0.01606000,636.00000000,0.01554
1749254550,0.01607000,1791.00000000,0.01554
1749254550,0.01608000,15828.00000000,0.01554
1749254550,0.01609000,1148.00000000,0.01554
1749254550,0.01610000,4365.00000000,0.01554
1749254550,0.01611000,1969.00000000,0.01554
1749254550,0.01612000,1566.00000000,0.01554
1749254550,0.01613000,2082.00000000,0.01554
1749254550,0.01614000,98351.00000000,0.01554
1749254550,0.01615000,13021.00000000,0.01554
1749254550,0.01616000,636.00000000,0.01554
1749254550,0.01617000,1683.00000000,0.01554
1749254550,0.01618000,1012.00000000,0.01554
1749254550,0.01619000,1575.00000000,0.01554
1749254550,0.01620000,97419.00000000,0.01554
1749254550,0.01621000,1978.00000000,0.01554
1749254550,0.01622000,61010.00000000,0.01554
1749254550,0.01623000,2083.00000000,0.01554
1749254550,0.01624000,2533.00000000,0.01554
1749254550,0.01625000,2280.00000000,0.01554
1749254550,0.01626000,21044.00000000,0.01554
1749254550,0.01627000,30559.00000000,0.01554
1749254550,0.01628000,15104.00000000,0.01554
1749254550,0.01629000,1840.00000000,0.01554
1749254550,0.01630000,173617.00000000,0.01554
1749254550,0.01631000,2014.00000000,0.01554
1749254550,0.01632000,1693.00000000,0.01554
1749254550,0.01633000,31288.00000000,0.01554
1749254550,0.01634000,1836.00000000,0.01554
1749254550,0.01636000,1544.00000000,0.01554
1749254550,0.01637000,155624.00000000,0.01554
1749254550,0.01638000,32342.00000000,0.01554
1749254550,0.01639000,6689.00000000,0.01554
1749254550,0.01640000,6787.00000000,0.01554
1749254550,0.01641000,477.00000000,0.01554
1749254550,0.01642000,15311.00000000,0.01554
1749254550,0.01643000,3054.00000000,0.01554
1749254550,0.01644000,33107.00000000,0.01554
1749254550,0.01645000,3228.00000000,0.01554
1749254550,0.01646000,7618.00000000,0.01554
1749254550,0.01647000,3318.00000000,0.01554
1749254550,0.01648000,10670.00000000,0.01554
1749254550,0.01650000,302123.00000000,0.01554
1749254550,0.01651000,1183.00000000,0.01554
1749254550,0.01653000,621625.00000000,0.01554
1749254550,0.01654000,367422.00000000,0.01554
1749254550,0.01655000,820.00000000,0.01554
1749254550,0.01656000,33704.00000000,0.01554
1749254550,0.01657000,2330.00000000,0.01554
1749254851,0.01556000,319670.00000000,0.01555
1749254851,0.01557000,1530097.00000000,0.01555
1749254851,0.01558000,1592025.00000000,0.01555
1749254851,0.01559000,1482079.00000000,0.01555
1749254851,0.01560000,2376896.00000000,0.01555
1749254851,0.01561000,2521354.00000000,0.01555
1749254851,0.01562000,2537933.00000000,0.01555
1749254851,0.01563000,458680.00000000,0.01555
1749254851,0.01564000,768134.00000000,0.01555
1749254851,0.01565000,317807.00000000,0.01555
1749254851,0.01566000,897156.00000000,0.01555
1749254851,0.01567000,513833.00000000,0.01555
1749254851,0.01568000,800485.00000000,0.01555
1749254851,0.01569000,192433.00000000,0.01555
1749254851,0.01570000,166323.00000000,0.01555
1749254851,0.01571000,129783.00000000,0.01555
1749254851,0.01572000,166346.00000000,0.01555
1749254851,0.01573000,1068013.00000000,0.01555
1749254851,0.01574000,574684.00000000,0.01555
1749254851,0.01575000,185135.00000000,0.01555
1749254851,0.01576000,118605.00000000,0.01555
1749254851,0.01577000,96878.00000000,0.01555
1749254851,0.01578000,69317.00000000,0.01555
1749254851,0.01579000,65069.00000000,0.01555
1749254851,0.01580000,65769.00000000,0.01555
1749254851,0.01581000,83344.00000000,0.01555
1749254851,0.01582000,64111.00000000,0.01555
1749254851,0.01583000,4193.00000000,0.01555
1749254851,0.01584000,636.00000000,0.01555
1749254851,0.01585000,85136.00000000,0.01555
1749254851,0.01586000,1263.00000000,0.01555
1749254851,0.01587000,3855.00000000,0.01555
1749254851,0.01588000,636.00000000,0.01555
1749254851,0.01589000,64320.00000000,0.01555
1749254851,0.01590000,90993.00000000,0.01555
1749254851,0.01591000,1342.00000000,0.01555
1749254851,0.01592000,126462.00000000,0.01555
1749254851,0.01593000,36379.00000000,0.01555
1749254851,0.01594000,1953.00000000,0.01555
1749254851,0.01595000,3115.00000000,0.01555
1749254851,0.01596000,1119.00000000,0.01555
1749254851,0.01597000,1413.00000000,0.01555
1749254851,0.01598000,28231.00000000,0.01555
1749254851,0.01599000,7516.00000000,0.01555
1749254851,0.01600000,60788.00000000,0.01555
1749254851,0.01601000,636.00000000,0.01555
1749254851,0.01602000,9156.00000000,0.01555
1749254851,0.01603000,2487.00000000,0.01555
1749254851,0.01604000,62626.00000000,0.01555
1749254851,0.01605000,636.00000000,0.01555
1749254851,0.01606000,636.00000000,0.01555
1749254851,0.01607000,1791.00000000,0.01555
1749254851,0.01608000,15828.00000000,0.01555
1749254851,0.01609000,1148.00000000,0.01555
1749254851,0.01610000,4365.00000000,0.01555
1749254851,0.01611000,1969.00000000,0.01555
1749254851,0.01612000,1566.00000000,0.01555
1749254851,0.01613000,2082.00000000,0.01555
1749254851,0.01614000,98351.00000000,0.01555
1749254851,0.01615000,13021.00000000,0.01555
1749254851,0.01616000,636.00000000,0.01555
1749254851,0.01617000,1683.00000000,0.01555
1749254851,0.01618000,1012.00000000,0.01555
1749254851,0.01619000,1575.00000000,0.01555
1749254851,0.01620000,97419.00000000,0.01555
1749254851,0.01621000,1978.00000000,0.01555
1749254851,0.01622000,61010.00000000,0.01555
1749254851,0.01623000,2083.00000000,0.01555
1749254851,0.01624000,2533.00000000,0.01555
1749254851,0.01625000,2280.00000000,0.01555
1749254851,0.01626000,21044.00000000,0.01555
1749254851,0.01627000,30559.00000000,0.01555
1749254851,0.01628000,15104.00000000,0.01555
1749254851,0.01629000,1840.00000000,0.01555
1749254851,0.01630000,173617.00000000,0.01555
1749254851,0.01631000,2658.00000000,0.01555
1749254851,0.01632000,1693.00000000,0.01555
1749254851,0.01633000,31901.00000000,0.01555
1749254851,0.01634000,1836.00000000,0.01555
1749254851,0.01636000,933.00000000,0.01555
1749254851,0.01637000,155624.00000000,0.01555
1749254851,0.01638000,2716.00000000,0.01555
1749254851,0.01639000,6689.00000000,0.01555
1749254851,0.01640000,36413.00000000,0.01555
1749254851,0.01641000,477.00000000,0.01555
1749254851,0.01642000,15311.00000000,0.01555
1749254851,0.01643000,3054.00000000,0.01555
1749254851,0.01644000,2643.00000000,0.01555
1749254851,0.01645000,3228.00000000,0.01555
1749254851,0.01646000,38082.00000000,0.01555
1749254851,0.01647000,3318.00000000,0.01555
1749254851,0.01648000,10670.00000000,0.01555
1749254851,0.01650000,270820.00000000,0.01555
1749254851,0.01651000,1183.00000000,0.01555
1749254851,0.01652000,31303.00000000,0.01555
1749254851,0.01653000,621625.00000000,0.01555
1749254851,0.01654000,367422.00000000,0.01555
1749254851,0.01655000,820.00000000,0.01555
1749254851,0.01656000,1563.00000000,0.01555
1749254851,0.01657000,2330.00000000,0.01555
