timestamp,price,volume,current_price
1749260725,0.01576000,352835.00000000,0.01576
1749260725,0.01577000,842091.00000000,0.01576
1749260725,0.01578000,1998144.00000000,0.01576
1749260725,0.01579000,1982796.00000000,0.01576
1749260725,0.01580000,2007574.00000000,0.01576
1749260725,0.01581000,2887735.00000000,0.01576
1749260725,0.01582000,456923.00000000,0.01576
1749260725,0.01583000,600630.00000000,0.01576
1749260725,0.01584000,231680.00000000,0.01576
1749260725,0.01585000,2685355.00000000,0.01576
1749260725,0.01586000,708944.00000000,0.01576
1749260725,0.01587000,213693.00000000,0.01576
1749260725,0.01588000,800476.00000000,0.01576
1749260725,0.01589000,225901.00000000,0.01576
1749260725,0.01590000,730359.00000000,0.01576
1749260725,0.01591000,128446.00000000,0.01576
1749260725,0.01592000,64589.00000000,0.01576
1749260725,0.01593000,1441535.00000000,0.01576
1749260725,0.01594000,65430.00000000,0.01576
1749260725,0.01595000,160216.00000000,0.01576
1749260725,0.01596000,64596.00000000,0.01576
1749260725,0.01597000,64112.00000000,0.01576
1749260725,0.01598000,91170.00000000,0.01576
1749260725,0.01599000,7992.00000000,0.01576
1749260725,0.01600000,100595.00000000,0.01576
1749260725,0.01601000,1111.00000000,0.01576
1749260725,0.01602000,102257.00000000,0.01576
1749260725,0.01603000,2487.00000000,0.01576
1749260725,0.01604000,621689.00000000,0.01576
1749260725,0.01605000,700236.00000000,0.01576
1749260725,0.01606000,636.00000000,0.01576
1749260725,0.01607000,6791.00000000,0.01576
1749260725,0.01608000,31784.00000000,0.01576
1749260725,0.01609000,3670.00000000,0.01576
1749260725,0.01610000,29068.00000000,0.01576
1749260725,0.01611000,1969.00000000,0.01576
1749260725,0.01612000,35468.00000000,0.01576
1749260725,0.01613000,19995.00000000,0.01576
1749260725,0.01614000,98351.00000000,0.01576
1749260725,0.01615000,55829.00000000,0.01576
1749260725,0.01616000,636.00000000,0.01576
1749260725,0.01617000,1683.00000000,0.01576
1749260725,0.01618000,27901.00000000,0.01576
1749260725,0.01619000,7997.00000000,0.01576
1749260725,0.01620000,130765.00000000,0.01576
1749260725,0.01621000,34119.00000000,0.01576
1749260725,0.01622000,988.00000000,0.01576
1749260725,0.01623000,3050027.00000000,0.01576
1749260725,0.01624000,63040.00000000,0.01576
1749260725,0.01625000,2280.00000000,0.01576
1749260725,0.01626000,44235.00000000,0.01576
1749260725,0.01627000,2610.00000000,0.01576
1749260725,0.01628000,15104.00000000,0.01576
1749260725,0.01629000,16348.00000000,0.01576
1749260725,0.01630000,57277.00000000,0.01576
1749260725,0.01631000,2658.00000000,0.01576
1749260725,0.01632000,1110.00000000,0.01576
1749260725,0.01633000,3144.00000000,0.01576
1749260725,0.01634000,642.00000000,0.01576
1749260725,0.01635000,642.00000000,0.01576
1749260725,0.01636000,1574.00000000,0.01576
1749260725,0.01637000,95962.00000000,0.01576
1749260725,0.01638000,3357.00000000,0.01576
1749260725,0.01639000,7329.00000000,0.01576
1749260725,0.01640000,7427.00000000,0.01576
1749260725,0.01641000,1116.00000000,0.01576
1749260725,0.01642000,60661.00000000,0.01576
1749260725,0.01643000,3693.00000000,0.01576
1749260725,0.01644000,3281.00000000,0.01576
1749260725,0.01645000,3866.00000000,0.01576
1749260725,0.01646000,24016.00000000,0.01576
1749260725,0.01647000,3955.00000000,0.01576
1749260725,0.01648000,11306.00000000,0.01576
1749260725,0.01649000,636.00000000,0.01576
1749260725,0.01650000,405981.00000000,0.01576
1749260725,0.01651000,1818.00000000,0.01576
1749260725,0.01652000,1210.00000000,0.01576
1749260725,0.01653000,2488.00000000,0.01576
1749260725,0.01654000,400331.00000000,0.01576
1749260725,0.01655000,820.00000000,0.01576
1749260725,0.01656000,1563.00000000,0.01576
1749260725,0.01657000,77944.00000000,0.01576
1749260725,0.01659000,926.00000000,0.01576
1749260725,0.01660000,15859.00000000,0.01576
1749260725,0.01661000,818.00000000,0.01576
1749260725,0.01662000,261000.00000000,0.01576
1749260725,0.01663000,6170.00000000,0.01576
1749260725,0.01664000,706.00000000,0.01576
1749260725,0.01665000,1401.00000000,0.01576
1749260725,0.01666000,21020.00000000,0.01576
1749260725,0.01667000,302.00000000,0.01576
1749260725,0.01668000,341.00000000,0.01576
1749260725,0.01669000,1980.00000000,0.01576
1749260725,0.01670000,9259.00000000,0.01576
1749260725,0.01671000,343459.00000000,0.01576
1749260725,0.01672000,1104.00000000,0.01576
1749260725,0.01673000,10000.00000000,0.01576
1749260725,0.01674000,309.00000000,0.01576
1749260725,0.01675000,334.00000000,0.01576
1749260725,0.01676000,2875.00000000,0.01576
1749261045,0.01580000,524771.00000000,0.01579
1749261045,0.01581000,1792303.00000000,0.01579
1749261045,0.01582000,1608013.00000000,0.01579
1749261045,0.01583000,2724309.00000000,0.01579
1749261045,0.01584000,1943132.00000000,0.01579
1749261045,0.01585000,1191827.00000000,0.01579
1749261045,0.01586000,4124827.00000000,0.01579
1749261045,0.01587000,702082.00000000,0.01579
1749261045,0.01588000,741842.00000000,0.01579
1749261045,0.01589000,440177.00000000,0.01579
1749261045,0.01590000,720475.00000000,0.01579
1749261045,0.01591000,128446.00000000,0.01579
1749261045,0.01592000,721675.00000000,0.01579
1749261045,0.01593000,167526.00000000,0.01579
1749261045,0.01594000,65430.00000000,0.01579
1749261045,0.01595000,131429.00000000,0.01579
1749261045,0.01596000,435139.00000000,0.01579
1749261045,0.01597000,64112.00000000,0.01579
1749261045,0.01598000,64818.00000000,0.01579
1749261045,0.01599000,104215.00000000,0.01579
1749261045,0.01600000,122499.00000000,0.01579
1749261045,0.01601000,1111.00000000,0.01579
1749261045,0.01602000,72631.00000000,0.01579
1749261045,0.01603000,994280.00000000,0.01579
1749261045,0.01604000,684689.00000000,0.01579
1749261045,0.01605000,763236.00000000,0.01579
1749261045,0.01606000,30262.00000000,0.01579
1749261045,0.01607000,6791.00000000,0.01579
1749261045,0.01608000,1320.00000000,0.01579
1749261045,0.01609000,3670.00000000,0.01579
1749261045,0.01610000,4365.00000000,0.01579
1749261045,0.01611000,1969.00000000,0.01579
1749261045,0.01612000,32030.00000000,0.01579
1749261045,0.01613000,19988.00000000,0.01579
1749261045,0.01614000,98351.00000000,0.01579
1749261045,0.01615000,27724.00000000,0.01579
1749261045,0.01616000,636.00000000,0.01579
1749261045,0.01617000,35585.00000000,0.01579
1749261045,0.01618000,1012.00000000,0.01579
1749261045,0.01619000,39300.00000000,0.01579
1749261045,0.01620000,118924.00000000,0.01579
1749261045,0.01621000,1978.00000000,0.01579
1749261045,0.01622000,988.00000000,0.01579
1749261045,0.01623000,3076916.00000000,0.01579
1749261045,0.01624000,2533.00000000,0.01579
1749261045,0.01625000,67767.00000000,0.01579
1749261045,0.01626000,44235.00000000,0.01579
1749261045,0.01627000,2610.00000000,0.01579
1749261045,0.01628000,15104.00000000,0.01579
1749261045,0.01629000,76855.00000000,0.01579
1749261045,0.01630000,57277.00000000,0.01579
1749261045,0.01631000,2658.00000000,0.01579
1749261045,0.01632000,1110.00000000,0.01579
1749261045,0.01633000,3144.00000000,0.01579
1749261045,0.01634000,642.00000000,0.01579
1749261045,0.01635000,642.00000000,0.01579
1749261045,0.01636000,1574.00000000,0.01579
1749261045,0.01637000,95962.00000000,0.01579
1749261045,0.01638000,3357.00000000,0.01579
1749261045,0.01639000,7329.00000000,0.01579
1749261045,0.01640000,7427.00000000,0.01579
1749261045,0.01641000,1116.00000000,0.01579
1749261045,0.01642000,639.00000000,0.01579
1749261045,0.01643000,3693.00000000,0.01579
1749261045,0.01644000,3281.00000000,0.01579
1749261045,0.01645000,3866.00000000,0.01579
1749261045,0.01646000,24016.00000000,0.01579
1749261045,0.01647000,63977.00000000,0.01579
1749261045,0.01648000,11306.00000000,0.01579
1749261045,0.01649000,636.00000000,0.01579
1749261045,0.01650000,405981.00000000,0.01579
1749261045,0.01651000,1819.00000000,0.01579
1749261045,0.01652000,1845.00000000,0.01579
1749261045,0.01653000,3123.00000000,0.01579
1749261045,0.01654000,400965.00000000,0.01579
1749261045,0.01655000,1454.00000000,0.01579
1749261045,0.01656000,1563.00000000,0.01579
1749261045,0.01657000,2330.00000000,0.01579
1749261045,0.01659000,926.00000000,0.01579
1749261045,0.01660000,15859.00000000,0.01579
1749261045,0.01661000,818.00000000,0.01579
1749261045,0.01662000,336614.00000000,0.01579
1749261045,0.01663000,6170.00000000,0.01579
1749261045,0.01664000,706.00000000,0.01579
1749261045,0.01665000,1401.00000000,0.01579
1749261045,0.01666000,21020.00000000,0.01579
1749261045,0.01667000,302.00000000,0.01579
1749261045,0.01668000,341.00000000,0.01579
1749261045,0.01669000,1980.00000000,0.01579
1749261045,0.01670000,9259.00000000,0.01579
1749261045,0.01671000,343459.00000000,0.01579
1749261045,0.01672000,1104.00000000,0.01579
1749261045,0.01673000,10000.00000000,0.01579
1749261045,0.01674000,309.00000000,0.01579
1749261045,0.01675000,334.00000000,0.01579
1749261045,0.01676000,2875.00000000,0.01579
1749261045,0.01678000,1164.00000000,0.01579
1749261045,0.01680000,19525.00000000,0.01579
1749261045,0.01681000,363.00000000,0.01579
1749261045,0.01682000,5483.00000000,0.01579
1749261350,0.01578000,441802.00000000,0.01578
1749261350,0.01579000,1928116.00000000,0.01578
1749261350,0.01580000,1651305.00000000,0.01578
1749261350,0.01581000,2816583.00000000,0.01578
1749261350,0.01582000,2277991.00000000,0.01578
1749261350,0.01583000,1125786.00000000,0.01578
1749261350,0.01584000,2219552.00000000,0.01578
1749261350,0.01585000,442452.00000000,0.01578
1749261350,0.01586000,2358918.00000000,0.01578
1749261350,0.01587000,920330.00000000,0.01578
1749261350,0.01588000,228991.00000000,0.01578
1749261350,0.01589000,328332.00000000,0.01578
1749261350,0.01590000,1339670.00000000,0.01578
1749261350,0.01591000,128446.00000000,0.01578
1749261350,0.01592000,102480.00000000,0.01578
1749261350,0.01593000,167526.00000000,0.01578
1749261350,0.01594000,65430.00000000,0.01578
1749261350,0.01595000,1060222.00000000,0.01578
1749261350,0.01596000,435139.00000000,0.01578
1749261350,0.01597000,64112.00000000,0.01578
1749261350,0.01598000,64818.00000000,0.01578
1749261350,0.01599000,99779.00000000,0.01578
1749261350,0.01600000,126926.00000000,0.01578
1749261350,0.01601000,1111.00000000,0.01578
1749261350,0.01602000,72631.00000000,0.01578
1749261350,0.01603000,65487.00000000,0.01578
1749261350,0.01604000,684689.00000000,0.01578
1749261350,0.01605000,700236.00000000,0.01578
1749261350,0.01606000,30262.00000000,0.01578
1749261350,0.01607000,6791.00000000,0.01578
1749261350,0.01608000,1320.00000000,0.01578
1749261350,0.01609000,3670.00000000,0.01578
1749261350,0.01610000,4365.00000000,0.01578
1749261350,0.01611000,1969.00000000,0.01578
1749261350,0.01612000,32030.00000000,0.01578
1749261350,0.01613000,19984.00000000,0.01578
1749261350,0.01614000,98351.00000000,0.01578
1749261350,0.01615000,27724.00000000,0.01578
1749261350,0.01616000,636.00000000,0.01578
1749261350,0.01617000,35585.00000000,0.01578
1749261350,0.01618000,1012.00000000,0.01578
1749261350,0.01619000,39300.00000000,0.01578
1749261350,0.01620000,118924.00000000,0.01578
1749261350,0.01621000,1978.00000000,0.01578
1749261350,0.01622000,988.00000000,0.01578
1749261350,0.01623000,3076916.00000000,0.01578
1749261350,0.01624000,2533.00000000,0.01578
1749261350,0.01625000,67767.00000000,0.01578
1749261350,0.01626000,44235.00000000,0.01578
1749261350,0.01627000,2610.00000000,0.01578
1749261350,0.01628000,15104.00000000,0.01578
1749261350,0.01629000,76855.00000000,0.01578
1749261350,0.01630000,57277.00000000,0.01578
1749261350,0.01631000,2658.00000000,0.01578
1749261350,0.01632000,1110.00000000,0.01578
1749261350,0.01633000,3144.00000000,0.01578
1749261350,0.01634000,642.00000000,0.01578
1749261350,0.01635000,642.00000000,0.01578
1749261350,0.01636000,1574.00000000,0.01578
1749261350,0.01637000,95962.00000000,0.01578
1749261350,0.01638000,3357.00000000,0.01578
1749261350,0.01639000,7329.00000000,0.01578
1749261350,0.01640000,7427.00000000,0.01578
1749261350,0.01641000,1116.00000000,0.01578
1749261350,0.01642000,60661.00000000,0.01578
1749261350,0.01643000,3693.00000000,0.01578
1749261350,0.01644000,3281.00000000,0.01578
1749261350,0.01645000,3866.00000000,0.01578
1749261350,0.01646000,24016.00000000,0.01578
1749261350,0.01647000,3955.00000000,0.01578
1749261350,0.01648000,11306.00000000,0.01578
1749261350,0.01649000,636.00000000,0.01578
1749261350,0.01650000,405981.00000000,0.01578
1749261350,0.01651000,1819.00000000,0.01578
1749261350,0.01652000,635.00000000,0.01578
1749261350,0.01653000,1913.00000000,0.01578
1749261350,0.01654000,400331.00000000,0.01578
1749261350,0.01655000,820.00000000,0.01578
1749261350,0.01656000,1563.00000000,0.01578
1749261350,0.01657000,2330.00000000,0.01578
1749261350,0.01658000,1206.00000000,0.01578
1749261350,0.01659000,2132.00000000,0.01578
1749261350,0.01660000,15859.00000000,0.01578
1749261350,0.01661000,818.00000000,0.01578
1749261350,0.01662000,336614.00000000,0.01578
1749261350,0.01663000,6170.00000000,0.01578
1749261350,0.01664000,706.00000000,0.01578
1749261350,0.01665000,1401.00000000,0.01578
1749261350,0.01666000,21020.00000000,0.01578
1749261350,0.01667000,302.00000000,0.01578
1749261350,0.01668000,341.00000000,0.01578
1749261350,0.01669000,1980.00000000,0.01578
1749261350,0.01670000,9259.00000000,0.01578
1749261350,0.01671000,343459.00000000,0.01578
1749261350,0.01672000,1104.00000000,0.01578
1749261350,0.01673000,10000.00000000,0.01578
1749261350,0.01674000,309.00000000,0.01578
1749261350,0.01675000,334.00000000,0.01578
1749261350,0.01676000,2875.00000000,0.01578
1749261350,0.01678000,1164.00000000,0.01578
1749261652,0.01578000,685522.00000000,0.01577
1749261652,0.01579000,2096393.00000000,0.01577
1749261652,0.01580000,1603368.00000000,0.01577
1749261652,0.01581000,2411365.00000000,0.01577
1749261652,0.01582000,1182143.00000000,0.01577
1749261652,0.01583000,2189776.00000000,0.01577
1749261652,0.01584000,494910.00000000,0.01577
1749261652,0.01585000,2240191.00000000,0.01577
1749261652,0.01586000,2470345.00000000,0.01577
1749261652,0.01587000,739369.00000000,0.01577
1749261652,0.01588000,420182.00000000,0.01577
1749261652,0.01589000,328679.00000000,0.01577
1749261652,0.01590000,720475.00000000,0.01577
1749261652,0.01591000,747641.00000000,0.01577
1749261652,0.01592000,102480.00000000,0.01577
1749261652,0.01593000,167526.00000000,0.01577
1749261652,0.01594000,65430.00000000,0.01577
1749261652,0.01595000,131429.00000000,0.01577
1749261652,0.01596000,1363932.00000000,0.01577
1749261652,0.01597000,64112.00000000,0.01577
1749261652,0.01598000,64818.00000000,0.01577
1749261652,0.01599000,99779.00000000,0.01577
1749261652,0.01600000,126929.00000000,0.01577
1749261652,0.01601000,1111.00000000,0.01577
1749261652,0.01602000,72631.00000000,0.01577
1749261652,0.01603000,65487.00000000,0.01577
1749261652,0.01604000,684689.00000000,0.01577
1749261652,0.01605000,700236.00000000,0.01577
1749261652,0.01606000,30262.00000000,0.01577
1749261652,0.01607000,6791.00000000,0.01577
1749261652,0.01608000,1320.00000000,0.01577
1749261652,0.01609000,3670.00000000,0.01577
1749261652,0.01610000,4365.00000000,0.01577
1749261652,0.01611000,1969.00000000,0.01577
1749261652,0.01612000,32030.00000000,0.01577
1749261652,0.01613000,19988.00000000,0.01577
1749261652,0.01614000,98351.00000000,0.01577
1749261652,0.01615000,27724.00000000,0.01577
1749261652,0.01616000,636.00000000,0.01577
1749261652,0.01617000,35585.00000000,0.01577
1749261652,0.01618000,1012.00000000,0.01577
1749261652,0.01619000,39300.00000000,0.01577
1749261652,0.01620000,118924.00000000,0.01577
1749261652,0.01621000,1978.00000000,0.01577
1749261652,0.01622000,988.00000000,0.01577
1749261652,0.01623000,3076916.00000000,0.01577
1749261652,0.01624000,2533.00000000,0.01577
1749261652,0.01625000,67767.00000000,0.01577
1749261652,0.01626000,44235.00000000,0.01577
1749261652,0.01627000,2610.00000000,0.01577
1749261652,0.01628000,15104.00000000,0.01577
1749261652,0.01629000,76855.00000000,0.01577
1749261652,0.01630000,57277.00000000,0.01577
1749261652,0.01631000,2658.00000000,0.01577
1749261652,0.01632000,1110.00000000,0.01577
1749261652,0.01633000,3144.00000000,0.01577
1749261652,0.01634000,642.00000000,0.01577
1749261652,0.01635000,642.00000000,0.01577
1749261652,0.01636000,1574.00000000,0.01577
1749261652,0.01637000,95962.00000000,0.01577
1749261652,0.01638000,3357.00000000,0.01577
1749261652,0.01639000,7329.00000000,0.01577
1749261652,0.01640000,7427.00000000,0.01577
1749261652,0.01641000,1116.00000000,0.01577
1749261652,0.01642000,60661.00000000,0.01577
1749261652,0.01643000,3693.00000000,0.01577
1749261652,0.01644000,3281.00000000,0.01577
1749261652,0.01645000,3866.00000000,0.01577
1749261652,0.01646000,24016.00000000,0.01577
1749261652,0.01647000,3955.00000000,0.01577
1749261652,0.01648000,11306.00000000,0.01577
1749261652,0.01649000,636.00000000,0.01577
1749261652,0.01650000,405981.00000000,0.01577
1749261652,0.01651000,1819.00000000,0.01577
1749261652,0.01652000,635.00000000,0.01577
1749261652,0.01653000,1913.00000000,0.01577
1749261652,0.01654000,400331.00000000,0.01577
1749261652,0.01655000,820.00000000,0.01577
1749261652,0.01656000,1563.00000000,0.01577
1749261652,0.01657000,2330.00000000,0.01577
1749261652,0.01658000,1206.00000000,0.01577
1749261652,0.01659000,2132.00000000,0.01577
1749261652,0.01660000,15859.00000000,0.01577
1749261652,0.01661000,818.00000000,0.01577
1749261652,0.01662000,336614.00000000,0.01577
1749261652,0.01663000,6170.00000000,0.01577
1749261652,0.01664000,706.00000000,0.01577
1749261652,0.01665000,1401.00000000,0.01577
1749261652,0.01666000,21020.00000000,0.01577
1749261652,0.01667000,302.00000000,0.01577
1749261652,0.01668000,341.00000000,0.01577
1749261652,0.01669000,1980.00000000,0.01577
1749261652,0.01670000,9259.00000000,0.01577
1749261652,0.01671000,343459.00000000,0.01577
1749261652,0.01672000,1104.00000000,0.01577
1749261652,0.01673000,10000.00000000,0.01577
1749261652,0.01674000,309.00000000,0.01577
1749261652,0.01675000,334.00000000,0.01577
1749261652,0.01676000,2875.00000000,0.01577
1749261652,0.01678000,1164.00000000,0.01577
1749261958,0.01575000,261554.00000000,0.01574
1749261958,0.01576000,1436957.00000000,0.01574
1749261958,0.01577000,2040782.00000000,0.01574
1749261958,0.01578000,1539136.00000000,0.01574
1749261958,0.01579000,1812874.00000000,0.01574
1749261958,0.01580000,1851550.00000000,0.01574
1749261958,0.01581000,715196.00000000,0.01574
1749261958,0.01582000,2261678.00000000,0.01574
1749261958,0.01583000,2457434.00000000,0.01574
1749261958,0.01584000,665377.00000000,0.01574
1749261958,0.01585000,493126.00000000,0.01574
1749261958,0.01586000,213972.00000000,0.01574
1749261958,0.01587000,245368.00000000,0.01574
1749261958,0.01588000,322602.00000000,0.01574
1749261958,0.01589000,337947.00000000,0.01574
1749261958,0.01590000,627324.00000000,0.01574
1749261958,0.01591000,128446.00000000,0.01574
1749261958,0.01592000,721675.00000000,0.01574
1749261958,0.01593000,139577.00000000,0.01574
1749261958,0.01594000,430761.00000000,0.01574
1749261958,0.01595000,160216.00000000,0.01574
1749261958,0.01596000,64596.00000000,0.01574
1749261958,0.01597000,992905.00000000,0.01574
1749261958,0.01598000,1818.00000000,0.01574
1749261958,0.01599000,29894.00000000,0.01574
1749261958,0.01600000,37595.00000000,0.01574
1749261958,0.01601000,5544.00000000,0.01574
1749261958,0.01602000,39257.00000000,0.01574
1749261958,0.01603000,2487.00000000,0.01574
1749261958,0.01604000,621689.00000000,0.01574
1749261958,0.01605000,700236.00000000,0.01574
1749261958,0.01606000,636.00000000,0.01574
1749261958,0.01607000,6791.00000000,0.01574
1749261958,0.01608000,31784.00000000,0.01574
1749261958,0.01609000,3670.00000000,0.01574
1749261958,0.01610000,4365.00000000,0.01574
1749261958,0.01611000,1969.00000000,0.01574
1749261958,0.01612000,1566.00000000,0.01574
1749261958,0.01613000,19984.00000000,0.01574
1749261958,0.01614000,98351.00000000,0.01574
1749261958,0.01615000,59027.00000000,0.01574
1749261958,0.01616000,636.00000000,0.01574
1749261958,0.01617000,35585.00000000,0.01574
1749261958,0.01618000,1012.00000000,0.01574
1749261958,0.01619000,7997.00000000,0.01574
1749261958,0.01620000,118924.00000000,0.01574
1749261958,0.01621000,34119.00000000,0.01574
1749261958,0.01622000,988.00000000,0.01574
1749261958,0.01623000,3076916.00000000,0.01574
1749261958,0.01624000,63040.00000000,0.01574
1749261958,0.01625000,35626.00000000,0.01574
1749261958,0.01626000,44235.00000000,0.01574
1749261958,0.01627000,2610.00000000,0.01574
1749261958,0.01628000,15104.00000000,0.01574
1749261958,0.01629000,16348.00000000,0.01574
1749261958,0.01630000,57277.00000000,0.01574
1749261958,0.01631000,2658.00000000,0.01574
1749261958,0.01632000,1110.00000000,0.01574
1749261958,0.01633000,3144.00000000,0.01574
1749261958,0.01634000,642.00000000,0.01574
1749261958,0.01635000,642.00000000,0.01574
1749261958,0.01636000,1574.00000000,0.01574
1749261958,0.01637000,95962.00000000,0.01574
1749261958,0.01638000,3357.00000000,0.01574
1749261958,0.01639000,7329.00000000,0.01574
1749261958,0.01640000,7427.00000000,0.01574
1749261958,0.01641000,1116.00000000,0.01574
1749261958,0.01642000,60661.00000000,0.01574
1749261958,0.01643000,3693.00000000,0.01574
1749261958,0.01644000,3281.00000000,0.01574
1749261958,0.01645000,3866.00000000,0.01574
1749261958,0.01646000,24016.00000000,0.01574
1749261958,0.01647000,3955.00000000,0.01574
1749261958,0.01648000,11306.00000000,0.01574
1749261958,0.01649000,636.00000000,0.01574
1749261958,0.01650000,405981.00000000,0.01574
1749261958,0.01651000,1183.00000000,0.01574
1749261958,0.01653000,1278.00000000,0.01574
1749261958,0.01654000,400331.00000000,0.01574
1749261958,0.01655000,820.00000000,0.01574
1749261958,0.01656000,1563.00000000,0.01574
1749261958,0.01657000,62633.00000000,0.01574
1749261958,0.01658000,1206.00000000,0.01574
1749261958,0.01659000,2132.00000000,0.01574
1749261958,0.01660000,15859.00000000,0.01574
1749261958,0.01661000,818.00000000,0.01574
1749261958,0.01662000,276311.00000000,0.01574
1749261958,0.01663000,6170.00000000,0.01574
1749261958,0.01664000,706.00000000,0.01574
1749261958,0.01665000,1401.00000000,0.01574
1749261958,0.01666000,21020.00000000,0.01574
1749261958,0.01667000,302.00000000,0.01574
1749261958,0.01668000,341.00000000,0.01574
1749261958,0.01669000,1980.00000000,0.01574
1749261958,0.01670000,9259.00000000,0.01574
1749261958,0.01671000,343459.00000000,0.01574
1749261958,0.01672000,1104.00000000,0.01574
1749261958,0.01673000,10000.00000000,0.01574
1749261958,0.01674000,309.00000000,0.01574
1749261958,0.01675000,334.00000000,0.01574
1749262260,0.01581000,408326.00000000,0.0158
1749262260,0.01582000,1654249.00000000,0.0158
1749262260,0.01583000,2243466.00000000,0.0158
1749262260,0.01584000,2695296.00000000,0.0158
1749262260,0.01585000,3081814.00000000,0.0158
1749262260,0.01586000,2573704.00000000,0.0158
1749262260,0.01587000,700753.00000000,0.0158
1749262260,0.01588000,444561.00000000,0.0158
1749262260,0.01589000,468126.00000000,0.0158
1749262260,0.01590000,869192.00000000,0.0158
1749262260,0.01591000,621291.00000000,0.0158
1749262260,0.01592000,721675.00000000,0.0158
1749262260,0.01593000,139577.00000000,0.0158
1749262260,0.01594000,103321.00000000,0.0158
1749262260,0.01595000,131429.00000000,0.0158
1749262260,0.01596000,64596.00000000,0.0158
1749262260,0.01597000,64112.00000000,0.0158
1749262260,0.01598000,993611.00000000,0.0158
1749262260,0.01599000,360506.00000000,0.0158
1749262260,0.01600000,37595.00000000,0.0158
1749262260,0.01601000,1111.00000000,0.0158
1749262260,0.01602000,65569.00000000,0.0158
1749262260,0.01603000,2487.00000000,0.0158
1749262260,0.01604000,1342.00000000,0.0158
1749262260,0.01605000,636.00000000,0.0158
1749262260,0.01606000,636.00000000,0.0158
1749262260,0.01607000,6791.00000000,0.0158
1749262260,0.01608000,1320.00000000,0.0158
1749262260,0.01609000,3670.00000000,0.0158
1749262260,0.01610000,4365.00000000,0.0158
1749262260,0.01611000,1969.00000000,0.0158
1749262260,0.01612000,32030.00000000,0.0158
1749262260,0.01613000,19980.00000000,0.0158
1749262260,0.01614000,98351.00000000,0.0158
1749262260,0.01615000,80532.00000000,0.0158
1749262260,0.01616000,636.00000000,0.0158
1749262260,0.01617000,35585.00000000,0.0158
1749262260,0.01618000,1012.00000000,0.0158
1749262260,0.01619000,7997.00000000,0.0158
1749262260,0.01620000,97419.00000000,0.0158
1749262260,0.01621000,1978.00000000,0.0158
1749262260,0.01622000,621335.00000000,0.0158
1749262260,0.01623000,3076916.00000000,0.0158
1749262260,0.01624000,63040.00000000,0.0158
1749262260,0.01625000,67767.00000000,0.0158
1749262260,0.01626000,44235.00000000,0.0158
1749262260,0.01627000,2610.00000000,0.0158
1749262260,0.01628000,15104.00000000,0.0158
1749262260,0.01629000,16348.00000000,0.0158
1749262260,0.01630000,57277.00000000,0.0158
1749262260,0.01631000,2658.00000000,0.0158
1749262260,0.01632000,1110.00000000,0.0158
1749262260,0.01633000,3144.00000000,0.0158
1749262260,0.01634000,642.00000000,0.0158
1749262260,0.01635000,642.00000000,0.0158
1749262260,0.01636000,1574.00000000,0.0158
1749262260,0.01637000,95962.00000000,0.0158
1749262260,0.01638000,3357.00000000,0.0158
1749262260,0.01639000,7329.00000000,0.0158
1749262260,0.01640000,7427.00000000,0.0158
1749262260,0.01641000,1116.00000000,0.0158
1749262260,0.01642000,60661.00000000,0.0158
1749262260,0.01643000,3693.00000000,0.0158
1749262260,0.01644000,3281.00000000,0.0158
1749262260,0.01645000,3866.00000000,0.0158
1749262260,0.01646000,24016.00000000,0.0158
1749262260,0.01647000,3955.00000000,0.0158
1749262260,0.01648000,11306.00000000,0.0158
1749262260,0.01649000,636.00000000,0.0158
1749262260,0.01650000,405981.00000000,0.0158
1749262260,0.01651000,1819.00000000,0.0158
1749262260,0.01652000,635.00000000,0.0158
1749262260,0.01653000,1913.00000000,0.0158
1749262260,0.01654000,400360.00000000,0.0158
1749262260,0.01655000,1454.00000000,0.0158
1749262260,0.01656000,2196.00000000,0.0158
1749262260,0.01657000,62633.00000000,0.0158
1749262260,0.01658000,1206.00000000,0.0158
1749262260,0.01659000,2735.00000000,0.0158
1749262260,0.01660000,15859.00000000,0.0158
1749262260,0.01661000,818.00000000,0.0158
1749262260,0.01662000,276311.00000000,0.0158
1749262260,0.01663000,6170.00000000,0.0158
1749262260,0.01664000,706.00000000,0.0158
1749262260,0.01665000,1401.00000000,0.0158
1749262260,0.01666000,21020.00000000,0.0158
1749262260,0.01667000,302.00000000,0.0158
1749262260,0.01668000,341.00000000,0.0158
1749262260,0.01669000,1980.00000000,0.0158
1749262260,0.01670000,9259.00000000,0.0158
1749262260,0.01671000,343459.00000000,0.0158
1749262260,0.01672000,1104.00000000,0.0158
1749262260,0.01673000,10000.00000000,0.0158
1749262260,0.01674000,309.00000000,0.0158
1749262260,0.01675000,334.00000000,0.0158
1749262260,0.01676000,2875.00000000,0.0158
1749262260,0.01678000,1164.00000000,0.0158
1749262260,0.01680000,19525.00000000,0.0158
1749262260,0.01681000,363.00000000,0.0158
1749262260,0.01682000,5483.00000000,0.0158
1749262562,0.01585000,197885.00000000,0.01584
1749262562,0.01586000,1279637.00000000,0.01584
1749262562,0.01587000,1896473.00000000,0.01584
1749262562,0.01588000,1375505.00000000,0.01584
1749262562,0.01589000,1429249.00000000,0.01584
1749262562,0.01590000,2260015.00000000,0.01584
1749262562,0.01591000,456259.00000000,0.01584
1749262562,0.01592000,2070335.00000000,0.01584
1749262562,0.01593000,2737903.00000000,0.01584
1749262562,0.01594000,201373.00000000,0.01584
1749262562,0.01595000,388794.00000000,0.01584
1749262562,0.01596000,783854.00000000,0.01584
1749262562,0.01597000,185936.00000000,0.01584
1749262562,0.01598000,477914.00000000,0.01584
1749262562,0.01599000,81615.00000000,0.01584
1749262562,0.01600000,137726.00000000,0.01584
1749262562,0.01601000,64262.00000000,0.01584
1749262562,0.01602000,110673.00000000,0.01584
1749262562,0.01603000,1023692.00000000,0.01584
1749262562,0.01604000,403217.00000000,0.01584
1749262562,0.01605000,1110.00000000,0.01584
1749262562,0.01606000,65222.00000000,0.01584
1749262562,0.01607000,7264.00000000,0.01584
1749262562,0.01608000,1320.00000000,0.01584
1749262562,0.01609000,1148.00000000,0.01584
1749262562,0.01610000,33991.00000000,0.01584
1749262562,0.01611000,1969.00000000,0.01584
1749262562,0.01612000,1566.00000000,0.01584
1749262562,0.01613000,2082.00000000,0.01584
1749262562,0.01614000,100873.00000000,0.01584
1749262562,0.01615000,3021.00000000,0.01584
1749262562,0.01616000,31100.00000000,0.01584
1749262562,0.01617000,1683.00000000,0.01584
1749262562,0.01618000,1012.00000000,0.01584
1749262562,0.01619000,25944.00000000,0.01584
1749262562,0.01620000,143627.00000000,0.01584
1749262562,0.01621000,1978.00000000,0.01584
1749262562,0.01622000,655237.00000000,0.01584
1749262562,0.01623000,3081330.00000000,0.01584
1749262562,0.01624000,2533.00000000,0.01584
1749262562,0.01625000,2280.00000000,0.01584
1749262562,0.01626000,44235.00000000,0.01584
1749262562,0.01627000,2610.00000000,0.01584
1749262562,0.01628000,41993.00000000,0.01584
1749262562,0.01629000,94488.00000000,0.01584
1749262562,0.01630000,90623.00000000,0.01584
1749262562,0.01631000,2658.00000000,0.01584
1749262562,0.01632000,1110.00000000,0.01584
1749262562,0.01633000,3144.00000000,0.01584
1749262562,0.01634000,15150.00000000,0.01584
1749262562,0.01635000,642.00000000,0.01584
1749262562,0.01636000,1574.00000000,0.01584
1749262562,0.01637000,95962.00000000,0.01584
1749262562,0.01638000,3357.00000000,0.01584
1749262562,0.01639000,7329.00000000,0.01584
1749262562,0.01640000,7427.00000000,0.01584
1749262562,0.01641000,1116.00000000,0.01584
1749262562,0.01642000,639.00000000,0.01584
1749262562,0.01643000,3693.00000000,0.01584
1749262562,0.01644000,3281.00000000,0.01584
1749262562,0.01645000,3866.00000000,0.01584
1749262562,0.01646000,8255.00000000,0.01584
1749262562,0.01647000,63977.00000000,0.01584
1749262562,0.01648000,11306.00000000,0.01584
1749262562,0.01649000,636.00000000,0.01584
1749262562,0.01650000,405981.00000000,0.01584
1749262562,0.01651000,17580.00000000,0.01584
1749262562,0.01652000,635.00000000,0.01584
1749262562,0.01653000,1913.00000000,0.01584
1749262562,0.01654000,399755.00000000,0.01584
1749262562,0.01655000,1454.00000000,0.01584
1749262562,0.01656000,2196.00000000,0.01584
1749262562,0.01657000,2963.00000000,0.01584
1749262562,0.01658000,1236.00000000,0.01584
1749262562,0.01659000,3367.00000000,0.01584
1749262562,0.01660000,16491.00000000,0.01584
1749262562,0.01661000,818.00000000,0.01584
1749262562,0.01662000,321303.00000000,0.01584
1749262562,0.01663000,6170.00000000,0.01584
1749262562,0.01664000,706.00000000,0.01584
1749262562,0.01665000,1401.00000000,0.01584
1749262562,0.01666000,22220.00000000,0.01584
1749262562,0.01667000,15613.00000000,0.01584
1749262562,0.01668000,341.00000000,0.01584
1749262562,0.01669000,1980.00000000,0.01584
1749262562,0.01670000,9259.00000000,0.01584
1749262562,0.01671000,343459.00000000,0.01584
1749262562,0.01672000,1104.00000000,0.01584
1749262562,0.01673000,10000.00000000,0.01584
1749262562,0.01674000,309.00000000,0.01584
1749262562,0.01675000,334.00000000,0.01584
1749262562,0.01676000,2875.00000000,0.01584
1749262562,0.01678000,1164.00000000,0.01584
1749262562,0.01680000,19525.00000000,0.01584
1749262562,0.01681000,363.00000000,0.01584
1749262562,0.01682000,5483.00000000,0.01584
1749262562,0.01684000,341.00000000,0.01584
1749262562,0.01685000,27971.00000000,0.01584
1749262562,0.01686000,19714.00000000,0.01584
1749262562,0.01687000,2376.00000000,0.01584
1749262871,0.01586000,28962.00000000,0.01586
1749262871,0.01587000,514218.00000000,0.01586
1749262871,0.01588000,556559.00000000,0.01586
1749262871,0.01589000,803620.00000000,0.01586
1749262871,0.01590000,1345640.00000000,0.01586
1749262871,0.01591000,2095075.00000000,0.01586
1749262871,0.01592000,393967.00000000,0.01586
1749262871,0.01593000,1907635.00000000,0.01586
1749262871,0.01594000,1110600.00000000,0.01586
1749262871,0.01595000,564757.00000000,0.01586
1749262871,0.01596000,150820.00000000,0.01586
1749262871,0.01597000,333397.00000000,0.01586
1749262871,0.01598000,858173.00000000,0.01586
1749262871,0.01599000,167342.00000000,0.01586
1749262871,0.01600000,139110.00000000,0.01586
1749262871,0.01601000,78252.00000000,0.01586
1749262871,0.01602000,155108.00000000,0.01586
1749262871,0.01603000,994905.00000000,0.01586
1749262871,0.01604000,39707.00000000,0.01586
1749262871,0.01605000,387139.00000000,0.01586
1749262871,0.01606000,1110.00000000,0.01586
1749262871,0.01607000,70415.00000000,0.01586
1749262871,0.01608000,1793.00000000,0.01586
1749262871,0.01609000,64772.00000000,0.01586
1749262871,0.01610000,60598.00000000,0.01586
1749262871,0.01611000,1969.00000000,0.01586
1749262871,0.01612000,1566.00000000,0.01586
1749262871,0.01613000,2082.00000000,0.01586
1749262871,0.01614000,98351.00000000,0.01586
1749262871,0.01615000,33485.00000000,0.01586
1749262871,0.01616000,636.00000000,0.01586
1749262871,0.01617000,1683.00000000,0.01586
1749262871,0.01618000,1012.00000000,0.01586
1749262871,0.01619000,22658.00000000,0.01586
1749262871,0.01620000,122122.00000000,0.01586
1749262871,0.01621000,7838.00000000,0.01586
1749262871,0.01622000,655237.00000000,0.01586
1749262871,0.01623000,3081330.00000000,0.01586
1749262871,0.01624000,2533.00000000,0.01586
1749262871,0.01625000,23785.00000000,0.01586
1749262871,0.01626000,44235.00000000,0.01586
1749262871,0.01627000,2610.00000000,0.01586
1749262871,0.01628000,74134.00000000,0.01586
1749262871,0.01629000,1840.00000000,0.01586
1749262871,0.01630000,61272.00000000,0.01586
1749262871,0.01631000,2658.00000000,0.01586
1749262871,0.01632000,1110.00000000,0.01586
1749262871,0.01633000,3144.00000000,0.01586
1749262871,0.01634000,105008.00000000,0.01586
1749262871,0.01635000,642.00000000,0.01586
1749262871,0.01636000,1574.00000000,0.01586
1749262871,0.01637000,95962.00000000,0.01586
1749262871,0.01638000,3357.00000000,0.01586
1749262871,0.01639000,7329.00000000,0.01586
1749262871,0.01640000,7427.00000000,0.01586
1749262871,0.01641000,1116.00000000,0.01586
1749262871,0.01642000,639.00000000,0.01586
1749262871,0.01643000,3693.00000000,0.01586
1749262871,0.01644000,3281.00000000,0.01586
1749262871,0.01645000,3866.00000000,0.01586
1749262871,0.01646000,8255.00000000,0.01586
1749262871,0.01647000,3955.00000000,0.01586
1749262871,0.01648000,11306.00000000,0.01586
1749262871,0.01649000,636.00000000,0.01586
1749262871,0.01650000,405981.00000000,0.01586
1749262871,0.01651000,17580.00000000,0.01586
1749262871,0.01652000,60657.00000000,0.01586
1749262871,0.01653000,1913.00000000,0.01586
1749262871,0.01654000,399755.00000000,0.01586
1749262871,0.01655000,1454.00000000,0.01586
1749262871,0.01656000,2196.00000000,0.01586
1749262871,0.01657000,2963.00000000,0.01586
1749262871,0.01658000,632.00000000,0.01586
1749262871,0.01659000,2764.00000000,0.01586
1749262871,0.01660000,16491.00000000,0.01586
1749262871,0.01661000,1449.00000000,0.01586
1749262871,0.01662000,261000.00000000,0.01586
1749262871,0.01663000,6170.00000000,0.01586
1749262871,0.01664000,706.00000000,0.01586
1749262871,0.01665000,2002.00000000,0.01586
1749262871,0.01666000,22820.00000000,0.01586
1749262871,0.01667000,75916.00000000,0.01586
1749262871,0.01668000,341.00000000,0.01586
1749262871,0.01669000,1980.00000000,0.01586
1749262871,0.01670000,9259.00000000,0.01586
1749262871,0.01671000,343459.00000000,0.01586
1749262871,0.01672000,1104.00000000,0.01586
1749262871,0.01673000,10000.00000000,0.01586
1749262871,0.01674000,309.00000000,0.01586
1749262871,0.01675000,334.00000000,0.01586
1749262871,0.01676000,2875.00000000,0.01586
1749262871,0.01678000,1164.00000000,0.01586
1749262871,0.01680000,19525.00000000,0.01586
1749262871,0.01681000,363.00000000,0.01586
1749262871,0.01682000,5483.00000000,0.01586
1749262871,0.01684000,341.00000000,0.01586
1749262871,0.01685000,27971.00000000,0.01586
1749262871,0.01686000,19714.00000000,0.01586
1749262871,0.01687000,2376.00000000,0.01586
1749262871,0.01688000,5607.00000000,0.01586
1749263172,0.01591000,48189.00000000,0.01591
1749263172,0.01592000,1122852.00000000,0.01591
1749263172,0.01593000,1201114.00000000,0.01591
1749263172,0.01594000,1197190.00000000,0.01591
1749263172,0.01595000,1758253.00000000,0.01591
1749263172,0.01596000,530784.00000000,0.01591
1749263172,0.01597000,3255028.00000000,0.01591
1749263172,0.01598000,683167.00000000,0.01591
1749263172,0.01599000,175548.00000000,0.01591
1749263172,0.01600000,596027.00000000,0.01591
1749263172,0.01601000,241024.00000000,0.01591
1749263172,0.01602000,242093.00000000,0.01591
1749263172,0.01603000,685307.00000000,0.01591
1749263172,0.01604000,39707.00000000,0.01591
1749263172,0.01605000,763861.00000000,0.01591
1749263172,0.01606000,40369.00000000,0.01591
1749263172,0.01607000,70415.00000000,0.01591
1749263172,0.01608000,1793.00000000,0.01591
1749263172,0.01609000,993565.00000000,0.01591
1749263172,0.01610000,326985.00000000,0.01591
1749263172,0.01611000,2441.00000000,0.01591
1749263172,0.01612000,23754.00000000,0.01591
1749263172,0.01613000,2082.00000000,0.01591
1749263172,0.01614000,102751.00000000,0.01591
1749263172,0.01615000,32647.00000000,0.01591
1749263172,0.01616000,636.00000000,0.01591
1749263172,0.01617000,1683.00000000,0.01591
1749263172,0.01618000,1012.00000000,0.01591
1749263172,0.01619000,7997.00000000,0.01591
1749263172,0.01620000,97419.00000000,0.01591
1749263172,0.01621000,1978.00000000,0.01591
1749263172,0.01622000,621335.00000000,0.01591
1749263172,0.01623000,3080491.00000000,0.01591
1749263172,0.01624000,17194.00000000,0.01591
1749263172,0.01625000,23785.00000000,0.01591
1749263172,0.01626000,74721.00000000,0.01591
1749263172,0.01627000,36512.00000000,0.01591
1749263172,0.01628000,42412.00000000,0.01591
1749263172,0.01629000,1840.00000000,0.01591
1749263172,0.01630000,27926.00000000,0.01591
1749263172,0.01631000,2658.00000000,0.01591
1749263172,0.01632000,1110.00000000,0.01591
1749263172,0.01633000,30033.00000000,0.01591
1749263172,0.01634000,642.00000000,0.01591
1749263172,0.01635000,642.00000000,0.01591
1749263172,0.01636000,67061.00000000,0.01591
1749263172,0.01637000,125313.00000000,0.01591
1749263172,0.01638000,3357.00000000,0.01591
1749263172,0.01639000,82344.00000000,0.01591
1749263172,0.01640000,7427.00000000,0.01591
1749263172,0.01641000,1116.00000000,0.01591
1749263172,0.01642000,639.00000000,0.01591
1749263172,0.01643000,3693.00000000,0.01591
1749263172,0.01644000,3281.00000000,0.01591
1749263172,0.01645000,3866.00000000,0.01591
1749263172,0.01646000,8255.00000000,0.01591
1749263172,0.01647000,3955.00000000,0.01591
1749263172,0.01648000,11306.00000000,0.01591
1749263172,0.01649000,636.00000000,0.01591
1749263172,0.01650000,405981.00000000,0.01591
1749263172,0.01651000,1819.00000000,0.01591
1749263172,0.01652000,60657.00000000,0.01591
1749263172,0.01653000,1913.00000000,0.01591
1749263172,0.01654000,389390.00000000,0.01591
1749263172,0.01655000,1454.00000000,0.01591
1749263172,0.01656000,17957.00000000,0.01591
1749263172,0.01657000,2963.00000000,0.01591
1749263172,0.01658000,632.00000000,0.01591
1749263172,0.01659000,1558.00000000,0.01591
1749263172,0.01660000,16491.00000000,0.01591
1749263172,0.01661000,1449.00000000,0.01591
1749263172,0.01662000,261631.00000000,0.01591
1749263172,0.01663000,6801.00000000,0.01591
1749263172,0.01664000,1337.00000000,0.01591
1749263172,0.01665000,3834.00000000,0.01591
1749263172,0.01666000,23449.00000000,0.01591
1749263172,0.01667000,75916.00000000,0.01591
1749263172,0.01668000,341.00000000,0.01591
1749263172,0.01669000,1980.00000000,0.01591
1749263172,0.01670000,9259.00000000,0.01591
1749263172,0.01671000,343459.00000000,0.01591
1749263172,0.01672000,1104.00000000,0.01591
1749263172,0.01673000,10000.00000000,0.01591
1749263172,0.01674000,309.00000000,0.01591
1749263172,0.01675000,334.00000000,0.01591
1749263172,0.01676000,2875.00000000,0.01591
1749263172,0.01678000,1164.00000000,0.01591
1749263172,0.01680000,19525.00000000,0.01591
1749263172,0.01681000,363.00000000,0.01591
1749263172,0.01682000,5483.00000000,0.01591
1749263172,0.01684000,341.00000000,0.01591
1749263172,0.01685000,27971.00000000,0.01591
1749263172,0.01686000,19714.00000000,0.01591
1749263172,0.01687000,2376.00000000,0.01591
1749263172,0.01688000,5607.00000000,0.01591
1749263172,0.01689000,14360.00000000,0.01591
1749263172,0.01690000,2015991.00000000,0.01591
1749263172,0.01691000,35134.00000000,0.01591
1749263172,0.01692000,1997.00000000,0.01591
1749263172,0.01693000,4822.00000000,0.01591
1749263479,0.01594000,484757.00000000,0.01594
1749263479,0.01595000,879482.00000000,0.01594
1749263479,0.01596000,887925.00000000,0.01594
1749263479,0.01597000,720953.00000000,0.01594
1749263479,0.01598000,1763438.00000000,0.01594
1749263479,0.01599000,394461.00000000,0.01594
1749263479,0.01600000,1743647.00000000,0.01594
1749263479,0.01601000,1675287.00000000,0.01594
1749263479,0.01602000,158852.00000000,0.01594
1749263479,0.01603000,569317.00000000,0.01594
1749263479,0.01604000,244606.00000000,0.01594
1749263479,0.01605000,1479928.00000000,0.01594
1749263479,0.01606000,306876.00000000,0.01594
1749263479,0.01607000,157826.00000000,0.01594
1749263479,0.01608000,117296.00000000,0.01594
1749263479,0.01609000,80420.00000000,0.01594
1749263479,0.01610000,67989.00000000,0.01594
1749263479,0.01611000,2441.00000000,0.01594
1749263479,0.01612000,2038.00000000,0.01594
1749263479,0.01613000,931346.00000000,0.01594
1749263479,0.01614000,460122.00000000,0.01594
1749263479,0.01615000,53953.00000000,0.01594
1749263479,0.01616000,1107.00000000,0.01594
1749263479,0.01617000,2154.00000000,0.01594
1749263479,0.01618000,1483.00000000,0.01594
1749263479,0.01619000,41946.00000000,0.01594
1749263479,0.01620000,97419.00000000,0.01594
1749263479,0.01621000,1978.00000000,0.01594
1749263479,0.01622000,621335.00000000,0.01594
1749263479,0.01623000,3050027.00000000,0.01594
1749263479,0.01624000,2533.00000000,0.01594
1749263479,0.01625000,2280.00000000,0.01594
1749263479,0.01626000,68938.00000000,0.01594
1749263479,0.01627000,33074.00000000,0.01594
1749263479,0.01628000,1459.00000000,0.01594
1749263479,0.01629000,1840.00000000,0.01594
1749263479,0.01630000,64092.00000000,0.01594
1749263479,0.01631000,8548.00000000,0.01594
1749263479,0.01632000,66315.00000000,0.01594
1749263479,0.01633000,3144.00000000,0.01594
1749263479,0.01634000,642.00000000,0.01594
1749263479,0.01635000,642.00000000,0.01594
1749263479,0.01636000,1574.00000000,0.01594
1749263479,0.01637000,95962.00000000,0.01594
1749263479,0.01638000,30246.00000000,0.01594
1749263479,0.01639000,7329.00000000,0.01594
1749263479,0.01640000,39568.00000000,0.01594
1749263479,0.01641000,63813.00000000,0.01594
1749263479,0.01642000,639.00000000,0.01594
1749263479,0.01643000,3693.00000000,0.01594
1749263479,0.01644000,78296.00000000,0.01594
1749263479,0.01645000,3866.00000000,0.01594
1749263479,0.01646000,8255.00000000,0.01594
1749263479,0.01647000,3955.00000000,0.01594
1749263479,0.01648000,11306.00000000,0.01594
1749263479,0.01649000,636.00000000,0.01594
1749263479,0.01650000,405981.00000000,0.01594
1749263479,0.01651000,1819.00000000,0.01594
1749263479,0.01652000,635.00000000,0.01594
1749263479,0.01653000,1913.00000000,0.01594
1749263479,0.01654000,357691.00000000,0.01594
1749263479,0.01655000,1454.00000000,0.01594
1749263479,0.01656000,2196.00000000,0.01594
1749263479,0.01657000,62985.00000000,0.01594
1749263479,0.01658000,632.00000000,0.01594
1749263479,0.01659000,1558.00000000,0.01594
1749263479,0.01660000,16491.00000000,0.01594
1749263479,0.01661000,17210.00000000,0.01594
1749263479,0.01662000,261631.00000000,0.01594
1749263479,0.01663000,6801.00000000,0.01594
1749263479,0.01664000,1337.00000000,0.01594
1749263479,0.01665000,3834.00000000,0.01594
1749263479,0.01666000,22849.00000000,0.01594
1749263479,0.01667000,931.00000000,0.01594
1749263479,0.01668000,970.00000000,0.01594
1749263479,0.01669000,2608.00000000,0.01594
1749263479,0.01670000,9259.00000000,0.01594
1749263479,0.01671000,343459.00000000,0.01594
1749263479,0.01672000,76718.00000000,0.01594
1749263479,0.01673000,10000.00000000,0.01594
1749263479,0.01674000,32008.00000000,0.01594
1749263479,0.01675000,334.00000000,0.01594
1749263479,0.01676000,2875.00000000,0.01594
1749263479,0.01677000,596.00000000,0.01594
1749263479,0.01678000,1164.00000000,0.01594
1749263479,0.01680000,19525.00000000,0.01594
1749263479,0.01681000,363.00000000,0.01594
1749263479,0.01682000,5483.00000000,0.01594
1749263479,0.01684000,341.00000000,0.01594
1749263479,0.01685000,27971.00000000,0.01594
1749263479,0.01686000,19714.00000000,0.01594
1749263479,0.01687000,2376.00000000,0.01594
1749263479,0.01688000,5607.00000000,0.01594
1749263479,0.01689000,24010.00000000,0.01594
1749263479,0.01690000,2015991.00000000,0.01594
1749263479,0.01691000,1087.00000000,0.01594
1749263479,0.01692000,1997.00000000,0.01594
1749263479,0.01693000,4822.00000000,0.01594
1749263479,0.01695000,1815.00000000,0.01594
1749263479,0.01696000,6080.00000000,0.01594
1749263785,0.01598000,411025.00000000,0.01597
1749263785,0.01599000,881765.00000000,0.01597
1749263785,0.01600000,761403.00000000,0.01597
1749263785,0.01601000,1174549.00000000,0.01597
1749263785,0.01602000,2275274.00000000,0.01597
1749263785,0.01603000,453673.00000000,0.01597
1749263785,0.01604000,291773.00000000,0.01597
1749263785,0.01605000,2455907.00000000,0.01597
1749263785,0.01606000,483762.00000000,0.01597
1749263785,0.01607000,340650.00000000,0.01597
1749263785,0.01608000,245041.00000000,0.01597
1749263785,0.01609000,80890.00000000,0.01597
1749263785,0.01610000,773673.00000000,0.01597
1749263785,0.01611000,2441.00000000,0.01597
1749263785,0.01612000,65189.00000000,0.01597
1749263785,0.01613000,13025.00000000,0.01597
1749263785,0.01614000,161973.00000000,0.01597
1749263785,0.01615000,961072.00000000,0.01597
1749263785,0.01616000,364122.00000000,0.01597
1749263785,0.01617000,2154.00000000,0.01597
1749263785,0.01618000,1483.00000000,0.01597
1749263785,0.01619000,30100.00000000,0.01597
1749263785,0.01620000,101802.00000000,0.01597
1749263785,0.01621000,1608.00000000,0.01597
1749263785,0.01622000,621335.00000000,0.01597
1749263785,0.01623000,3079653.00000000,0.01597
1749263785,0.01624000,2533.00000000,0.01597
1749263785,0.01625000,1788.00000000,0.01597
1749263785,0.01626000,68938.00000000,0.01597
1749263785,0.01627000,33074.00000000,0.01597
1749263785,0.01628000,1459.00000000,0.01597
1749263785,0.01629000,1840.00000000,0.01597
1749263785,0.01630000,64092.00000000,0.01597
1749263785,0.01631000,2658.00000000,0.01597
1749263785,0.01632000,40835.00000000,0.01597
1749263785,0.01633000,3144.00000000,0.01597
1749263785,0.01634000,642.00000000,0.01597
1749263785,0.01635000,642.00000000,0.01597
1749263785,0.01636000,32877.00000000,0.01597
1749263785,0.01637000,95473.00000000,0.01597
1749263785,0.01638000,30246.00000000,0.01597
1749263785,0.01639000,7329.00000000,0.01597
1749263785,0.01640000,39568.00000000,0.01597
1749263785,0.01641000,63813.00000000,0.01597
1749263785,0.01642000,639.00000000,0.01597
1749263785,0.01643000,3693.00000000,0.01597
1749263785,0.01644000,78296.00000000,0.01597
1749263785,0.01645000,3866.00000000,0.01597
1749263785,0.01646000,8255.00000000,0.01597
1749263785,0.01647000,3955.00000000,0.01597
1749263785,0.01648000,11306.00000000,0.01597
1749263785,0.01649000,636.00000000,0.01597
1749263785,0.01650000,405981.00000000,0.01597
1749263785,0.01651000,1819.00000000,0.01597
1749263785,0.01652000,635.00000000,0.01597
1749263785,0.01653000,1308.00000000,0.01597
1749263785,0.01654000,357691.00000000,0.01597
1749263785,0.01655000,1454.00000000,0.01597
1749263785,0.01656000,9556.00000000,0.01597
1749263785,0.01657000,62381.00000000,0.01597
1749263785,0.01658000,632.00000000,0.01597
1749263785,0.01659000,1558.00000000,0.01597
1749263785,0.01660000,9832.00000000,0.01597
1749263785,0.01661000,17210.00000000,0.01597
1749263785,0.01662000,261631.00000000,0.01597
1749263785,0.01663000,6801.00000000,0.01597
1749263785,0.01664000,1337.00000000,0.01597
1749263785,0.01665000,2031.00000000,0.01597
1749263785,0.01666000,21649.00000000,0.01597
1749263785,0.01667000,931.00000000,0.01597
1749263785,0.01668000,970.00000000,0.01597
1749263785,0.01669000,2608.00000000,0.01597
1749263785,0.01670000,9887.00000000,0.01597
1749263785,0.01671000,344086.00000000,0.01597
1749263785,0.01672000,77345.00000000,0.01597
1749263785,0.01673000,10627.00000000,0.01597
1749263785,0.01674000,32008.00000000,0.01597
1749263785,0.01675000,334.00000000,0.01597
1749263785,0.01676000,2875.00000000,0.01597
1749263785,0.01678000,1164.00000000,0.01597
1749263785,0.01680000,20120.00000000,0.01597
1749263785,0.01681000,3338.00000000,0.01597
1749263785,0.01682000,5483.00000000,0.01597
1749263785,0.01684000,341.00000000,0.01597
1749263785,0.01685000,27971.00000000,0.01597
1749263785,0.01686000,19714.00000000,0.01597
1749263785,0.01687000,2376.00000000,0.01597
1749263785,0.01688000,5607.00000000,0.01597
1749263785,0.01689000,24010.00000000,0.01597
1749263785,0.01690000,2015991.00000000,0.01597
1749263785,0.01691000,1087.00000000,0.01597
1749263785,0.01692000,1997.00000000,0.01597
1749263785,0.01693000,4822.00000000,0.01597
1749263785,0.01695000,1815.00000000,0.01597
1749263785,0.01696000,6080.00000000,0.01597
1749263785,0.01697000,3390.00000000,0.01597
1749263785,0.01698000,1372.00000000,0.01597
1749263785,0.01699000,1635.00000000,0.01597
1749263785,0.01700000,479148.00000000,0.01597
1749263785,0.01701000,3324.00000000,0.01597
1749264087,0.01597000,92515.00000000,0.01597
1749264087,0.01598000,710556.00000000,0.01597
1749264087,0.01599000,1643589.00000000,0.01597
1749264087,0.01600000,1815395.00000000,0.01597
1749264087,0.01601000,2225252.00000000,0.01597
1749264087,0.01602000,1748809.00000000,0.01597
1749264087,0.01603000,461968.00000000,0.01597
1749264087,0.01604000,2075491.00000000,0.01597
1749264087,0.01605000,860733.00000000,0.01597
1749264087,0.01606000,191706.00000000,0.01597
1749264087,0.01607000,552798.00000000,0.01597
1749264087,0.01608000,437810.00000000,0.01597
1749264087,0.01609000,731800.00000000,0.01597
1749264087,0.01610000,174696.00000000,0.01597
1749264087,0.01611000,2910.00000000,0.01597
1749264087,0.01612000,103549.00000000,0.01597
1749264087,0.01613000,114067.00000000,0.01597
1749264087,0.01614000,227813.00000000,0.01597
1749264087,0.01615000,66643.00000000,0.01597
1749264087,0.01616000,16755.00000000,0.01597
1749264087,0.01617000,932633.00000000,0.01597
1749264087,0.01618000,322695.00000000,0.01597
1749264087,0.01619000,8467.00000000,0.01597
1749264087,0.01620000,119490.00000000,0.01597
1749264087,0.01621000,30864.00000000,0.01597
1749264087,0.01622000,621804.00000000,0.01597
1749264087,0.01623000,3054402.00000000,0.01597
1749264087,0.01624000,2533.00000000,0.01597
1749264087,0.01625000,1788.00000000,0.01597
1749264087,0.01626000,44235.00000000,0.01597
1749264087,0.01627000,32236.00000000,0.01597
1749264087,0.01628000,1459.00000000,0.01597
1749264087,0.01629000,1840.00000000,0.01597
1749264087,0.01630000,64092.00000000,0.01597
1749264087,0.01631000,27361.00000000,0.01597
1749264087,0.01632000,31574.00000000,0.01597
1749264087,0.01633000,3144.00000000,0.01597
1749264087,0.01634000,642.00000000,0.01597
1749264087,0.01635000,642.00000000,0.01597
1749264087,0.01636000,7386.00000000,0.01597
1749264087,0.01637000,129375.00000000,0.01597
1749264087,0.01638000,30246.00000000,0.01597
1749264087,0.01639000,7329.00000000,0.01597
1749264087,0.01640000,7427.00000000,0.01597
1749264087,0.01641000,65765.00000000,0.01597
1749264087,0.01642000,639.00000000,0.01597
1749264087,0.01643000,3693.00000000,0.01597
1749264087,0.01644000,63788.00000000,0.01597
1749264087,0.01645000,3866.00000000,0.01597
1749264087,0.01646000,8255.00000000,0.01597
1749264087,0.01647000,3955.00000000,0.01597
1749264087,0.01648000,43447.00000000,0.01597
1749264087,0.01649000,44495.00000000,0.01597
1749264087,0.01650000,405981.00000000,0.01597
1749264087,0.01651000,1819.00000000,0.01597
1749264087,0.01652000,635.00000000,0.01597
1749264087,0.01653000,1308.00000000,0.01597
1749264087,0.01654000,357691.00000000,0.01597
1749264087,0.01655000,1454.00000000,0.01597
1749264087,0.01656000,9556.00000000,0.01597
1749264087,0.01657000,2359.00000000,0.01597
1749264087,0.01658000,632.00000000,0.01597
1749264087,0.01659000,1558.00000000,0.01597
1749264087,0.01660000,9832.00000000,0.01597
1749264087,0.01661000,17210.00000000,0.01597
1749264087,0.01662000,321653.00000000,0.01597
1749264087,0.01663000,6801.00000000,0.01597
1749264087,0.01664000,1337.00000000,0.01597
1749264087,0.01665000,2031.00000000,0.01597
1749264087,0.01666000,21649.00000000,0.01597
1749264087,0.01667000,931.00000000,0.01597
1749264087,0.01668000,970.00000000,0.01597
1749264087,0.01669000,2608.00000000,0.01597
1749264087,0.01670000,9887.00000000,0.01597
1749264087,0.01671000,344086.00000000,0.01597
1749264087,0.01672000,1731.00000000,0.01597
1749264087,0.01673000,10000.00000000,0.01597
1749264087,0.01674000,32008.00000000,0.01597
1749264087,0.01675000,334.00000000,0.01597
1749264087,0.01676000,2875.00000000,0.01597
1749264087,0.01677000,75614.00000000,0.01597
1749264087,0.01678000,1164.00000000,0.01597
1749264087,0.01680000,20120.00000000,0.01597
1749264087,0.01681000,3338.00000000,0.01597
1749264087,0.01682000,5483.00000000,0.01597
1749264087,0.01684000,341.00000000,0.01597
1749264087,0.01685000,27971.00000000,0.01597
1749264087,0.01686000,19714.00000000,0.01597
1749264087,0.01687000,2376.00000000,0.01597
1749264087,0.01688000,5607.00000000,0.01597
1749264087,0.01689000,24010.00000000,0.01597
1749264087,0.01690000,2015991.00000000,0.01597
1749264087,0.01691000,1087.00000000,0.01597
1749264087,0.01692000,1997.00000000,0.01597
1749264087,0.01693000,4822.00000000,0.01597
1749264087,0.01695000,1815.00000000,0.01597
1749264087,0.01696000,6080.00000000,0.01597
1749264087,0.01697000,3390.00000000,0.01597
1749264087,0.01698000,1372.00000000,0.01597
1749264087,0.01699000,1635.00000000,0.01597
1749264388,0.01599000,386000.00000000,0.01598
1749264388,0.01600000,949037.00000000,0.01598
1749264388,0.01601000,773809.00000000,0.01598
1749264388,0.01602000,968679.00000000,0.01598
1749264388,0.01603000,969364.00000000,0.01598
1749264388,0.01604000,3352264.00000000,0.01598
1749264388,0.01605000,1139981.00000000,0.01598
1749264388,0.01606000,373856.00000000,0.01598
1749264388,0.01607000,553086.00000000,0.01598
1749264388,0.01608000,247952.00000000,0.01598
1749264388,0.01609000,731800.00000000,0.01598
1749264388,0.01610000,174696.00000000,0.01598
1749264388,0.01611000,2910.00000000,0.01598
1749264388,0.01612000,103549.00000000,0.01598
1749264388,0.01613000,114067.00000000,0.01598
1749264388,0.01614000,189922.00000000,0.01598
1749264388,0.01615000,1357791.00000000,0.01598
1749264388,0.01616000,16755.00000000,0.01598
1749264388,0.01617000,32627.00000000,0.01598
1749264388,0.01618000,1483.00000000,0.01598
1749264388,0.01619000,34434.00000000,0.01598
1749264388,0.01620000,97888.00000000,0.01598
1749264388,0.01621000,2077.00000000,0.01598
1749264388,0.01622000,621804.00000000,0.01598
1749264388,0.01623000,3050027.00000000,0.01598
1749264388,0.01624000,2533.00000000,0.01598
1749264388,0.01625000,1788.00000000,0.01598
1749264388,0.01626000,44235.00000000,0.01598
1749264388,0.01627000,32236.00000000,0.01598
1749264388,0.01628000,1459.00000000,0.01598
1749264388,0.01629000,1840.00000000,0.01598
1749264388,0.01630000,64092.00000000,0.01598
1749264388,0.01631000,27361.00000000,0.01598
1749264388,0.01632000,71362.00000000,0.01598
1749264388,0.01633000,3144.00000000,0.01598
1749264388,0.01634000,642.00000000,0.01598
1749264388,0.01635000,642.00000000,0.01598
1749264388,0.01636000,1574.00000000,0.01598
1749264388,0.01637000,126776.00000000,0.01598
1749264388,0.01638000,30246.00000000,0.01598
1749264388,0.01639000,7329.00000000,0.01598
1749264388,0.01640000,7427.00000000,0.01598
1749264388,0.01641000,34462.00000000,0.01598
1749264388,0.01642000,639.00000000,0.01598
1749264388,0.01643000,3693.00000000,0.01598
1749264388,0.01644000,110437.00000000,0.01598
1749264388,0.01645000,3866.00000000,0.01598
1749264388,0.01646000,8255.00000000,0.01598
1749264388,0.01647000,3955.00000000,0.01598
1749264388,0.01648000,11306.00000000,0.01598
1749264388,0.01649000,29987.00000000,0.01598
1749264388,0.01650000,405981.00000000,0.01598
1749264388,0.01651000,1819.00000000,0.01598
1749264388,0.01652000,635.00000000,0.01598
1749264388,0.01653000,1308.00000000,0.01598
1749264388,0.01654000,357691.00000000,0.01598
1749264388,0.01655000,1454.00000000,0.01598
1749264388,0.01656000,9556.00000000,0.01598
1749264388,0.01657000,62381.00000000,0.01598
1749264388,0.01658000,632.00000000,0.01598
1749264388,0.01659000,1558.00000000,0.01598
1749264388,0.01660000,9832.00000000,0.01598
1749264388,0.01661000,17210.00000000,0.01598
1749264388,0.01662000,261631.00000000,0.01598
1749264388,0.01663000,6801.00000000,0.01598
1749264388,0.01664000,1337.00000000,0.01598
1749264388,0.01665000,2031.00000000,0.01598
1749264388,0.01666000,21649.00000000,0.01598
1749264388,0.01667000,931.00000000,0.01598
1749264388,0.01668000,970.00000000,0.01598
1749264388,0.01669000,2608.00000000,0.01598
1749264388,0.01670000,9887.00000000,0.01598
1749264388,0.01671000,344086.00000000,0.01598
1749264388,0.01672000,77345.00000000,0.01598
1749264388,0.01673000,10627.00000000,0.01598
1749264388,0.01674000,32634.00000000,0.01598
1749264388,0.01675000,334.00000000,0.01598
1749264388,0.01676000,2875.00000000,0.01598
1749264388,0.01678000,1164.00000000,0.01598
1749264388,0.01680000,20120.00000000,0.01598
1749264388,0.01681000,3338.00000000,0.01598
1749264388,0.01682000,5483.00000000,0.01598
1749264388,0.01684000,341.00000000,0.01598
1749264388,0.01685000,27971.00000000,0.01598
1749264388,0.01686000,19714.00000000,0.01598
1749264388,0.01687000,2376.00000000,0.01598
1749264388,0.01688000,5607.00000000,0.01598
1749264388,0.01689000,24010.00000000,0.01598
1749264388,0.01690000,2015991.00000000,0.01598
1749264388,0.01691000,1087.00000000,0.01598
1749264388,0.01692000,1997.00000000,0.01598
1749264388,0.01693000,4822.00000000,0.01598
1749264388,0.01695000,1815.00000000,0.01598
1749264388,0.01696000,6080.00000000,0.01598
1749264388,0.01697000,3390.00000000,0.01598
1749264388,0.01698000,1372.00000000,0.01598
1749264388,0.01699000,1635.00000000,0.01598
1749264388,0.01700000,473385.00000000,0.01598
1749264388,0.01701000,3324.00000000,0.01598
1749264388,0.01702000,312366.00000000,0.01598
1749264690,0.01597000,459379.00000000,0.01597
1749264690,0.01598000,1309823.00000000,0.01597
1749264690,0.01599000,1217354.00000000,0.01597
1749264690,0.01600000,1242433.00000000,0.01597
1749264690,0.01601000,1300979.00000000,0.01597
1749264690,0.01602000,1879825.00000000,0.01597
1749264690,0.01603000,607677.00000000,0.01597
1749264690,0.01604000,1791981.00000000,0.01597
1749264690,0.01605000,860733.00000000,0.01597
1749264690,0.01606000,483981.00000000,0.01597
1749264690,0.01607000,346392.00000000,0.01597
1749264690,0.01608000,245707.00000000,0.01597
1749264690,0.01609000,731800.00000000,0.01597
1749264690,0.01610000,174696.00000000,0.01597
1749264690,0.01611000,2910.00000000,0.01597
1749264690,0.01612000,103549.00000000,0.01597
1749264690,0.01613000,114067.00000000,0.01597
1749264690,0.01614000,1118715.00000000,0.01597
1749264690,0.01615000,444446.00000000,0.01597
1749264690,0.01616000,16755.00000000,0.01597
1749264690,0.01617000,3840.00000000,0.01597
1749264690,0.01618000,23127.00000000,0.01597
1749264690,0.01619000,12788.00000000,0.01597
1749264690,0.01620000,97888.00000000,0.01597
1749264690,0.01621000,30864.00000000,0.01597
1749264690,0.01622000,625804.00000000,0.01597
1749264690,0.01623000,3050027.00000000,0.01597
1749264690,0.01624000,1979.00000000,0.01597
1749264690,0.01625000,1788.00000000,0.01597
1749264690,0.01626000,44235.00000000,0.01597
1749264690,0.01627000,32236.00000000,0.01597
1749264690,0.01628000,1459.00000000,0.01597
1749264690,0.01629000,1840.00000000,0.01597
1749264690,0.01630000,64092.00000000,0.01597
1749264690,0.01631000,27361.00000000,0.01597
1749264690,0.01632000,71362.00000000,0.01597
1749264690,0.01633000,3144.00000000,0.01597
1749264690,0.01634000,642.00000000,0.01597
1749264690,0.01635000,642.00000000,0.01597
1749264690,0.01636000,1574.00000000,0.01597
1749264690,0.01637000,95473.00000000,0.01597
1749264690,0.01638000,30246.00000000,0.01597
1749264690,0.01639000,7329.00000000,0.01597
1749264690,0.01640000,7427.00000000,0.01597
1749264690,0.01641000,65765.00000000,0.01597
1749264690,0.01642000,639.00000000,0.01597
1749264690,0.01643000,3693.00000000,0.01597
1749264690,0.01644000,110437.00000000,0.01597
1749264690,0.01645000,3866.00000000,0.01597
1749264690,0.01646000,8255.00000000,0.01597
1749264690,0.01647000,3955.00000000,0.01597
1749264690,0.01648000,11306.00000000,0.01597
1749264690,0.01649000,29987.00000000,0.01597
1749264690,0.01650000,431201.00000000,0.01597
1749264690,0.01651000,1819.00000000,0.01597
1749264690,0.01652000,635.00000000,0.01597
1749264690,0.01653000,1308.00000000,0.01597
1749264690,0.01654000,357691.00000000,0.01597
1749264690,0.01655000,1454.00000000,0.01597
1749264690,0.01656000,8831.00000000,0.01597
1749264690,0.01657000,2359.00000000,0.01597
1749264690,0.01658000,632.00000000,0.01597
1749264690,0.01659000,1558.00000000,0.01597
1749264690,0.01660000,9832.00000000,0.01597
1749264690,0.01661000,17210.00000000,0.01597
1749264690,0.01662000,321653.00000000,0.01597
1749264690,0.01663000,6801.00000000,0.01597
1749264690,0.01664000,1337.00000000,0.01597
1749264690,0.01665000,2031.00000000,0.01597
1749264690,0.01666000,21649.00000000,0.01597
1749264690,0.01667000,931.00000000,0.01597
1749264690,0.01668000,970.00000000,0.01597
1749264690,0.01669000,2608.00000000,0.01597
1749264690,0.01670000,9887.00000000,0.01597
1749264690,0.01671000,344086.00000000,0.01597
1749264690,0.01672000,77345.00000000,0.01597
1749264690,0.01673000,10000.00000000,0.01597
1749264690,0.01674000,32008.00000000,0.01597
1749264690,0.01675000,334.00000000,0.01597
1749264690,0.01676000,2875.00000000,0.01597
1749264690,0.01678000,1164.00000000,0.01597
1749264690,0.01680000,20715.00000000,0.01597
1749264690,0.01681000,2743.00000000,0.01597
1749264690,0.01682000,5483.00000000,0.01597
1749264690,0.01684000,341.00000000,0.01597
1749264690,0.01685000,27971.00000000,0.01597
1749264690,0.01686000,19714.00000000,0.01597
1749264690,0.01687000,2376.00000000,0.01597
1749264690,0.01688000,5607.00000000,0.01597
1749264690,0.01689000,24010.00000000,0.01597
1749264690,0.01690000,2015991.00000000,0.01597
1749264690,0.01691000,1087.00000000,0.01597
1749264690,0.01692000,1997.00000000,0.01597
1749264690,0.01693000,4822.00000000,0.01597
1749264690,0.01695000,1815.00000000,0.01597
1749264690,0.01696000,6080.00000000,0.01597
1749264690,0.01697000,3390.00000000,0.01597
1749264690,0.01698000,1372.00000000,0.01597
1749264690,0.01699000,1635.00000000,0.01597
1749264690,0.01700000,473385.00000000,0.01597
1749264991,0.01601000,326030.00000000,0.016
1749264991,0.01602000,1032485.00000000,0.016
1749264991,0.01603000,891108.00000000,0.016
1749264991,0.01604000,878056.00000000,0.016
1749264991,0.01605000,2350481.00000000,0.016
1749264991,0.01606000,1588756.00000000,0.016
1749264991,0.01607000,353768.00000000,0.016
1749264991,0.01608000,1937165.00000000,0.016
1749264991,0.01609000,150838.00000000,0.016
1749264991,0.01610000,567450.00000000,0.016
1749264991,0.01611000,240889.00000000,0.016
1749264991,0.01612000,181592.00000000,0.016
1749264991,0.01613000,114536.00000000,0.016
1749264991,0.01614000,781168.00000000,0.016
1749264991,0.01615000,118524.00000000,0.016
1749264991,0.01616000,16755.00000000,0.016
1749264991,0.01617000,41731.00000000,0.016
1749264991,0.01618000,29432.00000000,0.016
1749264991,0.01619000,1315791.00000000,0.016
1749264991,0.01620000,97888.00000000,0.016
1749264991,0.01621000,2077.00000000,0.016
1749264991,0.01622000,5457.00000000,0.016
1749264991,0.01623000,3072073.00000000,0.016
1749264991,0.01624000,6289.00000000,0.016
1749264991,0.01625000,30575.00000000,0.016
1749264991,0.01626000,44235.00000000,0.016
1749264991,0.01627000,2610.00000000,0.016
1749264991,0.01628000,1459.00000000,0.016
1749264991,0.01629000,1840.00000000,0.016
1749264991,0.01630000,42587.00000000,0.016
1749264991,0.01631000,56987.00000000,0.016
1749264991,0.01632000,1110.00000000,0.016
1749264991,0.01633000,3144.00000000,0.016
1749264991,0.01634000,642.00000000,0.016
1749264991,0.01635000,22147.00000000,0.016
1749264991,0.01636000,37909.00000000,0.016
1749264991,0.01637000,129375.00000000,0.016
1749264991,0.01638000,3357.00000000,0.016
1749264991,0.01639000,7329.00000000,0.016
1749264991,0.01640000,7427.00000000,0.016
1749264991,0.01641000,1116.00000000,0.016
1749264991,0.01642000,639.00000000,0.016
1749264991,0.01643000,30582.00000000,0.016
1749264991,0.01644000,63788.00000000,0.016
1749264991,0.01645000,35169.00000000,0.016
1749264991,0.01646000,41601.00000000,0.016
1749264991,0.01647000,3955.00000000,0.016
1749264991,0.01648000,11306.00000000,0.016
1749264991,0.01649000,635491.00000000,0.016
1749264991,0.01650000,431201.00000000,0.016
1749264991,0.01651000,1819.00000000,0.016
1749264991,0.01652000,32776.00000000,0.016
1749264991,0.01653000,30659.00000000,0.016
1749264991,0.01654000,357691.00000000,0.016
1749264991,0.01655000,1454.00000000,0.016
1749264991,0.01656000,8831.00000000,0.016
1749264991,0.01657000,2359.00000000,0.016
1749264991,0.01658000,632.00000000,0.016
1749264991,0.01659000,1558.00000000,0.016
1749264991,0.01660000,9832.00000000,0.016
1749264991,0.01661000,1449.00000000,0.016
1749264991,0.01662000,321653.00000000,0.016
1749264991,0.01663000,6801.00000000,0.016
1749264991,0.01664000,1337.00000000,0.016
1749264991,0.01665000,2031.00000000,0.016
1749264991,0.01666000,37410.00000000,0.016
1749264991,0.01667000,931.00000000,0.016
1749264991,0.01668000,970.00000000,0.016
1749264991,0.01669000,2608.00000000,0.016
1749264991,0.01670000,9887.00000000,0.016
1749264991,0.01671000,344086.00000000,0.016
1749264991,0.01672000,1731.00000000,0.016
1749264991,0.01673000,10627.00000000,0.016
1749264991,0.01674000,32634.00000000,0.016
1749264991,0.01675000,960.00000000,0.016
1749264991,0.01676000,3500.00000000,0.016
1749264991,0.01677000,75614.00000000,0.016
1749264991,0.01678000,1164.00000000,0.016
1749264991,0.01680000,20715.00000000,0.016
1749264991,0.01681000,2743.00000000,0.016
1749264991,0.01682000,5483.00000000,0.016
1749264991,0.01684000,341.00000000,0.016
1749264991,0.01685000,27971.00000000,0.016
1749264991,0.01686000,19714.00000000,0.016
1749264991,0.01687000,2376.00000000,0.016
1749264991,0.01688000,5607.00000000,0.016
1749264991,0.01689000,24010.00000000,0.016
1749264991,0.01690000,2015991.00000000,0.016
1749264991,0.01691000,1087.00000000,0.016
1749264991,0.01692000,1997.00000000,0.016
1749264991,0.01693000,4822.00000000,0.016
1749264991,0.01695000,1815.00000000,0.016
1749264991,0.01696000,6080.00000000,0.016
1749264991,0.01697000,3390.00000000,0.016
1749264991,0.01698000,1372.00000000,0.016
1749264991,0.01699000,1635.00000000,0.016
1749264991,0.01700000,478941.00000000,0.016
1749264991,0.01701000,3324.00000000,0.016
1749264991,0.01702000,312366.00000000,0.016
1749264991,0.01703000,32454.00000000,0.016
1749265298,0.01599000,439500.00000000,0.01599
1749265298,0.01600000,1068923.00000000,0.01599
1749265298,0.01601000,698724.00000000,0.01599
1749265298,0.01602000,955914.00000000,0.01599
1749265298,0.01603000,1397332.00000000,0.01599
1749265298,0.01604000,1880444.00000000,0.01599
1749265298,0.01605000,1278685.00000000,0.01599
1749265298,0.01606000,1858270.00000000,0.01599
1749265298,0.01607000,181796.00000000,0.01599
1749265298,0.01608000,565583.00000000,0.01599
1749265298,0.01609000,338018.00000000,0.01599
1749265298,0.01610000,249874.00000000,0.01599
1749265298,0.01611000,50273.00000000,0.01599
1749265298,0.01612000,150912.00000000,0.01599
1749265298,0.01613000,761680.00000000,0.01599
1749265298,0.01614000,161973.00000000,0.01599
1749265298,0.01615000,120386.00000000,0.01599
1749265298,0.01616000,16755.00000000,0.01599
1749265298,0.01617000,41731.00000000,0.01599
1749265298,0.01618000,1483.00000000,0.01599
1749265298,0.01619000,937260.00000000,0.01599
1749265298,0.01620000,472554.00000000,0.01599
1749265298,0.01621000,52468.00000000,0.01599
1749265298,0.01622000,5457.00000000,0.01599
1749265298,0.01623000,3054811.00000000,0.01599
1749265298,0.01624000,1979.00000000,0.01599
1749265298,0.01625000,1788.00000000,0.01599
1749265298,0.01626000,73861.00000000,0.01599
1749265298,0.01627000,2610.00000000,0.01599
1749265298,0.01628000,1459.00000000,0.01599
1749265298,0.01629000,1840.00000000,0.01599
1749265298,0.01630000,42587.00000000,0.01599
1749265298,0.01631000,57825.00000000,0.01599
1749265298,0.01632000,1110.00000000,0.01599
1749265298,0.01633000,3144.00000000,0.01599
1749265298,0.01634000,642.00000000,0.01599
1749265298,0.01635000,22147.00000000,0.01599
1749265298,0.01636000,7453.00000000,0.01599
1749265298,0.01637000,129375.00000000,0.01599
1749265298,0.01638000,1495.00000000,0.01599
1749265298,0.01639000,7329.00000000,0.01599
1749265298,0.01640000,7427.00000000,0.01599
1749265298,0.01641000,32419.00000000,0.01599
1749265298,0.01642000,639.00000000,0.01599
1749265298,0.01643000,30582.00000000,0.01599
1749265298,0.01644000,63788.00000000,0.01599
1749265298,0.01645000,3866.00000000,0.01599
1749265298,0.01646000,41601.00000000,0.01599
1749265298,0.01647000,3955.00000000,0.01599
1749265298,0.01648000,43447.00000000,0.01599
1749265298,0.01649000,635491.00000000,0.01599
1749265298,0.01650000,431201.00000000,0.01599
1749265298,0.01651000,1819.00000000,0.01599
1749265298,0.01652000,635.00000000,0.01599
1749265298,0.01653000,30659.00000000,0.01599
1749265298,0.01654000,357691.00000000,0.01599
1749265298,0.01655000,1454.00000000,0.01599
1749265298,0.01656000,8831.00000000,0.01599
1749265298,0.01657000,2359.00000000,0.01599
1749265298,0.01658000,632.00000000,0.01599
1749265298,0.01659000,1558.00000000,0.01599
1749265298,0.01660000,9832.00000000,0.01599
1749265298,0.01661000,1449.00000000,0.01599
1749265298,0.01662000,321653.00000000,0.01599
1749265298,0.01663000,6801.00000000,0.01599
1749265298,0.01664000,1337.00000000,0.01599
1749265298,0.01665000,2031.00000000,0.01599
1749265298,0.01666000,37410.00000000,0.01599
1749265298,0.01667000,931.00000000,0.01599
1749265298,0.01668000,970.00000000,0.01599
1749265298,0.01669000,2608.00000000,0.01599
1749265298,0.01670000,9887.00000000,0.01599
1749265298,0.01671000,344086.00000000,0.01599
1749265298,0.01672000,1731.00000000,0.01599
1749265298,0.01673000,10627.00000000,0.01599
1749265298,0.01674000,32634.00000000,0.01599
1749265298,0.01675000,334.00000000,0.01599
1749265298,0.01676000,2875.00000000,0.01599
1749265298,0.01677000,75614.00000000,0.01599
1749265298,0.01678000,1164.00000000,0.01599
1749265298,0.01680000,20715.00000000,0.01599
1749265298,0.01681000,2743.00000000,0.01599
1749265298,0.01682000,5483.00000000,0.01599
1749265298,0.01684000,341.00000000,0.01599
1749265298,0.01685000,27971.00000000,0.01599
1749265298,0.01686000,19714.00000000,0.01599
1749265298,0.01687000,2376.00000000,0.01599
1749265298,0.01688000,5607.00000000,0.01599
1749265298,0.01689000,24010.00000000,0.01599
1749265298,0.01690000,2015991.00000000,0.01599
1749265298,0.01691000,1087.00000000,0.01599
1749265298,0.01692000,1997.00000000,0.01599
1749265298,0.01693000,4822.00000000,0.01599
1749265298,0.01695000,1815.00000000,0.01599
1749265298,0.01696000,6080.00000000,0.01599
1749265298,0.01697000,3390.00000000,0.01599
1749265298,0.01698000,1372.00000000,0.01599
1749265298,0.01699000,1635.00000000,0.01599
1749265298,0.01700000,478941.00000000,0.01599
1749265298,0.01701000,3324.00000000,0.01599
1749265600,0.01605000,237657.00000000,0.01605
1749265600,0.01606000,1338534.00000000,0.01605
1749265600,0.01607000,2310209.00000000,0.01605
1749265600,0.01608000,1654530.00000000,0.01605
1749265600,0.01609000,1180794.00000000,0.01605
1749265600,0.01610000,930451.00000000,0.01605
1749265600,0.01611000,1570148.00000000,0.01605
1749265600,0.01612000,1957875.00000000,0.01605
1749265600,0.01613000,180574.00000000,0.01605
1749265600,0.01614000,210145.00000000,0.01605
1749265600,0.01615000,549487.00000000,0.01605
1749265600,0.01616000,260696.00000000,0.01605
1749265600,0.01617000,104882.00000000,0.01605
1749265600,0.01618000,1483.00000000,0.01605
1749265600,0.01619000,728704.00000000,0.01605
1749265600,0.01620000,117416.00000000,0.01605
1749265600,0.01621000,39968.00000000,0.01605
1749265600,0.01622000,33406.00000000,0.01605
1749265600,0.01623000,3979289.00000000,0.01605
1749265600,0.01624000,2447.00000000,0.01605
1749265600,0.01625000,361141.00000000,0.01605
1749265600,0.01626000,66248.00000000,0.01605
1749265600,0.01627000,6977.00000000,0.01605
1749265600,0.01628000,1459.00000000,0.01605
1749265600,0.01629000,1840.00000000,0.01605
1749265600,0.01630000,27926.00000000,0.01605
1749265600,0.01631000,2658.00000000,0.01605
1749265600,0.01632000,1110.00000000,0.01605
1749265600,0.01633000,3144.00000000,0.01605
1749265600,0.01634000,642.00000000,0.01605
1749265600,0.01635000,44929.00000000,0.01605
1749265600,0.01636000,26277.00000000,0.01605
1749265600,0.01637000,129375.00000000,0.01605
1749265600,0.01638000,7359.00000000,0.01605
1749265600,0.01639000,37793.00000000,0.01605
1749265600,0.01640000,28932.00000000,0.01605
1749265600,0.01641000,1116.00000000,0.01605
1749265600,0.01642000,639.00000000,0.01605
1749265600,0.01643000,30582.00000000,0.01605
1749265600,0.01644000,3281.00000000,0.01605
1749265600,0.01645000,35169.00000000,0.01605
1749265600,0.01646000,41601.00000000,0.01605
1749265600,0.01647000,3955.00000000,0.01605
1749265600,0.01648000,11306.00000000,0.01605
1749265600,0.01649000,695998.00000000,0.01605
1749265600,0.01650000,431201.00000000,0.01605
1749265600,0.01651000,1819.00000000,0.01605
1749265600,0.01652000,32776.00000000,0.01605
1749265600,0.01653000,30659.00000000,0.01605
1749265600,0.01654000,357691.00000000,0.01605
1749265600,0.01655000,1454.00000000,0.01605
1749265600,0.01656000,8831.00000000,0.01605
1749265600,0.01657000,2359.00000000,0.01605
1749265600,0.01658000,632.00000000,0.01605
1749265600,0.01659000,1558.00000000,0.01605
1749265600,0.01660000,9832.00000000,0.01605
1749265600,0.01661000,1449.00000000,0.01605
1749265600,0.01662000,261631.00000000,0.01605
1749265600,0.01663000,6801.00000000,0.01605
1749265600,0.01664000,1337.00000000,0.01605
1749265600,0.01665000,2031.00000000,0.01605
1749265600,0.01666000,37410.00000000,0.01605
1749265600,0.01667000,60953.00000000,0.01605
1749265600,0.01668000,970.00000000,0.01605
1749265600,0.01669000,2608.00000000,0.01605
1749265600,0.01670000,9887.00000000,0.01605
1749265600,0.01671000,344086.00000000,0.01605
1749265600,0.01672000,1731.00000000,0.01605
1749265600,0.01673000,10627.00000000,0.01605
1749265600,0.01674000,32634.00000000,0.01605
1749265600,0.01675000,960.00000000,0.01605
1749265600,0.01676000,3500.00000000,0.01605
1749265600,0.01677000,76239.00000000,0.01605
1749265600,0.01678000,1789.00000000,0.01605
1749265600,0.01679000,624.00000000,0.01605
1749265600,0.01680000,21339.00000000,0.01605
1749265600,0.01681000,2743.00000000,0.01605
1749265600,0.01682000,5483.00000000,0.01605
1749265600,0.01684000,341.00000000,0.01605
1749265600,0.01685000,27971.00000000,0.01605
1749265600,0.01686000,19714.00000000,0.01605
1749265600,0.01687000,2376.00000000,0.01605
1749265600,0.01688000,5607.00000000,0.01605
1749265600,0.01689000,24010.00000000,0.01605
1749265600,0.01690000,2015991.00000000,0.01605
1749265600,0.01691000,1087.00000000,0.01605
1749265600,0.01692000,1997.00000000,0.01605
1749265600,0.01693000,4822.00000000,0.01605
1749265600,0.01695000,1815.00000000,0.01605
1749265600,0.01696000,6080.00000000,0.01605
1749265600,0.01697000,3390.00000000,0.01605
1749265600,0.01698000,1372.00000000,0.01605
1749265600,0.01699000,1635.00000000,0.01605
1749265600,0.01700000,478941.00000000,0.01605
1749265600,0.01701000,3324.00000000,0.01605
1749265600,0.01702000,312366.00000000,0.01605
1749265600,0.01703000,32454.00000000,0.01605
1749265600,0.01704000,684.00000000,0.01605
1749265600,0.01705000,3613.00000000,0.01605
1749265600,0.01706000,332.00000000,0.01605
1749265901,0.01611000,538699.00000000,0.0161
1749265901,0.01612000,1196499.00000000,0.0161
1749265901,0.01613000,1251472.00000000,0.0161
1749265901,0.01614000,1503889.00000000,0.0161
1749265901,0.01615000,1550126.00000000,0.0161
1749265901,0.01616000,853216.00000000,0.0161
1749265901,0.01617000,664643.00000000,0.0161
1749265901,0.01618000,2052239.00000000,0.0161
1749265901,0.01619000,157678.00000000,0.0161
1749265901,0.01620000,597832.00000000,0.0161
1749265901,0.01621000,399910.00000000,0.0161
1749265901,0.01622000,117437.00000000,0.0161
1749265901,0.01623000,3685339.00000000,0.0161
1749265901,0.01624000,103489.00000000,0.0161
1749265901,0.01625000,16246.00000000,0.0161
1749265901,0.01626000,137489.00000000,0.0161
1749265901,0.01627000,3076.00000000,0.0161
1749265901,0.01628000,65076.00000000,0.0161
1749265901,0.01629000,2306.00000000,0.0161
1749265901,0.01630000,1377331.00000000,0.0161
1749265901,0.01631000,3124.00000000,0.0161
1749265901,0.01632000,1576.00000000,0.0161
1749265901,0.01633000,57727.00000000,0.0161
1749265901,0.01634000,642.00000000,0.0161
1749265901,0.01635000,642.00000000,0.0161
1749265901,0.01636000,1574.00000000,0.0161
1749265901,0.01637000,95473.00000000,0.0161
1749265901,0.01638000,1495.00000000,0.0161
1749265901,0.01639000,36955.00000000,0.0161
1749265901,0.01640000,43593.00000000,0.0161
1749265901,0.01641000,25819.00000000,0.0161
1749265901,0.01642000,639.00000000,0.0161
1749265901,0.01643000,37595.00000000,0.0161
1749265901,0.01644000,3281.00000000,0.0161
1749265901,0.01645000,240169.00000000,0.0161
1749265901,0.01646000,8255.00000000,0.0161
1749265901,0.01647000,3955.00000000,0.0161
1749265901,0.01648000,38195.00000000,0.0161
1749265901,0.01649000,620983.00000000,0.0161
1749265901,0.01650000,431201.00000000,0.0161
1749265901,0.01651000,35165.00000000,0.0161
1749265901,0.01652000,635.00000000,0.0161
1749265901,0.01653000,32611.00000000,0.0161
1749265901,0.01654000,418198.00000000,0.0161
1749265901,0.01655000,1454.00000000,0.0161
1749265901,0.01656000,23339.00000000,0.0161
1749265901,0.01657000,2359.00000000,0.0161
1749265901,0.01658000,32773.00000000,0.0161
1749265901,0.01659000,30909.00000000,0.0161
1749265901,0.01660000,9832.00000000,0.0161
1749265901,0.01661000,1449.00000000,0.0161
1749265901,0.01662000,261631.00000000,0.0161
1749265901,0.01663000,6801.00000000,0.0161
1749265901,0.01664000,1337.00000000,0.0161
1749265901,0.01665000,2031.00000000,0.0161
1749265901,0.01666000,21649.00000000,0.0161
1749265901,0.01667000,931.00000000,0.0161
1749265901,0.01668000,970.00000000,0.0161
1749265901,0.01669000,2608.00000000,0.0161
1749265901,0.01670000,9887.00000000,0.0161
1749265901,0.01671000,359847.00000000,0.0161
1749265901,0.01672000,61753.00000000,0.0161
1749265901,0.01673000,10627.00000000,0.0161
1749265901,0.01674000,935.00000000,0.0161
1749265901,0.01675000,960.00000000,0.0161
1749265901,0.01676000,3500.00000000,0.0161
1749265901,0.01677000,625.00000000,0.0161
1749265901,0.01678000,1789.00000000,0.0161
1749265901,0.01679000,624.00000000,0.0161
1749265901,0.01680000,20149.00000000,0.0161
1749265901,0.01681000,987.00000000,0.0161
1749265901,0.01682000,6106.00000000,0.0161
1749265901,0.01683000,76237.00000000,0.0161
1749265901,0.01684000,964.00000000,0.0161
1749265901,0.01685000,28593.00000000,0.0161
1749265901,0.01686000,20336.00000000,0.0161
1749265901,0.01687000,2376.00000000,0.0161
1749265901,0.01688000,5607.00000000,0.0161
1749265901,0.01689000,24010.00000000,0.0161
1749265901,0.01690000,2015991.00000000,0.0161
1749265901,0.01691000,1087.00000000,0.0161
1749265901,0.01692000,5543.00000000,0.0161
1749265901,0.01693000,4822.00000000,0.0161
1749265901,0.01694000,31699.00000000,0.0161
1749265901,0.01695000,1815.00000000,0.0161
1749265901,0.01696000,6080.00000000,0.0161
1749265901,0.01697000,3390.00000000,0.0161
1749265901,0.01698000,1372.00000000,0.0161
1749265901,0.01699000,31135.00000000,0.0161
1749265901,0.01700000,478941.00000000,0.0161
1749265901,0.01701000,3324.00000000,0.0161
1749265901,0.01702000,312366.00000000,0.0161
1749265901,0.01703000,32454.00000000,0.0161
1749265901,0.01704000,684.00000000,0.0161
1749265901,0.01705000,3613.00000000,0.0161
1749265901,0.01706000,332.00000000,0.0161
1749265901,0.01707000,341.00000000,0.0161
1749265901,0.01708000,951.00000000,0.0161
1749265901,0.01709000,1761.00000000,0.0161
1749265901,0.01710000,26256.00000000,0.0161
1749266203,0.01614000,143083.00000000,0.01614
1749266203,0.01615000,1025757.00000000,0.01614
1749266203,0.01616000,2227121.00000000,0.01614
1749266203,0.01617000,1451428.00000000,0.01614
1749266203,0.01618000,787574.00000000,0.01614
1749266203,0.01619000,1356284.00000000,0.01614
1749266203,0.01620000,1752635.00000000,0.01614
1749266203,0.01621000,682496.00000000,0.01614
1749266203,0.01622000,165140.00000000,0.01614
1749266203,0.01623000,3637131.00000000,0.01614
1749266203,0.01624000,151656.00000000,0.01614
1749266203,0.01625000,266960.00000000,0.01614
1749266203,0.01626000,147896.00000000,0.01614
1749266203,0.01627000,622271.00000000,0.01614
1749266203,0.01628000,102967.00000000,0.01614
1749266203,0.01629000,2674.00000000,0.01614
1749266203,0.01630000,119492.00000000,0.01614
1749266203,0.01631000,3124.00000000,0.01614
1749266203,0.01632000,1576.00000000,0.01614
1749266203,0.01633000,3610.00000000,0.01614
1749266203,0.01634000,353579.00000000,0.01614
1749266203,0.01635000,1107.00000000,0.01614
1749266203,0.01636000,23455.00000000,0.01614
1749266203,0.01637000,128659.00000000,0.01614
1749266203,0.01638000,1495.00000000,0.01614
1749266203,0.01639000,7329.00000000,0.01614
1749266203,0.01640000,7427.00000000,0.01614
1749266203,0.01641000,1116.00000000,0.01614
1749266203,0.01642000,639.00000000,0.01614
1749266203,0.01643000,33319.00000000,0.01614
1749266203,0.01644000,932074.00000000,0.01614
1749266203,0.01645000,240032.00000000,0.01614
1749266203,0.01646000,32958.00000000,0.01614
1749266203,0.01647000,3955.00000000,0.01614
1749266203,0.01648000,45208.00000000,0.01614
1749266203,0.01649000,657271.00000000,0.01614
1749266203,0.01650000,431201.00000000,0.01614
1749266203,0.01651000,1819.00000000,0.01614
1749266203,0.01652000,635.00000000,0.01614
1749266203,0.01653000,28197.00000000,0.01614
1749266203,0.01654000,357691.00000000,0.01614
1749266203,0.01655000,1454.00000000,0.01614
1749266203,0.01656000,42177.00000000,0.01614
1749266203,0.01657000,33662.00000000,0.01614
1749266203,0.01658000,632.00000000,0.01614
1749266203,0.01659000,62065.00000000,0.01614
1749266203,0.01660000,9832.00000000,0.01614
1749266203,0.01661000,16439.00000000,0.01614
1749266203,0.01662000,293772.00000000,0.01614
1749266203,0.01663000,36152.00000000,0.01614
1749266203,0.01664000,1337.00000000,0.01614
1749266203,0.01665000,2031.00000000,0.01614
1749266203,0.01666000,21649.00000000,0.01614
1749266203,0.01667000,931.00000000,0.01614
1749266203,0.01668000,970.00000000,0.01614
1749266203,0.01669000,2608.00000000,0.01614
1749266203,0.01670000,9887.00000000,0.01614
1749266203,0.01671000,344086.00000000,0.01614
1749266203,0.01672000,61753.00000000,0.01614
1749266203,0.01673000,10627.00000000,0.01614
1749266203,0.01674000,935.00000000,0.01614
1749266203,0.01675000,960.00000000,0.01614
1749266203,0.01676000,19261.00000000,0.01614
1749266203,0.01677000,625.00000000,0.01614
1749266203,0.01678000,1789.00000000,0.01614
1749266203,0.01679000,624.00000000,0.01614
1749266203,0.01680000,20149.00000000,0.01614
1749266203,0.01681000,987.00000000,0.01614
1749266203,0.01682000,6106.00000000,0.01614
1749266203,0.01683000,623.00000000,0.01614
1749266203,0.01684000,964.00000000,0.01614
1749266203,0.01685000,28593.00000000,0.01614
1749266203,0.01686000,1103.00000000,0.01614
1749266203,0.01687000,2997.00000000,0.01614
1749266203,0.01688000,81842.00000000,0.01614
1749266203,0.01689000,24630.00000000,0.01614
1749266203,0.01690000,2015991.00000000,0.01614
1749266203,0.01691000,1087.00000000,0.01614
1749266203,0.01692000,24776.00000000,0.01614
1749266203,0.01693000,4822.00000000,0.01614
1749266203,0.01694000,32289.00000000,0.01614
1749266203,0.01695000,1815.00000000,0.01614
1749266203,0.01696000,6080.00000000,0.01614
1749266203,0.01697000,3390.00000000,0.01614
1749266203,0.01698000,1372.00000000,0.01614
1749266203,0.01699000,31135.00000000,0.01614
1749266203,0.01700000,474806.00000000,0.01614
1749266203,0.01701000,3324.00000000,0.01614
1749266203,0.01702000,312366.00000000,0.01614
1749266203,0.01703000,32454.00000000,0.01614
1749266203,0.01704000,684.00000000,0.01614
1749266203,0.01705000,3613.00000000,0.01614
1749266203,0.01706000,332.00000000,0.01614
1749266203,0.01707000,341.00000000,0.01614
1749266203,0.01708000,951.00000000,0.01614
1749266203,0.01709000,1761.00000000,0.01614
1749266203,0.01710000,57078.00000000,0.01614
1749266203,0.01711000,954.00000000,0.01614
1749266203,0.01712000,1546.00000000,0.01614
1749266203,0.01713000,18168.00000000,0.01614
1749266504,0.01605000,333877.00000000,0.01605
1749266504,0.01606000,1166102.00000000,0.01605
1749266504,0.01607000,2083728.00000000,0.01605
1749266504,0.01608000,1207126.00000000,0.01605
1749266504,0.01609000,1534365.00000000,0.01605
1749266504,0.01610000,604495.00000000,0.01605
1749266504,0.01611000,833996.00000000,0.01605
1749266504,0.01612000,464404.00000000,0.01605
1749266504,0.01613000,1447268.00000000,0.01605
1749266504,0.01614000,952132.00000000,0.01605
1749266504,0.01615000,622398.00000000,0.01605
1749266504,0.01616000,335640.00000000,0.01605
1749266504,0.01617000,337060.00000000,0.01605
1749266504,0.01618000,150354.00000000,0.01605
1749266504,0.01619000,776533.00000000,0.01605
1749266504,0.01620000,165245.00000000,0.01605
1749266504,0.01621000,93643.00000000,0.01605
1749266504,0.01622000,79546.00000000,0.01605
1749266504,0.01623000,3129761.00000000,0.01605
1749266504,0.01624000,994856.00000000,0.01605
1749266504,0.01625000,400192.00000000,0.01605
1749266504,0.01626000,109540.00000000,0.01605
1749266504,0.01627000,3076.00000000,0.01605
1749266504,0.01628000,86598.00000000,0.01605
1749266504,0.01629000,2674.00000000,0.01605
1749266504,0.01630000,95777.00000000,0.01605
1749266504,0.01631000,3124.00000000,0.01605
1749266504,0.01632000,1576.00000000,0.01605
1749266504,0.01633000,3610.00000000,0.01605
1749266504,0.01634000,30733.00000000,0.01605
1749266504,0.01635000,3629.00000000,0.01605
1749266504,0.01636000,2039.00000000,0.01605
1749266504,0.01637000,95473.00000000,0.01605
1749266504,0.01638000,1495.00000000,0.01605
1749266504,0.01639000,7329.00000000,0.01605
1749266504,0.01640000,41071.00000000,0.01605
1749266504,0.01641000,56283.00000000,0.01605
1749266504,0.01642000,6617.00000000,0.01605
1749266504,0.01643000,37595.00000000,0.01605
1749266504,0.01644000,3281.00000000,0.01605
1749266504,0.01645000,235169.00000000,0.01605
1749266504,0.01646000,8255.00000000,0.01605
1749266504,0.01647000,3955.00000000,0.01605
1749266504,0.01648000,38195.00000000,0.01605
1749266504,0.01649000,620983.00000000,0.01605
1749266504,0.01650000,486968.00000000,0.01605
1749266504,0.01651000,35165.00000000,0.01605
1749266504,0.01652000,635.00000000,0.01605
1749266504,0.01653000,1308.00000000,0.01605
1749266504,0.01654000,450339.00000000,0.01605
1749266504,0.01655000,1454.00000000,0.01605
1749266504,0.01656000,23339.00000000,0.01605
1749266504,0.01657000,2359.00000000,0.01605
1749266504,0.01658000,632.00000000,0.01605
1749266504,0.01659000,1558.00000000,0.01605
1749266504,0.01660000,9832.00000000,0.01605
1749266504,0.01661000,1931.00000000,0.01605
1749266504,0.01662000,261631.00000000,0.01605
1749266504,0.01663000,36152.00000000,0.01605
1749266504,0.01664000,1337.00000000,0.01605
1749266504,0.01665000,2031.00000000,0.01605
1749266504,0.01666000,21649.00000000,0.01605
1749266504,0.01667000,60953.00000000,0.01605
1749266504,0.01668000,970.00000000,0.01605
1749266504,0.01669000,2608.00000000,0.01605
1749266504,0.01670000,9887.00000000,0.01605
1749266504,0.01671000,359847.00000000,0.01605
1749266504,0.01672000,1731.00000000,0.01605
1749266504,0.01673000,10627.00000000,0.01605
1749266504,0.01674000,935.00000000,0.01605
1749266504,0.01675000,960.00000000,0.01605
1749266504,0.01676000,3500.00000000,0.01605
1749266504,0.01677000,625.00000000,0.01605
1749266504,0.01678000,1789.00000000,0.01605
1749266504,0.01679000,624.00000000,0.01605
1749266504,0.01680000,20149.00000000,0.01605
1749266504,0.01681000,363.00000000,0.01605
1749266504,0.01682000,5483.00000000,0.01605
1749266504,0.01683000,75614.00000000,0.01605
1749266504,0.01684000,341.00000000,0.01605
1749266504,0.01685000,27971.00000000,0.01605
1749266504,0.01686000,481.00000000,0.01605
1749266504,0.01687000,2376.00000000,0.01605
1749266504,0.01688000,5607.00000000,0.01605
1749266504,0.01689000,24010.00000000,0.01605
1749266504,0.01690000,2015991.00000000,0.01605
1749266504,0.01691000,1087.00000000,0.01605
1749266504,0.01692000,24776.00000000,0.01605
1749266504,0.01693000,4822.00000000,0.01605
1749266504,0.01694000,32289.00000000,0.01605
1749266504,0.01695000,1815.00000000,0.01605
1749266504,0.01696000,6080.00000000,0.01605
1749266504,0.01697000,3390.00000000,0.01605
1749266504,0.01698000,1372.00000000,0.01605
1749266504,0.01699000,31135.00000000,0.01605
1749266504,0.01700000,474806.00000000,0.01605
1749266504,0.01701000,3324.00000000,0.01605
1749266504,0.01702000,312366.00000000,0.01605
1749266504,0.01703000,32454.00000000,0.01605
1749266504,0.01704000,684.00000000,0.01605
1749266806,0.01615000,265879.00000000,0.01614
1749266806,0.01616000,1511040.00000000,0.01614
1749266806,0.01617000,1819624.00000000,0.01614
1749266806,0.01618000,1762012.00000000,0.01614
1749266806,0.01619000,1567565.00000000,0.01614
1749266806,0.01620000,755124.00000000,0.01614
1749266806,0.01621000,1629771.00000000,0.01614
1749266806,0.01622000,1014544.00000000,0.01614
1749266806,0.01623000,3206609.00000000,0.01614
1749266806,0.01624000,496784.00000000,0.01614
1749266806,0.01625000,246267.00000000,0.01614
1749266806,0.01626000,729572.00000000,0.01614
1749266806,0.01627000,17066.00000000,0.01614
1749266806,0.01628000,102967.00000000,0.01614
1749266806,0.01629000,30623.00000000,0.01614
1749266806,0.01630000,129434.00000000,0.01614
1749266806,0.01631000,3124.00000000,0.01614
1749266806,0.01632000,930369.00000000,0.01614
1749266806,0.01633000,3610.00000000,0.01614
1749266806,0.01634000,331955.00000000,0.01614
1749266806,0.01635000,22535.00000000,0.01614
1749266806,0.01636000,2039.00000000,0.01614
1749266806,0.01637000,128662.00000000,0.01614
1749266806,0.01638000,1495.00000000,0.01614
1749266806,0.01639000,7329.00000000,0.01614
1749266806,0.01640000,7427.00000000,0.01614
1749266806,0.01641000,25819.00000000,0.01614
1749266806,0.01642000,30265.00000000,0.01614
1749266806,0.01643000,3693.00000000,0.01614
1749266806,0.01644000,3281.00000000,0.01614
1749266806,0.01645000,240032.00000000,0.01614
1749266806,0.01646000,8255.00000000,0.01614
1749266806,0.01647000,3955.00000000,0.01614
1749266806,0.01648000,51036.00000000,0.01614
1749266806,0.01649000,651447.00000000,0.01614
1749266806,0.01650000,431201.00000000,0.01614
1749266806,0.01651000,1819.00000000,0.01614
1749266806,0.01652000,635.00000000,0.01614
1749266806,0.01653000,28197.00000000,0.01614
1749266806,0.01654000,357691.00000000,0.01614
1749266806,0.01655000,1454.00000000,0.01614
1749266806,0.01656000,42177.00000000,0.01614
1749266806,0.01657000,33662.00000000,0.01614
1749266806,0.01658000,632.00000000,0.01614
1749266806,0.01659000,62065.00000000,0.01614
1749266806,0.01660000,9832.00000000,0.01614
1749266806,0.01661000,16439.00000000,0.01614
1749266806,0.01662000,293772.00000000,0.01614
1749266806,0.01663000,36152.00000000,0.01614
1749266806,0.01664000,1337.00000000,0.01614
1749266806,0.01665000,2031.00000000,0.01614
1749266806,0.01666000,21649.00000000,0.01614
1749266806,0.01667000,931.00000000,0.01614
1749266806,0.01668000,970.00000000,0.01614
1749266806,0.01669000,2608.00000000,0.01614
1749266806,0.01670000,9887.00000000,0.01614
1749266806,0.01671000,344086.00000000,0.01614
1749266806,0.01672000,61753.00000000,0.01614
1749266806,0.01673000,10627.00000000,0.01614
1749266806,0.01674000,935.00000000,0.01614
1749266806,0.01675000,960.00000000,0.01614
1749266806,0.01676000,19261.00000000,0.01614
1749266806,0.01677000,625.00000000,0.01614
1749266806,0.01678000,1789.00000000,0.01614
1749266806,0.01679000,624.00000000,0.01614
1749266806,0.01680000,20149.00000000,0.01614
1749266806,0.01681000,987.00000000,0.01614
1749266806,0.01682000,6106.00000000,0.01614
1749266806,0.01683000,623.00000000,0.01614
1749266806,0.01684000,963.00000000,0.01614
1749266806,0.01685000,28593.00000000,0.01614
1749266806,0.01686000,1103.00000000,0.01614
1749266806,0.01687000,2997.00000000,0.01614
1749266806,0.01688000,81841.00000000,0.01614
1749266806,0.01689000,24630.00000000,0.01614
1749266806,0.01690000,2016611.00000000,0.01614
1749266806,0.01691000,1087.00000000,0.01614
1749266806,0.01692000,24776.00000000,0.01614
1749266806,0.01693000,4822.00000000,0.01614
1749266806,0.01694000,32289.00000000,0.01614
1749266806,0.01695000,1815.00000000,0.01614
1749266806,0.01696000,6080.00000000,0.01614
1749266806,0.01697000,3390.00000000,0.01614
1749266806,0.01698000,1372.00000000,0.01614
1749266806,0.01699000,31135.00000000,0.01614
1749266806,0.01700000,474806.00000000,0.01614
1749266806,0.01701000,3324.00000000,0.01614
1749266806,0.01702000,312366.00000000,0.01614
1749266806,0.01703000,32454.00000000,0.01614
1749266806,0.01704000,684.00000000,0.01614
1749266806,0.01705000,3613.00000000,0.01614
1749266806,0.01706000,332.00000000,0.01614
1749266806,0.01707000,341.00000000,0.01614
1749266806,0.01708000,951.00000000,0.01614
1749266806,0.01709000,1761.00000000,0.01614
1749266806,0.01710000,57078.00000000,0.01614
1749266806,0.01711000,954.00000000,0.01614
1749266806,0.01712000,1546.00000000,0.01614
1749266806,0.01713000,18168.00000000,0.01614
1749266806,0.01714000,3081.00000000,0.01614
1749267107,0.01613000,384757.00000000,0.01612
1749267107,0.01614000,1414591.00000000,0.01612
1749267107,0.01615000,2177755.00000000,0.01612
1749267107,0.01616000,1996826.00000000,0.01612
1749267107,0.01617000,1613156.00000000,0.01612
1749267107,0.01618000,1776673.00000000,0.01612
1749267107,0.01619000,709027.00000000,0.01612
1749267107,0.01620000,1643242.00000000,0.01612
1749267107,0.01621000,279217.00000000,0.01612
1749267107,0.01622000,619323.00000000,0.01612
1749267107,0.01623000,3470178.00000000,0.01612
1749267107,0.01624000,151317.00000000,0.01612
1749267107,0.01625000,31039.00000000,0.01612
1749267107,0.01626000,729572.00000000,0.01612
1749267107,0.01627000,17066.00000000,0.01612
1749267107,0.01628000,102967.00000000,0.01612
1749267107,0.01629000,2674.00000000,0.01612
1749267107,0.01630000,129434.00000000,0.01612
1749267107,0.01631000,374299.00000000,0.01612
1749267107,0.01632000,1576.00000000,0.01612
1749267107,0.01633000,32397.00000000,0.01612
1749267107,0.01634000,1107.00000000,0.01612
1749267107,0.01635000,22535.00000000,0.01612
1749267107,0.01636000,6441.00000000,0.01612
1749267107,0.01637000,95473.00000000,0.01612
1749267107,0.01638000,1495.00000000,0.01612
1749267107,0.01639000,7329.00000000,0.01612
1749267107,0.01640000,7427.00000000,0.01612
1749267107,0.01641000,25819.00000000,0.01612
1749267107,0.01642000,30265.00000000,0.01612
1749267107,0.01643000,3693.00000000,0.01612
1749267107,0.01644000,932074.00000000,0.01612
1749267107,0.01645000,270496.00000000,0.01612
1749267107,0.01646000,8255.00000000,0.01612
1749267107,0.01647000,3955.00000000,0.01612
1749267107,0.01648000,51036.00000000,0.01612
1749267107,0.01649000,620983.00000000,0.01612
1749267107,0.01650000,431201.00000000,0.01612
1749267107,0.01651000,1819.00000000,0.01612
1749267107,0.01652000,31457.00000000,0.01612
1749267107,0.01653000,59500.00000000,0.01612
1749267107,0.01654000,357691.00000000,0.01612
1749267107,0.01655000,1454.00000000,0.01612
1749267107,0.01656000,42177.00000000,0.01612
1749267107,0.01657000,2359.00000000,0.01612
1749267107,0.01658000,632.00000000,0.01612
1749267107,0.01659000,62065.00000000,0.01612
1749267107,0.01660000,9832.00000000,0.01612
1749267107,0.01661000,16439.00000000,0.01612
1749267107,0.01662000,293772.00000000,0.01612
1749267107,0.01663000,36152.00000000,0.01612
1749267107,0.01664000,1337.00000000,0.01612
1749267107,0.01665000,2031.00000000,0.01612
1749267107,0.01666000,21649.00000000,0.01612
1749267107,0.01667000,931.00000000,0.01612
1749267107,0.01668000,970.00000000,0.01612
1749267107,0.01669000,2608.00000000,0.01612
1749267107,0.01670000,9887.00000000,0.01612
1749267107,0.01671000,344086.00000000,0.01612
1749267107,0.01672000,61753.00000000,0.01612
1749267107,0.01673000,10627.00000000,0.01612
1749267107,0.01674000,935.00000000,0.01612
1749267107,0.01675000,960.00000000,0.01612
1749267107,0.01676000,19261.00000000,0.01612
1749267107,0.01677000,625.00000000,0.01612
1749267107,0.01678000,1789.00000000,0.01612
1749267107,0.01679000,624.00000000,0.01612
1749267107,0.01680000,20149.00000000,0.01612
1749267107,0.01681000,987.00000000,0.01612
1749267107,0.01682000,6106.00000000,0.01612
1749267107,0.01683000,623.00000000,0.01612
1749267107,0.01684000,963.00000000,0.01612
1749267107,0.01685000,28593.00000000,0.01612
1749267107,0.01686000,1103.00000000,0.01612
1749267107,0.01687000,2997.00000000,0.01612
1749267107,0.01688000,81842.00000000,0.01612
1749267107,0.01689000,24010.00000000,0.01612
1749267107,0.01690000,2015991.00000000,0.01612
1749267107,0.01691000,1087.00000000,0.01612
1749267107,0.01692000,24776.00000000,0.01612
1749267107,0.01693000,4822.00000000,0.01612
1749267107,0.01694000,32289.00000000,0.01612
1749267107,0.01695000,1815.00000000,0.01612
1749267107,0.01696000,6080.00000000,0.01612
1749267107,0.01697000,3390.00000000,0.01612
1749267107,0.01698000,1372.00000000,0.01612
1749267107,0.01699000,31135.00000000,0.01612
1749267107,0.01700000,474806.00000000,0.01612
1749267107,0.01701000,3324.00000000,0.01612
1749267107,0.01702000,312366.00000000,0.01612
1749267107,0.01703000,32454.00000000,0.01612
1749267107,0.01704000,684.00000000,0.01612
1749267107,0.01705000,3613.00000000,0.01612
1749267107,0.01706000,332.00000000,0.01612
