timestamp,price,volume,current_price
1749254745,2.93100000,325.10000000,2.929
1749254745,2.93200000,195.00000000,2.929
1749254745,2.93300000,246.00000000,2.929
1749254745,2.93400000,656.60000000,2.929
1749254745,2.93500000,1700.90000000,2.929
1749254745,2.93600000,1746.20000000,2.929
1749254745,2.93700000,1367.40000000,2.929
1749254745,2.93800000,758.70000000,2.929
1749254745,2.93900000,683.10000000,2.929
1749254745,2.94000000,141.60000000,2.929
1749254745,2.94100000,390.10000000,2.929
1749254745,2.94200000,89.50000000,2.929
1749254745,2.94300000,356.00000000,2.929
1749254745,2.94400000,89.50000000,2.929
1749254745,2.94500000,539.20000000,2.929
1749254745,2.94600000,493.60000000,2.929
1749254745,2.94700000,1322.40000000,2.929
1749254745,2.94800000,254.80000000,2.929
1749254745,2.94900000,625.60000000,2.929
1749254745,2.95000000,95.00000000,2.929
1749254745,2.95100000,372.50000000,2.929
1749254745,2.95200000,284.00000000,2.929
1749254745,2.95300000,356.00000000,2.929
1749254745,2.95400000,89.50000000,2.929
1749254745,2.95500000,356.00000000,2.929
1749254745,2.95600000,167.90000000,2.929
1749254745,2.95700000,356.00000000,2.929
1749254745,2.95800000,211.60000000,2.929
1749254745,2.96100000,397.60000000,2.929
1749254745,2.96300000,726.40000000,2.929
1749254745,2.96500000,275.00000000,2.929
1749254745,2.96700000,177.90000000,2.929
1749254745,2.96800000,5.40000000,2.929
1749254745,2.96900000,181.50000000,2.929
1749254745,2.97000000,40.00000000,2.929
1749254745,2.97300000,171.90000000,2.929
1749254745,2.97500000,91.50000000,2.929
1749254745,2.97800000,84.70000000,2.929
1749254745,2.97900000,5.40000000,2.929
1749254745,2.98000000,45.40000000,2.929
1749254745,2.98100000,26.30000000,2.929
1749254745,2.98200000,16.20000000,2.929
1749254745,2.98300000,5.40000000,2.929
1749254745,2.98400000,154.70000000,2.929
1749254745,2.98500000,20.60000000,2.929
1749254745,2.98600000,5.40000000,2.929
1749254745,2.98700000,5.40000000,2.929
1749254745,2.98900000,2.80000000,2.929
1749254745,2.99000000,40.00000000,2.929
1749254745,2.99100000,1015.80000000,2.929
1749254745,2.99900000,424.80000000,2.929
1749254745,3.00000000,103.00000000,2.929
1749254745,3.00200000,14.80000000,2.929
1749254745,3.01000000,44.80000000,2.929
1749254745,3.02000000,546.80000000,2.929
1749254745,3.02100000,4.80000000,2.929
1749254745,3.02300000,4.90000000,2.929
1749254745,3.02400000,42.90000000,2.929
1749254745,3.02500000,338.50000000,2.929
1749254745,3.03000000,40.00000000,2.929
1749254745,3.04000000,40.00000000,2.929
1749254745,3.04600000,5.60000000,2.929
1749254745,3.04800000,1010.10000000,2.929
1749254745,3.05000000,40.00000000,2.929
1749254745,3.05600000,18.60000000,2.929
1749254745,3.05700000,1236.70000000,2.929
1749254745,3.06000000,37.80000000,2.929
1749254745,3.06300000,5.30000000,2.929
1749254745,3.06400000,5.30000000,2.929
1749254745,3.06500000,25.60000000,2.929
1749254745,3.06600000,5.30000000,2.929
1749254745,3.06700000,15.90000000,2.929
1749254745,3.06800000,5.30000000,2.929
1749254745,3.07000000,40.00000000,2.929
1749254745,3.07200000,5.20000000,2.929
1749254745,3.07300000,5.30000000,2.929
1749254745,3.07800000,5.30000000,2.929
1749254745,3.08000000,40.00000000,2.929
1749254745,3.08100000,3.50000000,2.929
1749254745,3.08700000,4.80000000,2.929
1749254745,3.09000000,40.00000000,2.929
1749254745,3.09900000,19.80000000,2.929
1749254745,3.10000000,61.30000000,2.929
1749254745,3.10100000,5.20000000,2.929
1749254745,3.10200000,10.40000000,2.929
1749254745,3.10800000,20.80000000,2.929
1749254745,3.10900000,10.40000000,2.929
1749254745,3.11000000,45.20000000,2.929
1749254745,3.11100000,10.40000000,2.929
1749254745,3.11200000,5.20000000,2.929
1749254745,3.11300000,5.20000000,2.929
1749254745,3.11400000,10.40000000,2.929
1749254745,3.11500000,5.20000000,2.929
1749254745,3.11600000,5.20000000,2.929
1749254745,3.11700000,15.60000000,2.929
1749254745,3.11900000,16.30000000,2.929
1749254745,3.12000000,40.00000000,2.929
1749254745,3.12100000,9.20000000,2.929
1749254745,3.12200000,10.40000000,2.929
1749254745,3.12300000,10.40000000,2.929
1749255075,2.93300000,53.20000000,2.926
1749255075,2.93400000,390.70000000,2.926
1749255075,2.93500000,1015.90000000,2.926
1749255075,2.93600000,1385.90000000,2.926
1749255075,2.93700000,2302.80000000,2.926
1749255075,2.93800000,677.50000000,2.926
1749255075,2.93900000,1191.70000000,2.926
1749255075,2.94000000,577.10000000,2.926
1749255075,2.94100000,391.90000000,2.926
1749255075,2.94200000,123.50000000,2.926
1749255075,2.94300000,356.00000000,2.926
1749255075,2.94400000,89.50000000,2.926
1749255075,2.94500000,539.20000000,2.926
1749255075,2.94600000,493.60000000,2.926
1749255075,2.94700000,361.50000000,2.926
1749255075,2.94800000,89.50000000,2.926
1749255075,2.94900000,356.00000000,2.926
1749255075,2.95000000,1055.10000000,2.926
1749255075,2.95100000,537.80000000,2.926
1749255075,2.95200000,284.00000000,2.926
1749255075,2.95300000,356.00000000,2.926
1749255075,2.95400000,358.30000000,2.926
1749255075,2.95500000,356.00000000,2.926
1749255075,2.95600000,176.40000000,2.926
1749255075,2.95700000,356.00000000,2.926
1749255075,2.95800000,211.60000000,2.926
1749255075,2.96100000,397.60000000,2.926
1749255075,2.96300000,807.40000000,2.926
1749255075,2.96500000,275.00000000,2.926
1749255075,2.96700000,177.90000000,2.926
1749255075,2.96800000,5.40000000,2.926
1749255075,2.96900000,181.50000000,2.926
1749255075,2.97000000,40.00000000,2.926
1749255075,2.97300000,171.90000000,2.926
1749255075,2.97500000,91.50000000,2.926
1749255075,2.97700000,15.20000000,2.926
1749255075,2.97800000,84.70000000,2.926
1749255075,2.97900000,5.40000000,2.926
1749255075,2.98000000,45.40000000,2.926
1749255075,2.98100000,26.30000000,2.926
1749255075,2.98200000,16.20000000,2.926
1749255075,2.98300000,5.40000000,2.926
1749255075,2.98400000,154.70000000,2.926
1749255075,2.98500000,5.40000000,2.926
1749255075,2.98600000,5.40000000,2.926
1749255075,2.98700000,5.40000000,2.926
1749255075,2.98900000,2.80000000,2.926
1749255075,2.99000000,40.00000000,2.926
1749255075,2.99100000,1015.80000000,2.926
1749255075,2.99900000,424.80000000,2.926
1749255075,3.00000000,103.00000000,2.926
1749255075,3.00200000,14.80000000,2.926
1749255075,3.01000000,44.80000000,2.926
1749255075,3.02000000,546.80000000,2.926
1749255075,3.02100000,4.80000000,2.926
1749255075,3.02300000,4.90000000,2.926
1749255075,3.02400000,42.90000000,2.926
1749255075,3.02500000,338.50000000,2.926
1749255075,3.03000000,40.00000000,2.926
1749255075,3.04000000,40.00000000,2.926
1749255075,3.04600000,5.60000000,2.926
1749255075,3.04800000,1010.10000000,2.926
1749255075,3.05000000,40.00000000,2.926
1749255075,3.05600000,18.60000000,2.926
1749255075,3.05700000,1236.70000000,2.926
1749255075,3.06000000,37.80000000,2.926
1749255075,3.06300000,5.30000000,2.926
1749255075,3.06400000,5.30000000,2.926
1749255075,3.06500000,25.60000000,2.926
1749255075,3.06600000,5.30000000,2.926
1749255075,3.06700000,15.90000000,2.926
1749255075,3.06800000,5.30000000,2.926
1749255075,3.07000000,40.00000000,2.926
1749255075,3.07200000,5.20000000,2.926
1749255075,3.07300000,5.30000000,2.926
1749255075,3.07800000,5.30000000,2.926
1749255075,3.08000000,40.00000000,2.926
1749255075,3.08100000,3.50000000,2.926
1749255075,3.08700000,4.80000000,2.926
1749255075,3.09000000,40.00000000,2.926
1749255075,3.09900000,19.80000000,2.926
1749255075,3.10000000,61.30000000,2.926
1749255075,3.10100000,5.20000000,2.926
1749255075,3.10200000,10.40000000,2.926
1749255075,3.10800000,20.80000000,2.926
1749255075,3.10900000,10.40000000,2.926
1749255075,3.11000000,45.20000000,2.926
1749255075,3.11100000,10.40000000,2.926
1749255075,3.11200000,5.20000000,2.926
1749255075,3.11300000,5.20000000,2.926
1749255075,3.11400000,10.40000000,2.926
1749255075,3.11500000,5.20000000,2.926
1749255075,3.11600000,5.20000000,2.926
1749255075,3.11700000,15.60000000,2.926
1749255075,3.11900000,16.30000000,2.926
1749255075,3.12000000,40.00000000,2.926
1749255075,3.12100000,9.20000000,2.926
1749255075,3.12200000,10.40000000,2.926
1749255075,3.12300000,10.40000000,2.926
1749255075,3.12400000,26.00000000,2.926
