timestamp,price,volume,current_price
1749258480,2.94200000,81.00000000,2.944
1749258480,2.94300000,236.60000000,2.944
1749258480,2.94400000,558.50000000,2.944
1749258480,2.94500000,1258.30000000,2.944
1749258480,2.94600000,1138.90000000,2.944
1749258480,2.94700000,909.80000000,2.944
1749258480,2.94800000,421.60000000,2.944
1749258480,2.94900000,784.10000000,2.944
1749258480,2.95000000,162.10000000,2.944
1749258480,2.95100000,1431.80000000,2.944
1749258480,2.95200000,105.90000000,2.944
1749258480,2.95300000,356.00000000,2.944
1749258480,2.95400000,679.70000000,2.944
1749258480,2.95500000,356.00000000,2.944
1749258480,2.95600000,675.40000000,2.944
1749258480,2.95700000,356.00000000,2.944
1749258480,2.95800000,142.10000000,2.944
1749258480,2.95900000,356.00000000,2.944
1749258480,2.96000000,89.50000000,2.944
1749258480,2.96100000,356.00000000,2.944
1749258480,2.96200000,267.50000000,2.944
1749258480,2.96300000,630.40000000,2.944
1749258480,2.96400000,965.10000000,2.944
1749258480,2.96500000,252.90000000,2.944
1749258480,2.96600000,81.00000000,2.944
1749258480,2.96700000,364.80000000,2.944
1749258480,2.96800000,5.40000000,2.944
1749258480,2.96900000,356.00000000,2.944
1749258480,2.97000000,364.30000000,2.944
1749258480,2.97100000,184.10000000,2.944
1749258480,2.97200000,9.00000000,2.944
1749258480,2.97300000,745.90000000,2.944
1749258480,2.97400000,122.60000000,2.944
1749258480,2.97500000,275.60000000,2.944
1749258480,2.97600000,171.90000000,2.944
1749258480,2.97800000,84.70000000,2.944
1749258480,2.97900000,5.40000000,2.944
1749258480,2.98000000,869.10000000,2.944
1749258480,2.98100000,10.80000000,2.944
1749258480,2.98200000,16.20000000,2.944
1749258480,2.98300000,174.50000000,2.944
1749258480,2.98400000,154.70000000,2.944
1749258480,2.98500000,5.40000000,2.944
1749258480,2.98600000,384.10000000,2.944
1749258480,2.98700000,5.40000000,2.944
1749258480,2.98900000,18.30000000,2.944
1749258480,2.99000000,40.00000000,2.944
1749258480,2.99300000,15.20000000,2.944
1749258480,2.99900000,15.40000000,2.944
1749258480,3.00000000,789.00000000,2.944
1749258480,3.00200000,14.80000000,2.944
1749258480,3.01000000,44.80000000,2.944
1749258480,3.01600000,1159.90000000,2.944
1749258480,3.02000000,40.00000000,2.944
1749258480,3.02100000,4.80000000,2.944
1749258480,3.02300000,4.90000000,2.944
1749258480,3.02400000,368.60000000,2.944
1749258480,3.03000000,40.00000000,2.944
1749258480,3.04000000,40.00000000,2.944
1749258480,3.04100000,338.50000000,2.944
1749258480,3.04600000,5.60000000,2.944
1749258480,3.05000000,40.00000000,2.944
1749258480,3.06000000,37.80000000,2.944
1749258480,3.06300000,24.00000000,2.944
1749258480,3.06400000,5.30000000,2.944
1749258480,3.06500000,25.60000000,2.944
1749258480,3.06600000,5.30000000,2.944
1749258480,3.06700000,1273.60000000,2.944
1749258480,3.06800000,5.30000000,2.944
1749258480,3.07000000,40.00000000,2.944
1749258480,3.07200000,343.00000000,2.944
1749258480,3.07300000,5.30000000,2.944
1749258480,3.07800000,5.30000000,2.944
1749258480,3.08000000,40.00000000,2.944
1749258480,3.08100000,3.50000000,2.944
1749258480,3.08700000,4.80000000,2.944
1749258480,3.09000000,40.00000000,2.944
1749258480,3.09900000,19.80000000,2.944
1749258480,3.10000000,61.30000000,2.944
1749258480,3.10100000,5.20000000,2.944
1749258480,3.10200000,10.40000000,2.944
1749258480,3.10800000,20.80000000,2.944
1749258480,3.10900000,10.40000000,2.944
1749258480,3.11000000,45.20000000,2.944
1749258480,3.11100000,10.40000000,2.944
1749258480,3.11200000,5.20000000,2.944
1749258480,3.11300000,5.20000000,2.944
1749258480,3.11400000,10.40000000,2.944
1749258480,3.11500000,5.20000000,2.944
1749258480,3.11600000,5.20000000,2.944
1749258480,3.11700000,15.60000000,2.944
1749258480,3.11900000,16.30000000,2.944
1749258480,3.12000000,40.00000000,2.944
1749258480,3.12100000,9.20000000,2.944
1749258480,3.12200000,10.40000000,2.944
1749258480,3.12300000,10.40000000,2.944
1749258480,3.12400000,26.00000000,2.944
1749258480,3.12800000,4.90000000,2.944
1749258480,3.12900000,5.20000000,2.944
1749258480,3.13000000,40.00000000,2.944
1749258842,2.94200000,97.30000000,2.942
1749258842,2.94300000,473.10000000,2.942
1749258842,2.94400000,640.80000000,2.942
1749258842,2.94500000,1141.80000000,2.942
1749258842,2.94600000,984.60000000,2.942
1749258842,2.94700000,1896.80000000,2.942
1749258842,2.94800000,1286.90000000,2.942
1749258842,2.94900000,716.30000000,2.942
1749258842,2.95000000,401.70000000,2.942
1749258842,2.95100000,762.00000000,2.942
1749258842,2.95200000,133.40000000,2.942
1749258842,2.95300000,356.00000000,2.942
1749258842,2.95400000,81.00000000,2.942
1749258842,2.95500000,364.50000000,2.942
1749258842,2.95600000,1625.60000000,2.942
1749258842,2.95700000,356.00000000,2.942
1749258842,2.95800000,133.60000000,2.942
1749258842,2.95900000,356.00000000,2.942
1749258842,2.96000000,89.50000000,2.942
1749258842,2.96100000,356.00000000,2.942
1749258842,2.96200000,259.00000000,2.942
1749258842,2.96300000,630.40000000,2.942
1749258842,2.96500000,261.40000000,2.942
1749258842,2.96600000,81.00000000,2.942
1749258842,2.96700000,364.80000000,2.942
1749258842,2.96800000,5.40000000,2.942
1749258842,2.96900000,356.00000000,2.942
1749258842,2.97000000,372.80000000,2.942
1749258842,2.97100000,184.10000000,2.942
1749258842,2.97200000,9.00000000,2.942
1749258842,2.97300000,745.90000000,2.942
1749258842,2.97400000,208.20000000,2.942
1749258842,2.97500000,284.10000000,2.942
1749258842,2.97600000,171.90000000,2.942
1749258842,2.97800000,84.70000000,2.942
1749258842,2.97900000,5.40000000,2.942
1749258842,2.98000000,792.20000000,2.942
1749258842,2.98100000,26.30000000,2.942
1749258842,2.98200000,16.20000000,2.942
1749258842,2.98300000,174.50000000,2.942
1749258842,2.98400000,154.70000000,2.942
1749258842,2.98500000,29.10000000,2.942
1749258842,2.98600000,384.10000000,2.942
1749258842,2.98700000,5.40000000,2.942
1749258842,2.98900000,2.80000000,2.942
1749258842,2.99000000,48.50000000,2.942
1749258842,2.99500000,8.50000000,2.942
1749258842,2.99900000,15.40000000,2.942
1749258842,3.00000000,789.00000000,2.942
1749258842,3.00200000,14.80000000,2.942
1749258842,3.01000000,1122.20000000,2.942
1749258842,3.01500000,18.60000000,2.942
1749258842,3.01600000,409.40000000,2.942
1749258842,3.02000000,40.00000000,2.942
1749258842,3.02100000,4.80000000,2.942
1749258842,3.02300000,4.90000000,2.942
1749258842,3.02400000,42.90000000,2.942
1749258842,3.03000000,40.00000000,2.942
1749258842,3.04000000,40.00000000,2.942
1749258842,3.04100000,338.50000000,2.942
1749258842,3.04600000,5.60000000,2.942
1749258842,3.05000000,40.00000000,2.942
1749258842,3.06000000,37.80000000,2.942
1749258842,3.06300000,5.30000000,2.942
1749258842,3.06400000,343.10000000,2.942
1749258842,3.06500000,25.60000000,2.942
1749258842,3.06600000,5.30000000,2.942
1749258842,3.06700000,1273.60000000,2.942
1749258842,3.06800000,5.30000000,2.942
1749258842,3.07000000,40.00000000,2.942
1749258842,3.07200000,5.20000000,2.942
1749258842,3.07300000,5.30000000,2.942
1749258842,3.07800000,5.30000000,2.942
1749258842,3.08000000,40.00000000,2.942
1749258842,3.08100000,3.50000000,2.942
1749258842,3.08700000,4.80000000,2.942
1749258842,3.09000000,40.00000000,2.942
1749258842,3.09900000,19.80000000,2.942
1749258842,3.10000000,61.30000000,2.942
1749258842,3.10100000,5.20000000,2.942
1749258842,3.10200000,10.40000000,2.942
1749258842,3.10800000,20.80000000,2.942
1749258842,3.10900000,10.40000000,2.942
1749258842,3.11000000,45.20000000,2.942
1749258842,3.11100000,10.40000000,2.942
1749258842,3.11200000,5.20000000,2.942
1749258842,3.11300000,5.20000000,2.942
1749258842,3.11400000,10.40000000,2.942
1749258842,3.11500000,5.20000000,2.942
1749258842,3.11600000,5.20000000,2.942
1749258842,3.11700000,15.60000000,2.942
1749258842,3.11900000,16.30000000,2.942
1749258842,3.12000000,40.00000000,2.942
1749258842,3.12100000,9.20000000,2.942
1749258842,3.12200000,10.40000000,2.942
1749258842,3.12300000,10.40000000,2.942
1749258842,3.12400000,26.00000000,2.942
1749258842,3.12800000,4.90000000,2.942
1749258842,3.12900000,5.20000000,2.942
1749258842,3.13000000,40.00000000,2.942
1749259148,2.94000000,16.30000000,2.94
1749259148,2.94100000,1.80000000,2.94
1749259148,2.94200000,137.70000000,2.94
1749259148,2.94300000,280.10000000,2.94
1749259148,2.94400000,273.10000000,2.94
1749259148,2.94500000,503.20000000,2.94
1749259148,2.94600000,1059.40000000,2.94
1749259148,2.94700000,1504.20000000,2.94
1749259148,2.94800000,994.80000000,2.94
1749259148,2.94900000,711.20000000,2.94
1749259148,2.95000000,655.00000000,2.94
1749259148,2.95100000,762.00000000,2.94
1749259148,2.95200000,97.50000000,2.94
1749259148,2.95300000,356.00000000,2.94
1749259148,2.95400000,81.00000000,2.94
1749259148,2.95500000,1323.60000000,2.94
1749259148,2.95600000,666.90000000,2.94
1749259148,2.95700000,356.00000000,2.94
1749259148,2.95800000,133.60000000,2.94
1749259148,2.95900000,356.00000000,2.94
1749259148,2.96000000,89.50000000,2.94
1749259148,2.96100000,356.00000000,2.94
1749259148,2.96200000,259.00000000,2.94
1749259148,2.96300000,630.40000000,2.94
1749259148,2.96400000,246.30000000,2.94
1749259148,2.96500000,261.40000000,2.94
1749259148,2.96600000,81.00000000,2.94
1749259148,2.96700000,364.80000000,2.94
1749259148,2.96800000,172.10000000,2.94
1749259148,2.96900000,356.00000000,2.94
1749259148,2.97000000,126.50000000,2.94
1749259148,2.97100000,103.10000000,2.94
1749259148,2.97200000,9.00000000,2.94
1749259148,2.97300000,664.90000000,2.94
1749259148,2.97400000,41.60000000,2.94
1749259148,2.97500000,203.10000000,2.94
1749259148,2.97600000,171.90000000,2.94
1749259148,2.97800000,84.70000000,2.94
1749259148,2.97900000,5.40000000,2.94
1749259148,2.98000000,792.20000000,2.94
1749259148,2.98100000,26.30000000,2.94
1749259148,2.98200000,16.20000000,2.94
1749259148,2.98300000,174.50000000,2.94
1749259148,2.98400000,154.70000000,2.94
1749259148,2.98500000,29.10000000,2.94
1749259148,2.98600000,384.10000000,2.94
1749259148,2.98700000,5.40000000,2.94
1749259148,2.98900000,2.80000000,2.94
1749259148,2.99000000,48.50000000,2.94
1749259148,2.99500000,8.50000000,2.94
1749259148,2.99900000,15.40000000,2.94
1749259148,3.00000000,789.00000000,2.94
1749259148,3.00200000,14.80000000,2.94
1749259148,3.01000000,44.80000000,2.94
1749259148,3.01100000,1077.70000000,2.94
1749259148,3.01500000,18.60000000,2.94
1749259148,3.01600000,409.40000000,2.94
1749259148,3.02000000,40.00000000,2.94
1749259148,3.02100000,4.80000000,2.94
1749259148,3.02300000,4.90000000,2.94
1749259148,3.02400000,42.90000000,2.94
1749259148,3.03000000,40.00000000,2.94
1749259148,3.04000000,40.00000000,2.94
1749259148,3.04100000,338.50000000,2.94
1749259148,3.04600000,5.60000000,2.94
1749259148,3.05000000,40.00000000,2.94
1749259148,3.06000000,37.80000000,2.94
1749259148,3.06300000,5.30000000,2.94
1749259148,3.06400000,343.10000000,2.94
1749259148,3.06500000,25.60000000,2.94
1749259148,3.06600000,5.30000000,2.94
1749259148,3.06700000,1273.60000000,2.94
1749259148,3.06800000,5.30000000,2.94
1749259148,3.07000000,40.00000000,2.94
1749259148,3.07200000,5.20000000,2.94
1749259148,3.07300000,5.30000000,2.94
1749259148,3.07800000,5.30000000,2.94
1749259148,3.08000000,40.00000000,2.94
1749259148,3.08100000,3.50000000,2.94
1749259148,3.08700000,4.80000000,2.94
1749259148,3.09000000,40.00000000,2.94
1749259148,3.09900000,19.80000000,2.94
1749259148,3.10000000,61.30000000,2.94
1749259148,3.10100000,5.20000000,2.94
1749259148,3.10200000,10.40000000,2.94
1749259148,3.10800000,20.80000000,2.94
1749259148,3.10900000,10.40000000,2.94
1749259148,3.11000000,45.20000000,2.94
1749259148,3.11100000,10.40000000,2.94
1749259148,3.11200000,5.20000000,2.94
1749259148,3.11300000,5.20000000,2.94
1749259148,3.11400000,10.40000000,2.94
1749259148,3.11500000,5.20000000,2.94
1749259148,3.11600000,5.20000000,2.94
1749259148,3.11700000,15.60000000,2.94
1749259148,3.11900000,16.30000000,2.94
1749259148,3.12000000,40.00000000,2.94
1749259148,3.12100000,9.20000000,2.94
1749259148,3.12200000,10.40000000,2.94
1749259148,3.12300000,10.40000000,2.94
