timestamp,price,volume,current_price
1749260862,2.94300000,43.50000000,2.941
1749260862,2.94400000,582.00000000,2.941
1749260862,2.94500000,1624.70000000,2.941
1749260862,2.94600000,1845.70000000,2.941
1749260862,2.94700000,1238.30000000,2.941
1749260862,2.94800000,395.20000000,2.941
1749260862,2.94900000,1129.70000000,2.941
1749260862,2.95000000,588.50000000,2.941
1749260862,2.95100000,440.40000000,2.941
1749260862,2.95200000,131.40000000,2.941
1749260862,2.95300000,356.00000000,2.941
1749260862,2.95400000,131.00000000,2.941
1749260862,2.95500000,356.00000000,2.941
1749260862,2.95600000,81.00000000,2.941
1749260862,2.95700000,356.00000000,2.941
1749260862,2.95800000,1222.70000000,2.941
1749260862,2.95900000,356.00000000,2.941
1749260862,2.96000000,81.00000000,2.941
1749260862,2.96100000,534.00000000,2.941
1749260862,2.96200000,166.90000000,2.941
1749260862,2.96300000,521.30000000,2.941
1749260862,2.96500000,1019.50000000,2.941
1749260862,2.96700000,364.80000000,2.941
1749260862,2.96800000,5.40000000,2.941
1749260862,2.96900000,353.00000000,2.941
1749260862,2.97000000,40.00000000,2.941
1749260862,2.97200000,9.00000000,2.941
1749260862,2.97300000,171.90000000,2.941
1749260862,2.97400000,41.60000000,2.941
1749260862,2.97500000,260.60000000,2.941
1749260862,2.97600000,171.90000000,2.941
1749260862,2.97800000,84.70000000,2.941
1749260862,2.97900000,5.40000000,2.941
1749260862,2.98000000,596.00000000,2.941
1749260862,2.98100000,593.30000000,2.941
1749260862,2.98200000,16.20000000,2.941
1749260862,2.98300000,5.40000000,2.941
1749260862,2.98400000,154.70000000,2.941
1749260862,2.98500000,20.60000000,2.941
1749260862,2.98600000,5.40000000,2.941
1749260862,2.98700000,5.40000000,2.941
1749260862,2.98900000,2.80000000,2.941
1749260862,2.99000000,40.00000000,2.941
1749260862,2.99700000,676.30000000,2.941
1749260862,2.99900000,15.40000000,2.941
1749260862,3.00000000,103.00000000,2.941
1749260862,3.00200000,14.80000000,2.941
1749260862,3.00800000,83.70000000,2.941
1749260862,3.01000000,44.80000000,2.941
1749260862,3.01100000,1077.70000000,2.941
1749260862,3.01600000,325.70000000,2.941
1749260862,3.02000000,40.00000000,2.941
1749260862,3.02100000,4.80000000,2.941
1749260862,3.02300000,4.90000000,2.941
1749260862,3.02400000,42.90000000,2.941
1749260862,3.03000000,40.00000000,2.941
1749260862,3.04000000,40.00000000,2.941
1749260862,3.04100000,338.50000000,2.941
1749260862,3.04600000,5.60000000,2.941
1749260862,3.05000000,40.00000000,2.941
1749260862,3.06000000,37.80000000,2.941
1749260862,3.06300000,24.00000000,2.941
1749260862,3.06400000,1583.00000000,2.941
1749260862,3.06500000,25.60000000,2.941
1749260862,3.06600000,5.30000000,2.941
1749260862,3.06700000,15.90000000,2.941
1749260862,3.06800000,5.30000000,2.941
1749260862,3.07000000,40.00000000,2.941
1749260862,3.07200000,5.20000000,2.941
1749260862,3.07300000,5.30000000,2.941
1749260862,3.07800000,5.30000000,2.941
1749260862,3.08000000,40.00000000,2.941
1749260862,3.08100000,3.50000000,2.941
1749260862,3.08700000,4.80000000,2.941
1749260862,3.09000000,40.00000000,2.941
1749260862,3.09900000,19.80000000,2.941
1749260862,3.10000000,61.30000000,2.941
1749260862,3.10100000,5.20000000,2.941
1749260862,3.10200000,10.40000000,2.941
1749260862,3.10800000,20.80000000,2.941
1749260862,3.10900000,10.40000000,2.941
1749260862,3.11000000,45.20000000,2.941
1749260862,3.11100000,10.40000000,2.941
1749260862,3.11200000,5.20000000,2.941
1749260862,3.11300000,5.20000000,2.941
1749260862,3.11400000,10.40000000,2.941
1749260862,3.11500000,5.20000000,2.941
1749260862,3.11600000,5.20000000,2.941
1749260862,3.11700000,15.60000000,2.941
1749260862,3.11900000,16.30000000,2.941
1749260862,3.12000000,40.00000000,2.941
1749260862,3.12100000,9.20000000,2.941
1749260862,3.12200000,10.40000000,2.941
1749260862,3.12300000,10.40000000,2.941
1749260862,3.12400000,26.00000000,2.941
1749260862,3.12800000,4.90000000,2.941
1749260862,3.12900000,5.20000000,2.941
1749260862,3.13000000,40.00000000,2.941
1749260862,3.13100000,10.30000000,2.941
1749260862,3.13200000,5.20000000,2.941
1749261189,2.94000000,81.00000000,2.941
1749261189,2.94100000,598.80000000,2.941
1749261189,2.94200000,524.00000000,2.941
1749261189,2.94300000,1200.90000000,2.941
1749261189,2.94400000,753.20000000,2.941
1749261189,2.94500000,745.20000000,2.941
1749261189,2.94600000,1322.80000000,2.941
1749261189,2.94700000,1101.40000000,2.941
1749261189,2.94800000,109.30000000,2.941
1749261189,2.94900000,1617.80000000,2.941
1749261189,2.95000000,524.30000000,2.941
1749261189,2.95100000,422.50000000,2.941
1749261189,2.95200000,131.40000000,2.941
1749261189,2.95300000,356.00000000,2.941
1749261189,2.95400000,81.00000000,2.941
1749261189,2.95500000,1315.20000000,2.941
1749261189,2.95600000,81.00000000,2.941
1749261189,2.95700000,356.00000000,2.941
1749261189,2.95800000,264.20000000,2.941
1749261189,2.95900000,356.00000000,2.941
1749261189,2.96000000,81.00000000,2.941
1749261189,2.96100000,534.00000000,2.941
1749261189,2.96200000,166.90000000,2.941
1749261189,2.96300000,521.30000000,2.941
1749261189,2.96500000,1019.50000000,2.941
1749261189,2.96600000,81.00000000,2.941
1749261189,2.96700000,364.80000000,2.941
1749261189,2.96800000,5.40000000,2.941
1749261189,2.96900000,434.00000000,2.941
1749261189,2.97000000,121.00000000,2.941
1749261189,2.97200000,9.00000000,2.941
1749261189,2.97300000,171.90000000,2.941
1749261189,2.97400000,41.60000000,2.941
1749261189,2.97500000,91.50000000,2.941
1749261189,2.97600000,171.90000000,2.941
1749261189,2.97800000,84.70000000,2.941
1749261189,2.97900000,5.40000000,2.941
1749261189,2.98000000,596.00000000,2.941
1749261189,2.98100000,593.30000000,2.941
1749261189,2.98200000,16.20000000,2.941
1749261189,2.98300000,174.50000000,2.941
1749261189,2.98400000,154.70000000,2.941
1749261189,2.98500000,20.60000000,2.941
1749261189,2.98600000,5.40000000,2.941
1749261189,2.98700000,5.40000000,2.941
1749261189,2.98900000,2.80000000,2.941
1749261189,2.99000000,40.00000000,2.941
1749261189,2.99700000,676.30000000,2.941
1749261189,2.99900000,15.40000000,2.941
1749261189,3.00000000,103.00000000,2.941
1749261189,3.00200000,14.80000000,2.941
1749261189,3.01000000,44.80000000,2.941
1749261189,3.01200000,1076.90000000,2.941
1749261189,3.01600000,409.40000000,2.941
1749261189,3.02000000,40.00000000,2.941
1749261189,3.02100000,4.80000000,2.941
1749261189,3.02300000,4.90000000,2.941
1749261189,3.02400000,42.90000000,2.941
1749261189,3.03000000,40.00000000,2.941
1749261189,3.04000000,40.00000000,2.941
1749261189,3.04100000,338.50000000,2.941
1749261189,3.04600000,5.60000000,2.941
1749261189,3.05000000,40.00000000,2.941
1749261189,3.06000000,37.80000000,2.941
1749261189,3.06300000,24.00000000,2.941
1749261189,3.06400000,1583.00000000,2.941
1749261189,3.06500000,25.60000000,2.941
1749261189,3.06600000,5.30000000,2.941
1749261189,3.06700000,15.90000000,2.941
1749261189,3.06800000,5.30000000,2.941
1749261189,3.07000000,40.00000000,2.941
1749261189,3.07200000,5.20000000,2.941
1749261189,3.07300000,5.30000000,2.941
1749261189,3.07800000,5.30000000,2.941
1749261189,3.08000000,40.00000000,2.941
1749261189,3.08100000,3.50000000,2.941
1749261189,3.08700000,4.80000000,2.941
1749261189,3.09000000,40.00000000,2.941
1749261189,3.09900000,19.80000000,2.941
1749261189,3.10000000,61.30000000,2.941
1749261189,3.10100000,5.20000000,2.941
1749261189,3.10200000,10.40000000,2.941
1749261189,3.10800000,20.80000000,2.941
1749261189,3.10900000,10.40000000,2.941
1749261189,3.11000000,45.20000000,2.941
1749261189,3.11100000,10.40000000,2.941
1749261189,3.11200000,5.20000000,2.941
1749261189,3.11300000,5.20000000,2.941
1749261189,3.11400000,10.40000000,2.941
1749261189,3.11500000,5.20000000,2.941
1749261189,3.11600000,5.20000000,2.941
1749261189,3.11700000,15.60000000,2.941
1749261189,3.11900000,16.30000000,2.941
1749261189,3.12000000,40.00000000,2.941
1749261189,3.12100000,9.20000000,2.941
1749261189,3.12200000,10.40000000,2.941
1749261189,3.12300000,10.40000000,2.941
1749261189,3.12400000,26.00000000,2.941
1749261189,3.12800000,4.90000000,2.941
1749261189,3.12900000,5.20000000,2.941
1749261503,2.94000000,27.20000000,2.941
1749261503,2.94100000,589.90000000,2.941
1749261503,2.94200000,551.40000000,2.941
1749261503,2.94300000,1139.40000000,2.941
1749261503,2.94400000,927.60000000,2.941
1749261503,2.94500000,1706.50000000,2.941
1749261503,2.94600000,1839.80000000,2.941
1749261503,2.94700000,814.00000000,2.941
1749261503,2.94800000,109.30000000,2.941
1749261503,2.94900000,490.80000000,2.941
1749261503,2.95000000,505.90000000,2.941
1749261503,2.95100000,372.50000000,2.941
1749261503,2.95200000,97.50000000,2.941
1749261503,2.95300000,1315.90000000,2.941
1749261503,2.95400000,81.00000000,2.941
1749261503,2.95500000,356.00000000,2.941
1749261503,2.95600000,81.00000000,2.941
1749261503,2.95700000,356.00000000,2.941
1749261503,2.95800000,264.20000000,2.941
1749261503,2.95900000,356.00000000,2.941
1749261503,2.96000000,351.20000000,2.941
1749261503,2.96100000,534.00000000,2.941
1749261503,2.96200000,166.90000000,2.941
1749261503,2.96300000,521.30000000,2.941
1749261503,2.96500000,745.90000000,2.941
1749261503,2.96600000,81.00000000,2.941
1749261503,2.96700000,364.80000000,2.941
1749261503,2.96800000,5.40000000,2.941
1749261503,2.96900000,434.00000000,2.941
1749261503,2.97000000,121.00000000,2.941
1749261503,2.97200000,9.00000000,2.941
1749261503,2.97300000,252.90000000,2.941
1749261503,2.97400000,41.60000000,2.941
1749261503,2.97500000,91.50000000,2.941
1749261503,2.97600000,171.90000000,2.941
1749261503,2.97800000,84.70000000,2.941
1749261503,2.97900000,5.40000000,2.941
1749261503,2.98000000,596.00000000,2.941
1749261503,2.98100000,593.30000000,2.941
1749261503,2.98200000,16.20000000,2.941
1749261503,2.98300000,174.50000000,2.941
1749261503,2.98400000,154.70000000,2.941
1749261503,2.98500000,20.60000000,2.941
1749261503,2.98600000,5.40000000,2.941
1749261503,2.98700000,5.40000000,2.941
1749261503,2.98900000,2.80000000,2.941
1749261503,2.99000000,40.00000000,2.941
1749261503,2.99700000,676.30000000,2.941
1749261503,2.99900000,15.40000000,2.941
1749261503,3.00000000,103.00000000,2.941
1749261503,3.00200000,14.80000000,2.941
1749261503,3.01000000,44.80000000,2.941
1749261503,3.01200000,1076.90000000,2.941
1749261503,3.01600000,409.40000000,2.941
1749261503,3.02000000,40.00000000,2.941
1749261503,3.02100000,4.80000000,2.941
1749261503,3.02300000,4.90000000,2.941
1749261503,3.02400000,42.90000000,2.941
1749261503,3.03000000,40.00000000,2.941
1749261503,3.04000000,40.00000000,2.941
1749261503,3.04100000,338.50000000,2.941
1749261503,3.04600000,5.60000000,2.941
1749261503,3.05000000,40.00000000,2.941
1749261503,3.06000000,37.80000000,2.941
1749261503,3.06300000,24.00000000,2.941
1749261503,3.06400000,1583.00000000,2.941
1749261503,3.06500000,25.60000000,2.941
1749261503,3.06600000,5.30000000,2.941
1749261503,3.06700000,15.90000000,2.941
1749261503,3.06800000,5.30000000,2.941
1749261503,3.07000000,40.00000000,2.941
1749261503,3.07200000,5.20000000,2.941
1749261503,3.07300000,5.30000000,2.941
1749261503,3.07800000,5.30000000,2.941
1749261503,3.08000000,40.00000000,2.941
1749261503,3.08100000,3.50000000,2.941
1749261503,3.08700000,4.80000000,2.941
1749261503,3.09000000,40.00000000,2.941
1749261503,3.09900000,19.80000000,2.941
1749261503,3.10000000,61.30000000,2.941
1749261503,3.10100000,5.20000000,2.941
1749261503,3.10200000,10.40000000,2.941
1749261503,3.10800000,20.80000000,2.941
1749261503,3.10900000,10.40000000,2.941
1749261503,3.11000000,45.20000000,2.941
1749261503,3.11100000,10.40000000,2.941
1749261503,3.11200000,5.20000000,2.941
1749261503,3.11300000,5.20000000,2.941
1749261503,3.11400000,10.40000000,2.941
1749261503,3.11500000,5.20000000,2.941
1749261503,3.11600000,5.20000000,2.941
1749261503,3.11700000,15.60000000,2.941
1749261503,3.11900000,16.30000000,2.941
1749261503,3.12000000,40.00000000,2.941
1749261503,3.12100000,9.20000000,2.941
1749261503,3.12200000,10.40000000,2.941
1749261503,3.12300000,10.40000000,2.941
1749261503,3.12400000,26.00000000,2.941
1749261503,3.12800000,4.90000000,2.941
1749261503,3.12900000,5.20000000,2.941
1749261814,2.94200000,43.50000000,2.94
1749261814,2.94300000,749.70000000,2.94
1749261814,2.94400000,1078.00000000,2.94
1749261814,2.94500000,820.10000000,2.94
1749261814,2.94600000,549.60000000,2.94
1749261814,2.94700000,829.70000000,2.94
1749261814,2.94800000,1314.10000000,2.94
1749261814,2.94900000,550.00000000,2.94
1749261814,2.95000000,656.20000000,2.94
1749261814,2.95100000,972.50000000,2.94
1749261814,2.95200000,147.50000000,2.94
1749261814,2.95300000,389.90000000,2.94
1749261814,2.95400000,81.00000000,2.94
1749261814,2.95500000,356.00000000,2.94
1749261814,2.95600000,81.00000000,2.94
1749261814,2.95700000,1314.80000000,2.94
1749261814,2.95800000,264.20000000,2.94
1749261814,2.95900000,356.00000000,2.94
1749261814,2.96000000,246.30000000,2.94
1749261814,2.96100000,534.00000000,2.94
1749261814,2.96200000,166.90000000,2.94
1749261814,2.96300000,356.00000000,2.94
1749261814,2.96500000,1016.90000000,2.94
1749261814,2.96600000,81.00000000,2.94
1749261814,2.96700000,364.80000000,2.94
1749261814,2.96800000,5.40000000,2.94
1749261814,2.96900000,434.00000000,2.94
1749261814,2.97000000,121.00000000,2.94
1749261814,2.97200000,9.00000000,2.94
1749261814,2.97300000,171.90000000,2.94
1749261814,2.97400000,41.60000000,2.94
1749261814,2.97500000,91.50000000,2.94
1749261814,2.97600000,171.90000000,2.94
1749261814,2.97800000,84.70000000,2.94
1749261814,2.97900000,5.40000000,2.94
1749261814,2.98000000,596.00000000,2.94
1749261814,2.98100000,593.30000000,2.94
1749261814,2.98200000,16.20000000,2.94
1749261814,2.98300000,174.50000000,2.94
1749261814,2.98400000,154.70000000,2.94
1749261814,2.98500000,20.60000000,2.94
1749261814,2.98600000,5.40000000,2.94
1749261814,2.98700000,5.40000000,2.94
1749261814,2.98900000,2.80000000,2.94
1749261814,2.99000000,40.00000000,2.94
1749261814,2.99700000,676.30000000,2.94
1749261814,2.99900000,15.40000000,2.94
1749261814,3.00000000,103.00000000,2.94
1749261814,3.00200000,14.80000000,2.94
1749261814,3.01000000,44.80000000,2.94
1749261814,3.01200000,1076.90000000,2.94
1749261814,3.01600000,409.40000000,2.94
1749261814,3.02000000,40.00000000,2.94
1749261814,3.02100000,4.80000000,2.94
1749261814,3.02300000,4.90000000,2.94
1749261814,3.02400000,42.90000000,2.94
1749261814,3.03000000,40.00000000,2.94
1749261814,3.04000000,40.00000000,2.94
1749261814,3.04100000,338.50000000,2.94
1749261814,3.04600000,5.60000000,2.94
1749261814,3.05000000,40.00000000,2.94
1749261814,3.06000000,37.80000000,2.94
1749261814,3.06300000,24.00000000,2.94
1749261814,3.06400000,1583.00000000,2.94
1749261814,3.06500000,25.60000000,2.94
1749261814,3.06600000,5.30000000,2.94
1749261814,3.06700000,15.90000000,2.94
1749261814,3.06800000,5.30000000,2.94
1749261814,3.07000000,40.00000000,2.94
1749261814,3.07200000,5.20000000,2.94
1749261814,3.07300000,5.30000000,2.94
1749261814,3.07800000,5.30000000,2.94
1749261814,3.08000000,40.00000000,2.94
1749261814,3.08100000,3.50000000,2.94
1749261814,3.08700000,4.80000000,2.94
1749261814,3.09000000,40.00000000,2.94
1749261814,3.09900000,19.80000000,2.94
1749261814,3.10000000,61.30000000,2.94
1749261814,3.10100000,5.20000000,2.94
1749261814,3.10200000,10.40000000,2.94
1749261814,3.10800000,20.80000000,2.94
1749261814,3.10900000,10.40000000,2.94
1749261814,3.11000000,45.20000000,2.94
1749261814,3.11100000,10.40000000,2.94
1749261814,3.11200000,5.20000000,2.94
1749261814,3.11300000,5.20000000,2.94
1749261814,3.11400000,10.40000000,2.94
1749261814,3.11500000,5.20000000,2.94
1749261814,3.11600000,5.20000000,2.94
1749261814,3.11700000,15.60000000,2.94
1749261814,3.11900000,16.30000000,2.94
1749261814,3.12000000,40.00000000,2.94
1749261814,3.12100000,9.20000000,2.94
1749261814,3.12200000,10.40000000,2.94
1749261814,3.12300000,10.40000000,2.94
1749261814,3.12400000,26.00000000,2.94
1749261814,3.12800000,4.90000000,2.94
1749261814,3.12900000,5.20000000,2.94
1749261814,3.13000000,40.00000000,2.94
1749261814,3.13100000,10.30000000,2.94
1749262116,2.94200000,81.00000000,2.942
1749262116,2.94300000,733.50000000,2.942
1749262116,2.94400000,1235.20000000,2.942
1749262116,2.94500000,1107.80000000,2.942
1749262116,2.94600000,696.80000000,2.942
1749262116,2.94700000,962.90000000,2.942
1749262116,2.94800000,738.30000000,2.942
1749262116,2.94900000,353.10000000,2.942
1749262116,2.95000000,812.30000000,2.942
1749262116,2.95100000,2338.10000000,2.942
1749262116,2.95200000,97.50000000,2.942
1749262116,2.95300000,439.90000000,2.942
1749262116,2.95400000,81.00000000,2.942
1749262116,2.95500000,356.00000000,2.942
1749262116,2.95600000,81.00000000,2.942
1749262116,2.95700000,356.00000000,2.942
1749262116,2.95800000,264.20000000,2.942
1749262116,2.95900000,521.30000000,2.942
1749262116,2.96000000,81.00000000,2.942
1749262116,2.96100000,534.00000000,2.942
1749262116,2.96200000,166.90000000,2.942
1749262116,2.96300000,356.00000000,2.942
1749262116,2.96500000,1016.90000000,2.942
1749262116,2.96600000,81.00000000,2.942
1749262116,2.96700000,364.80000000,2.942
1749262116,2.96800000,5.40000000,2.942
1749262116,2.96900000,434.00000000,2.942
1749262116,2.97000000,40.00000000,2.942
1749262116,2.97200000,9.00000000,2.942
1749262116,2.97300000,171.90000000,2.942
1749262116,2.97400000,41.60000000,2.942
1749262116,2.97500000,91.50000000,2.942
1749262116,2.97600000,171.90000000,2.942
1749262116,2.97800000,84.70000000,2.942
1749262116,2.97900000,5.40000000,2.942
1749262116,2.98000000,596.00000000,2.942
1749262116,2.98100000,577.80000000,2.942
1749262116,2.98200000,16.20000000,2.942
1749262116,2.98300000,174.50000000,2.942
1749262116,2.98400000,154.70000000,2.942
1749262116,2.98500000,20.60000000,2.942
1749262116,2.98600000,5.40000000,2.942
1749262116,2.98700000,5.40000000,2.942
1749262116,2.98900000,18.30000000,2.942
1749262116,2.99000000,40.00000000,2.942
1749262116,2.99700000,676.30000000,2.942
1749262116,2.99900000,15.40000000,2.942
1749262116,3.00000000,103.00000000,2.942
1749262116,3.00200000,14.80000000,2.942
1749262116,3.01000000,44.80000000,2.942
1749262116,3.01600000,409.40000000,2.942
1749262116,3.01900000,1076.70000000,2.942
1749262116,3.02000000,40.00000000,2.942
1749262116,3.02100000,4.80000000,2.942
1749262116,3.02300000,4.90000000,2.942
1749262116,3.02400000,42.90000000,2.942
1749262116,3.03000000,40.00000000,2.942
1749262116,3.04000000,40.00000000,2.942
1749262116,3.04100000,338.50000000,2.942
1749262116,3.04600000,5.60000000,2.942
1749262116,3.05000000,40.00000000,2.942
1749262116,3.06000000,37.80000000,2.942
1749262116,3.06300000,24.00000000,2.942
1749262116,3.06400000,1583.00000000,2.942
1749262116,3.06500000,25.60000000,2.942
1749262116,3.06600000,5.30000000,2.942
1749262116,3.06700000,15.90000000,2.942
1749262116,3.06800000,5.30000000,2.942
1749262116,3.07000000,40.00000000,2.942
1749262116,3.07200000,5.20000000,2.942
1749262116,3.07300000,5.30000000,2.942
1749262116,3.07800000,5.30000000,2.942
1749262116,3.08000000,40.00000000,2.942
1749262116,3.08100000,3.50000000,2.942
1749262116,3.08700000,4.80000000,2.942
1749262116,3.09000000,40.00000000,2.942
1749262116,3.09900000,19.80000000,2.942
1749262116,3.10000000,61.30000000,2.942
1749262116,3.10100000,5.20000000,2.942
1749262116,3.10200000,10.40000000,2.942
1749262116,3.10800000,20.80000000,2.942
1749262116,3.10900000,10.40000000,2.942
1749262116,3.11000000,45.20000000,2.942
1749262116,3.11100000,10.40000000,2.942
1749262116,3.11200000,5.20000000,2.942
1749262116,3.11300000,5.20000000,2.942
1749262116,3.11400000,10.40000000,2.942
1749262116,3.11500000,5.20000000,2.942
1749262116,3.11600000,5.20000000,2.942
1749262116,3.11700000,15.60000000,2.942
1749262116,3.11900000,16.30000000,2.942
1749262116,3.12000000,40.00000000,2.942
1749262116,3.12100000,9.20000000,2.942
1749262116,3.12200000,10.40000000,2.942
1749262116,3.12300000,10.40000000,2.942
1749262116,3.12400000,26.00000000,2.942
1749262116,3.12800000,4.90000000,2.942
1749262116,3.12900000,5.20000000,2.942
1749262116,3.13000000,40.00000000,2.942
1749262116,3.13100000,10.30000000,2.942
1749262417,2.94200000,18.20000000,2.94
1749262417,2.94300000,386.20000000,2.94
1749262417,2.94400000,897.30000000,2.94
1749262417,2.94500000,1778.90000000,2.94
1749262417,2.94600000,911.00000000,2.94
1749262417,2.94700000,1341.90000000,2.94
1749262417,2.94800000,548.40000000,2.94
1749262417,2.94900000,353.10000000,2.94
1749262417,2.95000000,848.20000000,2.94
1749262417,2.95100000,741.60000000,2.94
1749262417,2.95200000,97.50000000,2.94
1749262417,2.95300000,1399.80000000,2.94
1749262417,2.95400000,81.00000000,2.94
1749262417,2.95500000,356.00000000,2.94
1749262417,2.95600000,81.00000000,2.94
1749262417,2.95700000,356.00000000,2.94
1749262417,2.95800000,264.20000000,2.94
1749262417,2.95900000,356.00000000,2.94
1749262417,2.96000000,81.00000000,2.94
1749262417,2.96100000,534.00000000,2.94
1749262417,2.96200000,332.20000000,2.94
1749262417,2.96300000,356.00000000,2.94
1749262417,2.96500000,1016.90000000,2.94
1749262417,2.96600000,81.00000000,2.94
1749262417,2.96700000,364.80000000,2.94
1749262417,2.96800000,5.40000000,2.94
1749262417,2.96900000,434.00000000,2.94
1749262417,2.97000000,40.00000000,2.94
1749262417,2.97200000,9.00000000,2.94
1749262417,2.97300000,171.90000000,2.94
1749262417,2.97400000,41.60000000,2.94
1749262417,2.97500000,91.50000000,2.94
1749262417,2.97600000,171.90000000,2.94
1749262417,2.97800000,84.70000000,2.94
1749262417,2.97900000,5.40000000,2.94
1749262417,2.98000000,596.00000000,2.94
1749262417,2.98100000,577.80000000,2.94
1749262417,2.98200000,16.20000000,2.94
1749262417,2.98300000,174.50000000,2.94
1749262417,2.98400000,154.70000000,2.94
1749262417,2.98500000,20.60000000,2.94
1749262417,2.98600000,5.40000000,2.94
1749262417,2.98700000,5.40000000,2.94
1749262417,2.98900000,18.30000000,2.94
1749262417,2.99000000,40.00000000,2.94
1749262417,2.99700000,676.30000000,2.94
1749262417,2.99900000,15.40000000,2.94
1749262417,3.00000000,103.00000000,2.94
1749262417,3.00200000,14.80000000,2.94
1749262417,3.01000000,44.80000000,2.94
1749262417,3.01600000,409.40000000,2.94
1749262417,3.01800000,18.60000000,2.94
1749262417,3.01900000,1076.70000000,2.94
1749262417,3.02000000,40.00000000,2.94
1749262417,3.02100000,4.80000000,2.94
1749262417,3.02300000,4.90000000,2.94
1749262417,3.02400000,42.90000000,2.94
1749262417,3.03000000,40.00000000,2.94
1749262417,3.04000000,40.00000000,2.94
1749262417,3.04100000,338.50000000,2.94
1749262417,3.04600000,5.60000000,2.94
1749262417,3.05000000,40.00000000,2.94
1749262417,3.06000000,37.80000000,2.94
1749262417,3.06300000,5.30000000,2.94
1749262417,3.06400000,1583.00000000,2.94
1749262417,3.06500000,25.60000000,2.94
1749262417,3.06600000,5.30000000,2.94
1749262417,3.06700000,15.90000000,2.94
1749262417,3.06800000,5.30000000,2.94
1749262417,3.07000000,40.00000000,2.94
1749262417,3.07200000,5.20000000,2.94
1749262417,3.07300000,5.30000000,2.94
1749262417,3.07800000,5.30000000,2.94
1749262417,3.08000000,40.00000000,2.94
1749262417,3.08100000,3.50000000,2.94
1749262417,3.08700000,4.80000000,2.94
1749262417,3.09000000,40.00000000,2.94
1749262417,3.09900000,19.80000000,2.94
1749262417,3.10000000,61.30000000,2.94
1749262417,3.10100000,5.20000000,2.94
1749262417,3.10200000,10.40000000,2.94
1749262417,3.10800000,20.80000000,2.94
1749262417,3.10900000,10.40000000,2.94
1749262417,3.11000000,45.20000000,2.94
1749262417,3.11100000,10.40000000,2.94
1749262417,3.11200000,5.20000000,2.94
1749262417,3.11300000,5.20000000,2.94
1749262417,3.11400000,10.40000000,2.94
1749262417,3.11500000,5.20000000,2.94
1749262417,3.11600000,5.20000000,2.94
1749262417,3.11700000,15.60000000,2.94
1749262417,3.11900000,16.30000000,2.94
1749262417,3.12000000,40.00000000,2.94
1749262417,3.12100000,9.20000000,2.94
1749262417,3.12200000,10.40000000,2.94
1749262417,3.12300000,10.40000000,2.94
1749262417,3.12400000,26.00000000,2.94
1749262417,3.12800000,4.90000000,2.94
1749262417,3.12900000,5.20000000,2.94
1749262417,3.13000000,40.00000000,2.94
1749262723,2.94200000,92.00000000,2.941
1749262723,2.94300000,171.10000000,2.941
1749262723,2.94400000,950.20000000,2.941
1749262723,2.94500000,893.50000000,2.941
1749262723,2.94600000,1225.90000000,2.941
1749262723,2.94700000,1064.90000000,2.941
1749262723,2.94800000,888.60000000,2.941
1749262723,2.94900000,749.90000000,2.941
1749262723,2.95000000,818.40000000,2.941
1749262723,2.95100000,809.50000000,2.941
1749262723,2.95200000,97.50000000,2.941
1749262723,2.95300000,439.90000000,2.941
1749262723,2.95400000,81.00000000,2.941
1749262723,2.95500000,356.00000000,2.941
1749262723,2.95600000,81.00000000,2.941
1749262723,2.95700000,1314.70000000,2.941
1749262723,2.95800000,264.20000000,2.941
1749262723,2.95900000,356.00000000,2.941
1749262723,2.96000000,81.00000000,2.941
1749262723,2.96100000,534.00000000,2.941
1749262723,2.96200000,246.30000000,2.941
1749262723,2.96300000,356.00000000,2.941
1749262723,2.96500000,1016.90000000,2.941
1749262723,2.96600000,81.00000000,2.941
1749262723,2.96700000,364.80000000,2.941
1749262723,2.96800000,5.40000000,2.941
1749262723,2.96900000,519.70000000,2.941
1749262723,2.97000000,121.00000000,2.941
1749262723,2.97200000,9.00000000,2.941
1749262723,2.97300000,252.90000000,2.941
1749262723,2.97400000,41.60000000,2.941
1749262723,2.97500000,91.50000000,2.941
1749262723,2.97600000,171.90000000,2.941
1749262723,2.97800000,84.70000000,2.941
1749262723,2.97900000,5.40000000,2.941
1749262723,2.98000000,596.00000000,2.941
1749262723,2.98100000,577.80000000,2.941
1749262723,2.98200000,16.20000000,2.941
1749262723,2.98300000,174.50000000,2.941
1749262723,2.98400000,154.70000000,2.941
1749262723,2.98500000,20.60000000,2.941
1749262723,2.98600000,5.40000000,2.941
1749262723,2.98700000,5.40000000,2.941
1749262723,2.98900000,18.30000000,2.941
1749262723,2.99000000,40.00000000,2.941
1749262723,2.99700000,676.30000000,2.941
1749262723,2.99900000,15.40000000,2.941
1749262723,3.00000000,103.00000000,2.941
1749262723,3.00200000,14.80000000,2.941
1749262723,3.01000000,44.80000000,2.941
1749262723,3.01600000,409.40000000,2.941
1749262723,3.01900000,1076.70000000,2.941
1749262723,3.02000000,40.00000000,2.941
1749262723,3.02100000,4.80000000,2.941
1749262723,3.02300000,4.90000000,2.941
1749262723,3.02400000,42.90000000,2.941
1749262723,3.03000000,40.00000000,2.941
1749262723,3.04000000,40.00000000,2.941
1749262723,3.04100000,338.50000000,2.941
1749262723,3.04600000,5.60000000,2.941
1749262723,3.05000000,40.00000000,2.941
1749262723,3.06000000,37.80000000,2.941
1749262723,3.06300000,24.00000000,2.941
1749262723,3.06400000,1583.00000000,2.941
1749262723,3.06500000,25.60000000,2.941
1749262723,3.06600000,5.30000000,2.941
1749262723,3.06700000,15.90000000,2.941
1749262723,3.06800000,5.30000000,2.941
1749262723,3.07000000,40.00000000,2.941
1749262723,3.07200000,5.20000000,2.941
1749262723,3.07300000,5.30000000,2.941
1749262723,3.07800000,5.30000000,2.941
1749262723,3.08000000,40.00000000,2.941
1749262723,3.08100000,3.50000000,2.941
1749262723,3.08700000,4.80000000,2.941
1749262723,3.09000000,40.00000000,2.941
1749262723,3.09900000,19.80000000,2.941
1749262723,3.10000000,61.30000000,2.941
1749262723,3.10100000,5.20000000,2.941
1749262723,3.10200000,10.40000000,2.941
1749262723,3.10800000,20.80000000,2.941
1749262723,3.10900000,10.40000000,2.941
1749262723,3.11000000,45.20000000,2.941
1749262723,3.11100000,10.40000000,2.941
1749262723,3.11200000,5.20000000,2.941
1749262723,3.11300000,5.20000000,2.941
1749262723,3.11400000,10.40000000,2.941
1749262723,3.11500000,5.20000000,2.941
1749262723,3.11600000,5.20000000,2.941
1749262723,3.11700000,15.60000000,2.941
1749262723,3.11900000,16.30000000,2.941
1749262723,3.12000000,40.00000000,2.941
1749262723,3.12100000,9.20000000,2.941
1749262723,3.12200000,10.40000000,2.941
1749262723,3.12300000,10.40000000,2.941
1749262723,3.12400000,26.00000000,2.941
1749262723,3.12800000,4.90000000,2.941
1749262723,3.12900000,5.20000000,2.941
1749262723,3.13000000,40.00000000,2.941
1749262723,3.13100000,10.30000000,2.941
1749263032,2.94300000,81.00000000,2.942
1749263032,2.94400000,356.90000000,2.942
1749263032,2.94500000,794.50000000,2.942
1749263032,2.94600000,1248.30000000,2.942
1749263032,2.94700000,1423.20000000,2.942
1749263032,2.94800000,1036.90000000,2.942
1749263032,2.94900000,587.80000000,2.942
1749263032,2.95000000,1387.80000000,2.942
1749263032,2.95100000,741.60000000,2.942
1749263032,2.95200000,201.20000000,2.942
1749263032,2.95300000,389.90000000,2.942
1749263032,2.95400000,1090.70000000,2.942
1749263032,2.95500000,356.00000000,2.942
1749263032,2.95600000,81.00000000,2.942
1749263032,2.95700000,356.00000000,2.942
1749263032,2.95800000,264.20000000,2.942
1749263032,2.95900000,356.00000000,2.942
1749263032,2.96000000,81.00000000,2.942
1749263032,2.96100000,534.00000000,2.942
1749263032,2.96200000,246.30000000,2.942
1749263032,2.96300000,441.90000000,2.942
1749263032,2.96400000,351.40000000,2.942
1749263032,2.96500000,745.90000000,2.942
1749263032,2.96600000,81.00000000,2.942
1749263032,2.96700000,364.80000000,2.942
1749263032,2.96800000,5.40000000,2.942
1749263032,2.96900000,434.00000000,2.942
1749263032,2.97000000,121.00000000,2.942
1749263032,2.97200000,9.00000000,2.942
1749263032,2.97300000,171.90000000,2.942
1749263032,2.97400000,41.60000000,2.942
1749263032,2.97500000,91.50000000,2.942
1749263032,2.97600000,171.90000000,2.942
1749263032,2.97800000,84.70000000,2.942
1749263032,2.97900000,5.40000000,2.942
1749263032,2.98000000,596.00000000,2.942
1749263032,2.98100000,577.80000000,2.942
1749263032,2.98200000,16.20000000,2.942
1749263032,2.98300000,174.50000000,2.942
1749263032,2.98400000,154.70000000,2.942
1749263032,2.98500000,20.60000000,2.942
1749263032,2.98600000,5.40000000,2.942
1749263032,2.98700000,5.40000000,2.942
1749263032,2.98900000,18.30000000,2.942
1749263032,2.99000000,40.00000000,2.942
1749263032,2.99900000,15.40000000,2.942
1749263032,3.00000000,103.00000000,2.942
1749263032,3.00100000,676.00000000,2.942
1749263032,3.00200000,14.80000000,2.942
1749263032,3.01000000,44.80000000,2.942
1749263032,3.01600000,409.40000000,2.942
1749263032,3.01900000,1076.70000000,2.942
1749263032,3.02000000,40.00000000,2.942
1749263032,3.02100000,4.80000000,2.942
1749263032,3.02300000,4.90000000,2.942
1749263032,3.02400000,42.90000000,2.942
1749263032,3.03000000,40.00000000,2.942
1749263032,3.04000000,40.00000000,2.942
1749263032,3.04100000,338.50000000,2.942
1749263032,3.04600000,5.60000000,2.942
1749263032,3.05000000,40.00000000,2.942
1749263032,3.06000000,37.80000000,2.942
1749263032,3.06300000,24.00000000,2.942
1749263032,3.06400000,343.10000000,2.942
1749263032,3.06500000,25.60000000,2.942
1749263032,3.06600000,5.30000000,2.942
1749263032,3.06700000,15.90000000,2.942
1749263032,3.06800000,1244.60000000,2.942
1749263032,3.07000000,40.00000000,2.942
1749263032,3.07200000,5.20000000,2.942
1749263032,3.07300000,5.30000000,2.942
1749263032,3.07800000,5.30000000,2.942
1749263032,3.08000000,40.00000000,2.942
1749263032,3.08100000,3.50000000,2.942
1749263032,3.08700000,4.80000000,2.942
1749263032,3.09000000,40.00000000,2.942
1749263032,3.09900000,19.80000000,2.942
1749263032,3.10000000,61.30000000,2.942
1749263032,3.10100000,5.20000000,2.942
1749263032,3.10200000,10.40000000,2.942
1749263032,3.10800000,20.80000000,2.942
1749263032,3.10900000,10.40000000,2.942
1749263032,3.11000000,45.20000000,2.942
1749263032,3.11100000,10.40000000,2.942
1749263032,3.11200000,5.20000000,2.942
1749263032,3.11300000,5.20000000,2.942
1749263032,3.11400000,10.40000000,2.942
1749263032,3.11500000,5.20000000,2.942
1749263032,3.11600000,5.20000000,2.942
1749263032,3.11700000,15.60000000,2.942
1749263032,3.11900000,16.30000000,2.942
1749263032,3.12000000,40.00000000,2.942
1749263032,3.12100000,9.20000000,2.942
1749263032,3.12200000,10.40000000,2.942
1749263032,3.12300000,10.40000000,2.942
1749263032,3.12400000,26.00000000,2.942
1749263032,3.12800000,4.90000000,2.942
1749263032,3.12900000,5.20000000,2.942
1749263032,3.13000000,40.00000000,2.942
1749263032,3.13100000,10.30000000,2.942
1749263340,2.94700000,538.70000000,2.947
1749263340,2.94800000,718.30000000,2.947
1749263340,2.94900000,777.50000000,2.947
1749263340,2.95000000,1490.20000000,2.947
1749263340,2.95100000,1694.50000000,2.947
1749263340,2.95200000,745.70000000,2.947
1749263340,2.95300000,1519.00000000,2.947
1749263340,2.95400000,116.90000000,2.947
1749263340,2.95500000,457.70000000,2.947
1749263340,2.95600000,149.40000000,2.947
1749263340,2.95700000,356.00000000,2.947
1749263340,2.95800000,1039.80000000,2.947
1749263340,2.95900000,356.00000000,2.947
1749263340,2.96000000,81.00000000,2.947
1749263340,2.96100000,534.00000000,2.947
1749263340,2.96200000,81.00000000,2.947
1749263340,2.96300000,539.20000000,2.947
1749263340,2.96400000,81.00000000,2.947
1749263340,2.96500000,911.20000000,2.947
1749263340,2.96600000,81.00000000,2.947
1749263340,2.96700000,364.80000000,2.947
1749263340,2.96800000,5.40000000,2.947
1749263340,2.96900000,793.10000000,2.947
1749263340,2.97000000,121.00000000,2.947
1749263340,2.97200000,9.00000000,2.947
1749263340,2.97300000,252.90000000,2.947
1749263340,2.97400000,122.60000000,2.947
1749263340,2.97500000,172.50000000,2.947
1749263340,2.97600000,171.90000000,2.947
1749263340,2.97800000,84.70000000,2.947
1749263340,2.97900000,5.40000000,2.947
1749263340,2.98000000,596.00000000,2.947
1749263340,2.98100000,577.80000000,2.947
1749263340,2.98200000,16.20000000,2.947
1749263340,2.98300000,174.50000000,2.947
1749263340,2.98400000,154.70000000,2.947
1749263340,2.98500000,20.60000000,2.947
1749263340,2.98600000,5.40000000,2.947
1749263340,2.98700000,5.40000000,2.947
1749263340,2.98900000,18.30000000,2.947
1749263340,2.99000000,40.00000000,2.947
1749263340,2.99900000,15.40000000,2.947
1749263340,3.00000000,103.00000000,2.947
1749263340,3.00100000,676.00000000,2.947
1749263340,3.00200000,14.80000000,2.947
1749263340,3.01000000,44.80000000,2.947
1749263340,3.01600000,409.40000000,2.947
1749263340,3.01900000,1076.70000000,2.947
1749263340,3.02000000,40.00000000,2.947
1749263340,3.02100000,4.80000000,2.947
1749263340,3.02300000,4.90000000,2.947
1749263340,3.02400000,42.90000000,2.947
1749263340,3.03000000,40.00000000,2.947
1749263340,3.04000000,40.00000000,2.947
1749263340,3.04100000,338.50000000,2.947
1749263340,3.04600000,5.60000000,2.947
1749263340,3.05000000,40.00000000,2.947
1749263340,3.06000000,37.80000000,2.947
1749263340,3.06300000,24.00000000,2.947
1749263340,3.06400000,5.30000000,2.947
1749263340,3.06500000,25.60000000,2.947
1749263340,3.06600000,5.30000000,2.947
1749263340,3.06700000,15.90000000,2.947
1749263340,3.06800000,1244.60000000,2.947
1749263340,3.07000000,40.00000000,2.947
1749263340,3.07200000,343.00000000,2.947
1749263340,3.07300000,5.30000000,2.947
1749263340,3.07800000,5.30000000,2.947
1749263340,3.08000000,40.00000000,2.947
1749263340,3.08100000,3.50000000,2.947
1749263340,3.08700000,4.80000000,2.947
1749263340,3.09000000,40.00000000,2.947
1749263340,3.09900000,19.80000000,2.947
1749263340,3.10000000,61.30000000,2.947
1749263340,3.10100000,5.20000000,2.947
1749263340,3.10200000,10.40000000,2.947
1749263340,3.10800000,20.80000000,2.947
1749263340,3.10900000,10.40000000,2.947
1749263340,3.11000000,45.20000000,2.947
1749263340,3.11100000,10.40000000,2.947
1749263340,3.11200000,5.20000000,2.947
1749263340,3.11300000,5.20000000,2.947
1749263340,3.11400000,10.40000000,2.947
1749263340,3.11500000,5.20000000,2.947
1749263340,3.11600000,5.20000000,2.947
1749263340,3.11700000,15.60000000,2.947
1749263340,3.11900000,16.30000000,2.947
1749263340,3.12000000,40.00000000,2.947
1749263340,3.12100000,9.20000000,2.947
1749263340,3.12200000,10.40000000,2.947
1749263340,3.12300000,10.40000000,2.947
1749263340,3.12400000,26.00000000,2.947
1749263340,3.12800000,4.90000000,2.947
1749263340,3.12900000,5.20000000,2.947
1749263340,3.13000000,40.00000000,2.947
1749263340,3.13100000,10.30000000,2.947
1749263340,3.13200000,5.20000000,2.947
1749263340,3.13300000,18.40000000,2.947
1749263340,3.13400000,5.20000000,2.947
1749263340,3.13500000,5.20000000,2.947
1749263642,2.94400000,467.30000000,2.947
1749263642,2.94500000,642.80000000,2.947
1749263642,2.94600000,729.10000000,2.947
1749263642,2.94700000,1401.40000000,2.947
1749263642,2.94800000,1128.90000000,2.947
1749263642,2.94900000,1181.60000000,2.947
1749263642,2.95000000,730.80000000,2.947
1749263642,2.95100000,802.60000000,2.947
1749263642,2.95200000,125.70000000,2.947
1749263642,2.95300000,1623.60000000,2.947
1749263642,2.95400000,470.40000000,2.947
1749263642,2.95500000,1377.60000000,2.947
1749263642,2.95600000,81.00000000,2.947
1749263642,2.95700000,356.00000000,2.947
1749263642,2.95800000,81.00000000,2.947
1749263642,2.95900000,356.00000000,2.947
1749263642,2.96000000,81.00000000,2.947
1749263642,2.96100000,534.00000000,2.947
1749263642,2.96200000,246.30000000,2.947
1749263642,2.96300000,539.20000000,2.947
1749263642,2.96400000,81.00000000,2.947
1749263642,2.96500000,745.90000000,2.947
1749263642,2.96600000,81.00000000,2.947
1749263642,2.96700000,364.80000000,2.947
1749263642,2.96800000,5.40000000,2.947
1749263642,2.96900000,793.10000000,2.947
1749263642,2.97000000,121.00000000,2.947
1749263642,2.97200000,9.00000000,2.947
1749263642,2.97300000,171.90000000,2.947
1749263642,2.97400000,41.60000000,2.947
1749263642,2.97500000,91.50000000,2.947
1749263642,2.97600000,171.90000000,2.947
1749263642,2.97800000,84.70000000,2.947
1749263642,2.97900000,5.40000000,2.947
1749263642,2.98000000,596.00000000,2.947
1749263642,2.98100000,577.80000000,2.947
1749263642,2.98200000,16.20000000,2.947
1749263642,2.98300000,174.50000000,2.947
1749263642,2.98400000,154.70000000,2.947
1749263642,2.98500000,20.60000000,2.947
1749263642,2.98600000,5.40000000,2.947
1749263642,2.98700000,5.40000000,2.947
1749263642,2.98900000,18.30000000,2.947
1749263642,2.99000000,40.00000000,2.947
1749263642,2.99900000,15.40000000,2.947
1749263642,3.00000000,103.00000000,2.947
1749263642,3.00100000,676.00000000,2.947
1749263642,3.00200000,14.80000000,2.947
1749263642,3.01000000,44.80000000,2.947
1749263642,3.01600000,409.40000000,2.947
1749263642,3.01900000,1076.70000000,2.947
1749263642,3.02000000,40.00000000,2.947
1749263642,3.02100000,4.80000000,2.947
1749263642,3.02300000,4.90000000,2.947
1749263642,3.02400000,42.90000000,2.947
1749263642,3.03000000,40.00000000,2.947
1749263642,3.04000000,40.00000000,2.947
1749263642,3.04100000,338.50000000,2.947
1749263642,3.04600000,5.60000000,2.947
1749263642,3.05000000,40.00000000,2.947
1749263642,3.06000000,37.80000000,2.947
1749263642,3.06300000,5.30000000,2.947
1749263642,3.06400000,5.30000000,2.947
1749263642,3.06500000,25.60000000,2.947
1749263642,3.06600000,5.30000000,2.947
1749263642,3.06700000,34.50000000,2.947
1749263642,3.06800000,1244.60000000,2.947
1749263642,3.07000000,40.00000000,2.947
1749263642,3.07200000,343.00000000,2.947
1749263642,3.07300000,5.30000000,2.947
1749263642,3.07800000,5.30000000,2.947
1749263642,3.08000000,40.00000000,2.947
1749263642,3.08100000,3.50000000,2.947
1749263642,3.08700000,4.80000000,2.947
1749263642,3.09000000,40.00000000,2.947
1749263642,3.09900000,19.80000000,2.947
1749263642,3.10000000,61.30000000,2.947
1749263642,3.10100000,5.20000000,2.947
1749263642,3.10200000,10.40000000,2.947
1749263642,3.10800000,20.80000000,2.947
1749263642,3.10900000,10.40000000,2.947
1749263642,3.11000000,45.20000000,2.947
1749263642,3.11100000,10.40000000,2.947
1749263642,3.11200000,5.20000000,2.947
1749263642,3.11300000,5.20000000,2.947
1749263642,3.11400000,10.40000000,2.947
1749263642,3.11500000,5.20000000,2.947
1749263642,3.11600000,5.20000000,2.947
1749263642,3.11700000,15.60000000,2.947
1749263642,3.11900000,16.30000000,2.947
1749263642,3.12000000,40.00000000,2.947
1749263642,3.12100000,9.20000000,2.947
1749263642,3.12200000,10.40000000,2.947
1749263642,3.12300000,10.40000000,2.947
1749263642,3.12400000,26.00000000,2.947
1749263642,3.12800000,4.90000000,2.947
1749263642,3.12900000,5.20000000,2.947
1749263642,3.13000000,40.00000000,2.947
1749263642,3.13100000,10.30000000,2.947
1749263642,3.13200000,5.20000000,2.947
1749263949,2.94800000,410.90000000,2.947
1749263949,2.94900000,1000.20000000,2.947
1749263949,2.95000000,737.70000000,2.947
1749263949,2.95100000,1149.50000000,2.947
1749263949,2.95200000,1475.90000000,2.947
1749263949,2.95300000,690.90000000,2.947
1749263949,2.95400000,1179.70000000,2.947
1749263949,2.95500000,384.20000000,2.947
1749263949,2.95600000,852.30000000,2.947
1749263949,2.95700000,389.80000000,2.947
1749263949,2.95800000,109.30000000,2.947
1749263949,2.95900000,1314.60000000,2.947
1749263949,2.96000000,81.00000000,2.947
1749263949,2.96100000,562.20000000,2.947
1749263949,2.96200000,81.00000000,2.947
1749263949,2.96300000,539.20000000,2.947
1749263949,2.96400000,81.00000000,2.947
1749263949,2.96500000,911.20000000,2.947
1749263949,2.96600000,81.00000000,2.947
1749263949,2.96700000,364.80000000,2.947
1749263949,2.96800000,5.40000000,2.947
1749263949,2.96900000,793.10000000,2.947
1749263949,2.97000000,121.00000000,2.947
1749263949,2.97200000,9.00000000,2.947
1749263949,2.97300000,252.90000000,2.947
1749263949,2.97400000,122.60000000,2.947
1749263949,2.97500000,172.50000000,2.947
1749263949,2.97600000,252.90000000,2.947
1749263949,2.97800000,84.70000000,2.947
1749263949,2.97900000,5.40000000,2.947
1749263949,2.98000000,596.00000000,2.947
1749263949,2.98100000,577.80000000,2.947
1749263949,2.98200000,16.20000000,2.947
1749263949,2.98300000,174.50000000,2.947
1749263949,2.98400000,154.70000000,2.947
1749263949,2.98500000,20.60000000,2.947
1749263949,2.98600000,5.40000000,2.947
1749263949,2.98700000,5.40000000,2.947
1749263949,2.98900000,18.30000000,2.947
1749263949,2.99000000,40.00000000,2.947
1749263949,2.99900000,15.40000000,2.947
1749263949,3.00000000,103.00000000,2.947
1749263949,3.00100000,676.00000000,2.947
1749263949,3.00200000,14.80000000,2.947
1749263949,3.01000000,44.80000000,2.947
1749263949,3.01600000,409.40000000,2.947
1749263949,3.01900000,1076.70000000,2.947
1749263949,3.02000000,40.00000000,2.947
1749263949,3.02100000,4.80000000,2.947
1749263949,3.02300000,4.90000000,2.947
1749263949,3.02400000,42.90000000,2.947
1749263949,3.03000000,40.00000000,2.947
1749263949,3.04000000,40.00000000,2.947
1749263949,3.04600000,5.60000000,2.947
1749263949,3.04900000,338.50000000,2.947
1749263949,3.05000000,40.00000000,2.947
1749263949,3.06000000,37.80000000,2.947
1749263949,3.06300000,5.30000000,2.947
1749263949,3.06400000,5.30000000,2.947
1749263949,3.06500000,25.60000000,2.947
1749263949,3.06600000,5.30000000,2.947
1749263949,3.06700000,34.50000000,2.947
1749263949,3.06800000,1244.60000000,2.947
1749263949,3.07000000,40.00000000,2.947
1749263949,3.07200000,343.00000000,2.947
1749263949,3.07300000,5.30000000,2.947
1749263949,3.07800000,5.30000000,2.947
1749263949,3.08000000,40.00000000,2.947
1749263949,3.08100000,3.50000000,2.947
1749263949,3.08700000,4.80000000,2.947
1749263949,3.09000000,40.00000000,2.947
1749263949,3.09900000,19.80000000,2.947
1749263949,3.10000000,61.30000000,2.947
1749263949,3.10100000,5.20000000,2.947
1749263949,3.10200000,10.40000000,2.947
1749263949,3.10800000,20.80000000,2.947
1749263949,3.10900000,10.40000000,2.947
1749263949,3.11000000,45.20000000,2.947
1749263949,3.11100000,10.40000000,2.947
1749263949,3.11200000,5.20000000,2.947
1749263949,3.11300000,5.20000000,2.947
1749263949,3.11400000,10.40000000,2.947
1749263949,3.11500000,5.20000000,2.947
1749263949,3.11600000,5.20000000,2.947
1749263949,3.11700000,15.60000000,2.947
1749263949,3.11900000,16.30000000,2.947
1749263949,3.12000000,40.00000000,2.947
1749263949,3.12100000,9.20000000,2.947
1749263949,3.12200000,10.40000000,2.947
1749263949,3.12300000,10.40000000,2.947
1749263949,3.12400000,26.00000000,2.947
1749263949,3.12800000,4.90000000,2.947
1749263949,3.12900000,5.20000000,2.947
1749263949,3.13000000,40.00000000,2.947
1749263949,3.13100000,10.30000000,2.947
1749263949,3.13200000,5.20000000,2.947
1749263949,3.13300000,18.40000000,2.947
1749263949,3.13400000,5.20000000,2.947
1749263949,3.13500000,5.20000000,2.947
1749263949,3.13700000,10.40000000,2.947
1749264250,2.94800000,81.00000000,2.947
1749264250,2.94900000,617.60000000,2.947
1749264250,2.95000000,822.90000000,2.947
1749264250,2.95100000,1567.50000000,2.947
1749264250,2.95200000,1271.30000000,2.947
1749264250,2.95300000,1477.70000000,2.947
1749264250,2.95400000,1515.50000000,2.947
1749264250,2.95500000,451.90000000,2.947
1749264250,2.95600000,1126.00000000,2.947
1749264250,2.95700000,389.80000000,2.947
1749264250,2.95800000,1068.20000000,2.947
1749264250,2.95900000,356.00000000,2.947
1749264250,2.96000000,81.00000000,2.947
1749264250,2.96100000,534.00000000,2.947
1749264250,2.96200000,246.30000000,2.947
1749264250,2.96300000,539.20000000,2.947
1749264250,2.96400000,81.00000000,2.947
1749264250,2.96500000,745.90000000,2.947
1749264250,2.96600000,81.00000000,2.947
1749264250,2.96700000,364.80000000,2.947
1749264250,2.96800000,5.40000000,2.947
1749264250,2.96900000,793.10000000,2.947
1749264250,2.97000000,121.00000000,2.947
1749264250,2.97200000,9.00000000,2.947
1749264250,2.97300000,252.90000000,2.947
1749264250,2.97400000,122.60000000,2.947
1749264250,2.97500000,172.50000000,2.947
1749264250,2.97600000,252.90000000,2.947
1749264250,2.97800000,165.70000000,2.947
1749264250,2.97900000,5.40000000,2.947
1749264250,2.98000000,677.00000000,2.947
1749264250,2.98100000,577.80000000,2.947
1749264250,2.98200000,16.20000000,2.947
1749264250,2.98300000,174.50000000,2.947
1749264250,2.98400000,154.70000000,2.947
1749264250,2.98500000,5.40000000,2.947
1749264250,2.98600000,5.40000000,2.947
1749264250,2.98700000,5.40000000,2.947
1749264250,2.98900000,18.30000000,2.947
1749264250,2.99000000,40.00000000,2.947
1749264250,2.99300000,15.20000000,2.947
1749264250,2.99900000,15.40000000,2.947
1749264250,3.00000000,103.00000000,2.947
1749264250,3.00100000,676.00000000,2.947
1749264250,3.00200000,14.80000000,2.947
1749264250,3.01000000,44.80000000,2.947
1749264250,3.01600000,83.70000000,2.947
1749264250,3.01800000,18.70000000,2.947
1749264250,3.01900000,1076.70000000,2.947
1749264250,3.02000000,40.00000000,2.947
1749264250,3.02100000,4.80000000,2.947
1749264250,3.02300000,4.90000000,2.947
1749264250,3.02400000,368.60000000,2.947
1749264250,3.03000000,40.00000000,2.947
1749264250,3.04000000,40.00000000,2.947
1749264250,3.04600000,5.60000000,2.947
1749264250,3.04900000,338.50000000,2.947
1749264250,3.05000000,40.00000000,2.947
1749264250,3.06000000,37.80000000,2.947
1749264250,3.06300000,5.30000000,2.947
1749264250,3.06400000,5.30000000,2.947
1749264250,3.06500000,25.60000000,2.947
1749264250,3.06600000,5.30000000,2.947
1749264250,3.06700000,15.90000000,2.947
1749264250,3.06800000,1244.60000000,2.947
1749264250,3.07000000,40.00000000,2.947
1749264250,3.07200000,343.00000000,2.947
1749264250,3.07300000,5.30000000,2.947
1749264250,3.07800000,5.30000000,2.947
1749264250,3.08000000,40.00000000,2.947
1749264250,3.08100000,3.50000000,2.947
1749264250,3.08700000,4.80000000,2.947
1749264250,3.09000000,40.00000000,2.947
1749264250,3.09900000,19.80000000,2.947
1749264250,3.10000000,61.30000000,2.947
1749264250,3.10100000,5.20000000,2.947
1749264250,3.10200000,10.40000000,2.947
1749264250,3.10800000,20.80000000,2.947
1749264250,3.10900000,10.40000000,2.947
1749264250,3.11000000,45.20000000,2.947
1749264250,3.11100000,10.40000000,2.947
1749264250,3.11200000,5.20000000,2.947
1749264250,3.11300000,5.20000000,2.947
1749264250,3.11400000,10.40000000,2.947
1749264250,3.11500000,5.20000000,2.947
1749264250,3.11600000,5.20000000,2.947
1749264250,3.11700000,15.60000000,2.947
1749264250,3.11900000,16.30000000,2.947
1749264250,3.12000000,40.00000000,2.947
1749264250,3.12100000,9.20000000,2.947
1749264250,3.12200000,10.40000000,2.947
1749264250,3.12300000,10.40000000,2.947
1749264250,3.12400000,26.00000000,2.947
1749264250,3.12800000,4.90000000,2.947
1749264250,3.12900000,5.20000000,2.947
1749264250,3.13000000,40.00000000,2.947
1749264250,3.13100000,10.30000000,2.947
1749264250,3.13200000,5.20000000,2.947
1749264250,3.13300000,18.40000000,2.947
1749264250,3.13400000,5.20000000,2.947
1749264557,2.95000000,170.10000000,2.949
1749264557,2.95100000,523.50000000,2.949
1749264557,2.95200000,889.60000000,2.949
1749264557,2.95300000,1820.60000000,2.949
1749264557,2.95400000,675.30000000,2.949
1749264557,2.95500000,1783.00000000,2.949
1749264557,2.95600000,941.60000000,2.949
1749264557,2.95700000,356.00000000,2.949
1749264557,2.95800000,812.80000000,2.949
1749264557,2.95900000,389.80000000,2.949
1749264557,2.96000000,81.00000000,2.949
1749264557,2.96100000,612.20000000,2.949
1749264557,2.96200000,81.00000000,2.949
1749264557,2.96300000,1496.70000000,2.949
1749264557,2.96400000,81.00000000,2.949
1749264557,2.96500000,911.20000000,2.949
1749264557,2.96600000,81.00000000,2.949
1749264557,2.96700000,364.80000000,2.949
1749264557,2.96800000,5.40000000,2.949
1749264557,2.96900000,793.10000000,2.949
1749264557,2.97000000,121.00000000,2.949
1749264557,2.97200000,9.00000000,2.949
1749264557,2.97300000,252.90000000,2.949
1749264557,2.97400000,122.60000000,2.949
1749264557,2.97500000,172.50000000,2.949
1749264557,2.97600000,252.90000000,2.949
1749264557,2.97800000,165.70000000,2.949
1749264557,2.97900000,5.40000000,2.949
1749264557,2.98000000,677.00000000,2.949
1749264557,2.98100000,10.80000000,2.949
1749264557,2.98200000,97.20000000,2.949
1749264557,2.98300000,174.50000000,2.949
1749264557,2.98400000,154.70000000,2.949
1749264557,2.98500000,5.40000000,2.949
1749264557,2.98600000,5.40000000,2.949
1749264557,2.98700000,5.40000000,2.949
1749264557,2.98800000,565.60000000,2.949
1749264557,2.98900000,18.30000000,2.949
1749264557,2.99000000,40.00000000,2.949
1749264557,2.99300000,15.20000000,2.949
1749264557,3.00000000,103.00000000,2.949
1749264557,3.00100000,676.00000000,2.949
1749264557,3.00200000,14.80000000,2.949
1749264557,3.00700000,15.40000000,2.949
1749264557,3.01000000,44.80000000,2.949
1749264557,3.01600000,83.70000000,2.949
1749264557,3.01900000,1076.70000000,2.949
1749264557,3.02000000,40.00000000,2.949
1749264557,3.02100000,4.80000000,2.949
1749264557,3.02300000,4.90000000,2.949
1749264557,3.02400000,368.60000000,2.949
1749264557,3.03000000,40.00000000,2.949
1749264557,3.04000000,40.00000000,2.949
1749264557,3.04600000,5.60000000,2.949
1749264557,3.04900000,338.50000000,2.949
1749264557,3.05000000,40.00000000,2.949
1749264557,3.06000000,37.80000000,2.949
1749264557,3.06300000,5.30000000,2.949
1749264557,3.06400000,5.30000000,2.949
1749264557,3.06500000,25.60000000,2.949
1749264557,3.06600000,5.30000000,2.949
1749264557,3.06700000,34.50000000,2.949
1749264557,3.06800000,1244.60000000,2.949
1749264557,3.07000000,40.00000000,2.949
1749264557,3.07200000,343.00000000,2.949
1749264557,3.07300000,5.30000000,2.949
1749264557,3.07800000,5.30000000,2.949
1749264557,3.08000000,40.00000000,2.949
1749264557,3.08100000,3.50000000,2.949
1749264557,3.08700000,4.80000000,2.949
1749264557,3.09000000,40.00000000,2.949
1749264557,3.09900000,19.80000000,2.949
1749264557,3.10000000,61.30000000,2.949
1749264557,3.10100000,5.20000000,2.949
1749264557,3.10200000,10.40000000,2.949
1749264557,3.10800000,20.80000000,2.949
1749264557,3.10900000,10.40000000,2.949
1749264557,3.11000000,45.20000000,2.949
1749264557,3.11100000,10.40000000,2.949
1749264557,3.11200000,5.20000000,2.949
1749264557,3.11300000,5.20000000,2.949
1749264557,3.11400000,10.40000000,2.949
1749264557,3.11500000,5.20000000,2.949
1749264557,3.11600000,5.20000000,2.949
1749264557,3.11700000,15.60000000,2.949
1749264557,3.11900000,16.30000000,2.949
1749264557,3.12000000,40.00000000,2.949
1749264557,3.12100000,9.20000000,2.949
1749264557,3.12200000,10.40000000,2.949
1749264557,3.12300000,10.40000000,2.949
1749264557,3.12400000,26.00000000,2.949
1749264557,3.12800000,4.90000000,2.949
1749264557,3.12900000,5.20000000,2.949
1749264557,3.13000000,40.00000000,2.949
1749264557,3.13100000,10.30000000,2.949
1749264557,3.13200000,5.20000000,2.949
1749264557,3.13300000,18.40000000,2.949
1749264557,3.13400000,5.20000000,2.949
1749264557,3.13500000,5.20000000,2.949
1749264557,3.13700000,10.40000000,2.949
1749264859,2.95200000,32.80000000,2.952
1749264859,2.95300000,137.50000000,2.952
1749264859,2.95400000,471.70000000,2.952
1749264859,2.95500000,974.60000000,2.952
1749264859,2.95600000,1163.80000000,2.952
1749264859,2.95700000,1790.80000000,2.952
1749264859,2.95800000,1091.20000000,2.952
1749264859,2.95900000,492.10000000,2.952
1749264859,2.96000000,116.90000000,2.952
1749264859,2.96100000,418.00000000,2.952
1749264859,2.96200000,81.00000000,2.952
1749264859,2.96300000,406.00000000,2.952
1749264859,2.96400000,109.20000000,2.952
1749264859,2.96500000,1209.90000000,2.952
1749264859,2.96600000,81.00000000,2.952
1749264859,2.96700000,364.80000000,2.952
1749264859,2.96800000,251.70000000,2.952
1749264859,2.96900000,617.20000000,2.952
1749264859,2.97000000,299.00000000,2.952
1749264859,2.97200000,9.00000000,2.952
1749264859,2.97300000,849.00000000,2.952
1749264859,2.97400000,396.70000000,2.952
1749264859,2.97500000,172.50000000,2.952
1749264859,2.97600000,252.90000000,2.952
1749264859,2.97700000,103.10000000,2.952
1749264859,2.97800000,251.10000000,2.952
1749264859,2.97900000,5.40000000,2.952
1749264859,2.98000000,677.00000000,2.952
1749264859,2.98100000,10.80000000,2.952
1749264859,2.98200000,97.20000000,2.952
1749264859,2.98300000,255.50000000,2.952
1749264859,2.98400000,154.70000000,2.952
1749264859,2.98500000,5.40000000,2.952
1749264859,2.98600000,5.40000000,2.952
1749264859,2.98700000,5.40000000,2.952
1749264859,2.98800000,565.60000000,2.952
1749264859,2.98900000,18.30000000,2.952
1749264859,2.99000000,40.00000000,2.952
1749264859,2.99300000,15.20000000,2.952
1749264859,3.00000000,103.00000000,2.952
1749264859,3.00100000,676.00000000,2.952
1749264859,3.00200000,14.80000000,2.952
1749264859,3.00700000,15.40000000,2.952
1749264859,3.01000000,44.80000000,2.952
1749264859,3.01600000,83.70000000,2.952
1749264859,3.01900000,1076.70000000,2.952
1749264859,3.02000000,40.00000000,2.952
1749264859,3.02100000,4.80000000,2.952
1749264859,3.02300000,4.90000000,2.952
1749264859,3.02400000,368.60000000,2.952
1749264859,3.03000000,40.00000000,2.952
1749264859,3.04000000,40.00000000,2.952
1749264859,3.04600000,5.60000000,2.952
1749264859,3.04900000,338.50000000,2.952
1749264859,3.05000000,40.00000000,2.952
1749264859,3.06000000,37.80000000,2.952
1749264859,3.06300000,5.30000000,2.952
1749264859,3.06400000,5.30000000,2.952
1749264859,3.06500000,25.60000000,2.952
1749264859,3.06600000,5.30000000,2.952
1749264859,3.06700000,34.50000000,2.952
1749264859,3.06800000,1244.60000000,2.952
1749264859,3.07000000,40.00000000,2.952
1749264859,3.07200000,343.00000000,2.952
1749264859,3.07300000,5.30000000,2.952
1749264859,3.07800000,5.30000000,2.952
1749264859,3.08000000,40.00000000,2.952
1749264859,3.08100000,3.50000000,2.952
1749264859,3.08700000,4.80000000,2.952
1749264859,3.09000000,40.00000000,2.952
1749264859,3.09900000,19.80000000,2.952
1749264859,3.10000000,61.30000000,2.952
1749264859,3.10100000,5.20000000,2.952
1749264859,3.10200000,10.40000000,2.952
1749264859,3.10800000,20.80000000,2.952
1749264859,3.10900000,10.40000000,2.952
1749264859,3.11000000,45.20000000,2.952
1749264859,3.11100000,10.40000000,2.952
1749264859,3.11200000,5.20000000,2.952
1749264859,3.11300000,5.20000000,2.952
1749264859,3.11400000,10.40000000,2.952
1749264859,3.11500000,5.20000000,2.952
1749264859,3.11600000,5.20000000,2.952
1749264859,3.11700000,15.60000000,2.952
1749264859,3.11900000,16.30000000,2.952
1749264859,3.12000000,40.00000000,2.952
1749264859,3.12100000,9.20000000,2.952
1749264859,3.12200000,10.40000000,2.952
1749264859,3.12300000,10.40000000,2.952
1749264859,3.12400000,26.00000000,2.952
1749264859,3.12800000,4.90000000,2.952
1749264859,3.12900000,5.20000000,2.952
1749264859,3.13000000,40.00000000,2.952
1749264859,3.13100000,10.30000000,2.952
1749264859,3.13200000,5.20000000,2.952
1749264859,3.13300000,18.40000000,2.952
1749264859,3.13400000,5.20000000,2.952
1749264859,3.13500000,5.20000000,2.952
1749264859,3.13700000,10.40000000,2.952
1749264859,3.14000000,40.00000000,2.952
1749265162,2.95300000,108.20000000,2.954
1749265162,2.95400000,472.10000000,2.954
1749265162,2.95500000,473.90000000,2.954
1749265162,2.95600000,486.50000000,2.954
1749265162,2.95700000,977.20000000,2.954
1749265162,2.95800000,548.40000000,2.954
1749265162,2.95900000,569.60000000,2.954
1749265162,2.96000000,644.50000000,2.954
1749265162,2.96100000,1087.70000000,2.954
1749265162,2.96200000,150.20000000,2.954
1749265162,2.96300000,439.80000000,2.954
1749265162,2.96400000,109.20000000,2.954
1749265162,2.96500000,356.00000000,2.954
1749265162,2.96600000,99.70000000,2.954
1749265162,2.96700000,1321.40000000,2.954
1749265162,2.96800000,86.40000000,2.954
1749265162,2.96900000,782.50000000,2.954
1749265162,2.97000000,299.00000000,2.954
1749265162,2.97200000,90.00000000,2.954
1749265162,2.97300000,849.00000000,2.954
1749265162,2.97400000,396.70000000,2.954
1749265162,2.97500000,172.50000000,2.954
1749265162,2.97600000,252.90000000,2.954
1749265162,2.97700000,184.10000000,2.954
1749265162,2.97800000,251.10000000,2.954
1749265162,2.97900000,5.40000000,2.954
1749265162,2.98000000,677.00000000,2.954
1749265162,2.98100000,194.90000000,2.954
1749265162,2.98200000,16.20000000,2.954
1749265162,2.98300000,5.40000000,2.954
1749265162,2.98400000,154.70000000,2.954
1749265162,2.98500000,5.40000000,2.954
1749265162,2.98600000,5.40000000,2.954
1749265162,2.98700000,5.40000000,2.954
1749265162,2.98800000,565.60000000,2.954
1749265162,2.98900000,2.80000000,2.954
1749265162,2.99000000,40.00000000,2.954
1749265162,2.99100000,169.10000000,2.954
1749265162,2.99300000,15.20000000,2.954
1749265162,2.99700000,15.50000000,2.954
1749265162,3.00000000,103.00000000,2.954
1749265162,3.00700000,15.40000000,2.954
1749265162,3.01000000,59.60000000,2.954
1749265162,3.01300000,681.60000000,2.954
1749265162,3.02000000,40.00000000,2.954
1749265162,3.02100000,4.80000000,2.954
1749265162,3.02300000,4.90000000,2.954
1749265162,3.02400000,368.60000000,2.954
1749265162,3.02500000,83.70000000,2.954
1749265162,3.02600000,1073.60000000,2.954
1749265162,3.03000000,40.00000000,2.954
1749265162,3.04000000,40.00000000,2.954
1749265162,3.04600000,5.60000000,2.954
1749265162,3.04900000,338.50000000,2.954
1749265162,3.05000000,40.00000000,2.954
1749265162,3.06000000,37.80000000,2.954
1749265162,3.06300000,5.30000000,2.954
1749265162,3.06400000,5.30000000,2.954
1749265162,3.06500000,25.60000000,2.954
1749265162,3.06600000,5.30000000,2.954
1749265162,3.06700000,15.90000000,2.954
1749265162,3.06800000,1244.60000000,2.954
1749265162,3.07000000,40.00000000,2.954
1749265162,3.07200000,5.20000000,2.954
1749265162,3.07300000,5.30000000,2.954
1749265162,3.07800000,5.30000000,2.954
1749265162,3.08000000,40.00000000,2.954
1749265162,3.08100000,341.30000000,2.954
1749265162,3.08700000,4.80000000,2.954
1749265162,3.09000000,40.00000000,2.954
1749265162,3.09900000,19.80000000,2.954
1749265162,3.10000000,61.30000000,2.954
1749265162,3.10100000,5.20000000,2.954
1749265162,3.10200000,10.40000000,2.954
1749265162,3.10800000,20.80000000,2.954
1749265162,3.10900000,10.40000000,2.954
1749265162,3.11000000,45.20000000,2.954
1749265162,3.11100000,10.40000000,2.954
1749265162,3.11200000,5.20000000,2.954
1749265162,3.11300000,5.20000000,2.954
1749265162,3.11400000,10.40000000,2.954
1749265162,3.11500000,5.20000000,2.954
1749265162,3.11600000,5.20000000,2.954
1749265162,3.11700000,15.60000000,2.954
1749265162,3.11900000,16.30000000,2.954
1749265162,3.12000000,40.00000000,2.954
1749265162,3.12100000,9.20000000,2.954
1749265162,3.12200000,10.40000000,2.954
1749265162,3.12300000,10.40000000,2.954
1749265162,3.12400000,26.00000000,2.954
1749265162,3.12800000,4.90000000,2.954
1749265162,3.12900000,5.20000000,2.954
1749265162,3.13000000,40.00000000,2.954
1749265162,3.13100000,10.30000000,2.954
1749265162,3.13200000,5.20000000,2.954
1749265162,3.13300000,18.40000000,2.954
1749265162,3.13400000,5.20000000,2.954
1749265162,3.13500000,5.20000000,2.954
1749265162,3.13700000,10.40000000,2.954
1749265162,3.14000000,40.00000000,2.954
1749265463,2.95900000,81.00000000,2.959
1749265463,2.96000000,505.60000000,2.959
1749265463,2.96100000,1027.90000000,2.959
1749265463,2.96200000,1018.60000000,2.959
1749265463,2.96300000,1326.10000000,2.959
1749265463,2.96400000,1707.60000000,2.959
1749265463,2.96500000,878.10000000,2.959
1749265463,2.96600000,698.50000000,2.959
1749265463,2.96700000,392.90000000,2.959
1749265463,2.96800000,221.20000000,2.959
1749265463,2.96900000,389.70000000,2.959
1749265463,2.97000000,149.10000000,2.959
1749265463,2.97100000,356.00000000,2.959
1749265463,2.97200000,1045.60000000,2.959
1749265463,2.97300000,1032.20000000,2.959
1749265463,2.97400000,81.00000000,2.959
1749265463,2.97500000,337.80000000,2.959
1749265463,2.97600000,252.90000000,2.959
1749265463,2.97700000,184.10000000,2.959
1749265463,2.97800000,515.60000000,2.959
1749265463,2.97900000,460.10000000,2.959
1749265463,2.98000000,298.30000000,2.959
1749265463,2.98100000,194.90000000,2.959
1749265463,2.98200000,97.20000000,2.959
1749265463,2.98300000,5.40000000,2.959
1749265463,2.98400000,485.60000000,2.959
1749265463,2.98500000,108.50000000,2.959
1749265463,2.98600000,86.40000000,2.959
1749265463,2.98700000,47.00000000,2.959
1749265463,2.98800000,338.10000000,2.959
1749265463,2.98900000,192.30000000,2.959
1749265463,2.99000000,40.00000000,2.959
1749265463,2.99100000,169.10000000,2.959
1749265463,2.99500000,564.60000000,2.959
1749265463,2.99600000,378.70000000,2.959
1749265463,2.99700000,15.50000000,2.959
1749265463,3.00000000,103.00000000,2.959
1749265463,3.00100000,15.20000000,2.959
1749265463,3.00700000,15.40000000,2.959
1749265463,3.01000000,59.60000000,2.959
1749265463,3.01300000,681.60000000,2.959
1749265463,3.02000000,40.00000000,2.959
1749265463,3.02100000,4.80000000,2.959
1749265463,3.02300000,4.90000000,2.959
1749265463,3.02400000,42.90000000,2.959
1749265463,3.02500000,83.70000000,2.959
1749265463,3.03000000,40.00000000,2.959
1749265463,3.03200000,325.70000000,2.959
1749265463,3.03400000,1071.40000000,2.959
1749265463,3.04000000,40.00000000,2.959
1749265463,3.04600000,5.60000000,2.959
1749265463,3.05000000,40.00000000,2.959
1749265463,3.05700000,338.50000000,2.959
1749265463,3.06000000,37.80000000,2.959
1749265463,3.06300000,5.30000000,2.959
1749265463,3.06400000,5.30000000,2.959
1749265463,3.06500000,25.60000000,2.959
1749265463,3.06600000,5.30000000,2.959
1749265463,3.06700000,15.90000000,2.959
1749265463,3.06800000,1244.60000000,2.959
1749265463,3.07000000,40.00000000,2.959
1749265463,3.07200000,5.20000000,2.959
1749265463,3.07300000,5.30000000,2.959
1749265463,3.07800000,5.30000000,2.959
1749265463,3.08000000,40.00000000,2.959
1749265463,3.08100000,341.30000000,2.959
1749265463,3.08700000,4.80000000,2.959
1749265463,3.09000000,40.00000000,2.959
1749265463,3.09900000,19.80000000,2.959
1749265463,3.10000000,61.30000000,2.959
1749265463,3.10100000,5.20000000,2.959
1749265463,3.10200000,10.40000000,2.959
1749265463,3.10800000,20.80000000,2.959
1749265463,3.10900000,10.40000000,2.959
1749265463,3.11000000,45.20000000,2.959
1749265463,3.11100000,10.40000000,2.959
1749265463,3.11200000,5.20000000,2.959
1749265463,3.11300000,5.20000000,2.959
1749265463,3.11400000,10.40000000,2.959
1749265463,3.11500000,5.20000000,2.959
1749265463,3.11600000,5.20000000,2.959
1749265463,3.11700000,15.60000000,2.959
1749265463,3.11900000,16.30000000,2.959
1749265463,3.12000000,40.00000000,2.959
1749265463,3.12100000,9.20000000,2.959
1749265463,3.12200000,10.40000000,2.959
1749265463,3.12300000,10.40000000,2.959
1749265463,3.12400000,26.00000000,2.959
1749265463,3.12800000,4.90000000,2.959
1749265463,3.12900000,5.20000000,2.959
1749265463,3.13000000,40.00000000,2.959
1749265463,3.13100000,10.30000000,2.959
1749265463,3.13200000,5.20000000,2.959
1749265463,3.13300000,18.40000000,2.959
1749265463,3.13400000,5.20000000,2.959
1749265463,3.13500000,5.20000000,2.959
1749265463,3.13700000,10.40000000,2.959
1749265463,3.14000000,40.00000000,2.959
1749265463,3.14400000,14.70000000,2.959
1749265463,3.14700000,10.20000000,2.959
1749265765,2.95900000,493.20000000,2.958
1749265765,2.96000000,720.20000000,2.958
1749265765,2.96100000,816.80000000,2.958
1749265765,2.96200000,1740.60000000,2.958
1749265765,2.96300000,1229.80000000,2.958
1749265765,2.96400000,1582.60000000,2.958
1749265765,2.96500000,734.60000000,2.958
1749265765,2.96600000,799.70000000,2.958
1749265765,2.96700000,393.00000000,2.958
1749265765,2.96800000,86.40000000,2.958
1749265765,2.96900000,356.00000000,2.958
1749265765,2.97000000,1105.20000000,2.958
1749265765,2.97100000,356.00000000,2.958
1749265765,2.97200000,90.00000000,2.958
1749265765,2.97300000,1032.20000000,2.958
1749265765,2.97400000,81.00000000,2.958
1749265765,2.97500000,337.80000000,2.958
1749265765,2.97600000,252.90000000,2.958
1749265765,2.97700000,184.10000000,2.958
1749265765,2.97800000,515.60000000,2.958
1749265765,2.97900000,460.10000000,2.958
1749265765,2.98000000,303.70000000,2.958
1749265765,2.98100000,280.30000000,2.958
1749265765,2.98200000,97.20000000,2.958
1749265765,2.98300000,5.40000000,2.958
1749265765,2.98400000,491.00000000,2.958
1749265765,2.98500000,194.90000000,2.958
1749265765,2.98600000,21.60000000,2.958
1749265765,2.98700000,133.40000000,2.958
1749265765,2.98800000,171.90000000,2.958
1749265765,2.98900000,111.30000000,2.958
1749265765,2.99000000,40.00000000,2.958
1749265765,2.99100000,169.10000000,2.958
1749265765,2.99500000,564.60000000,2.958
1749265765,2.99600000,378.70000000,2.958
1749265765,2.99700000,15.50000000,2.958
1749265765,3.00000000,103.00000000,2.958
1749265765,3.00100000,15.20000000,2.958
1749265765,3.00700000,15.40000000,2.958
1749265765,3.01000000,59.60000000,2.958
1749265765,3.01300000,681.60000000,2.958
1749265765,3.02000000,40.00000000,2.958
1749265765,3.02100000,4.80000000,2.958
1749265765,3.02300000,4.90000000,2.958
1749265765,3.02400000,42.90000000,2.958
1749265765,3.02500000,83.70000000,2.958
1749265765,3.02800000,1071.30000000,2.958
1749265765,3.03000000,40.00000000,2.958
1749265765,3.03200000,325.70000000,2.958
1749265765,3.04000000,40.00000000,2.958
1749265765,3.04600000,5.60000000,2.958
1749265765,3.05000000,40.00000000,2.958
1749265765,3.05700000,338.50000000,2.958
1749265765,3.06000000,37.80000000,2.958
1749265765,3.06300000,5.30000000,2.958
1749265765,3.06400000,5.30000000,2.958
1749265765,3.06500000,25.60000000,2.958
1749265765,3.06600000,5.30000000,2.958
1749265765,3.06700000,15.90000000,2.958
1749265765,3.06800000,1244.60000000,2.958
1749265765,3.07000000,40.00000000,2.958
1749265765,3.07200000,5.20000000,2.958
1749265765,3.07300000,5.30000000,2.958
1749265765,3.07800000,5.30000000,2.958
1749265765,3.08000000,40.00000000,2.958
1749265765,3.08100000,341.30000000,2.958
1749265765,3.08700000,4.80000000,2.958
1749265765,3.09000000,40.00000000,2.958
1749265765,3.09900000,19.80000000,2.958
1749265765,3.10000000,61.30000000,2.958
1749265765,3.10100000,5.20000000,2.958
1749265765,3.10200000,10.40000000,2.958
1749265765,3.10800000,20.80000000,2.958
1749265765,3.10900000,10.40000000,2.958
1749265765,3.11000000,45.20000000,2.958
1749265765,3.11100000,10.40000000,2.958
1749265765,3.11200000,5.20000000,2.958
1749265765,3.11300000,5.20000000,2.958
1749265765,3.11400000,10.40000000,2.958
1749265765,3.11500000,5.20000000,2.958
1749265765,3.11600000,5.20000000,2.958
1749265765,3.11700000,15.60000000,2.958
1749265765,3.11900000,16.30000000,2.958
1749265765,3.12000000,40.00000000,2.958
1749265765,3.12100000,9.20000000,2.958
1749265765,3.12200000,10.40000000,2.958
1749265765,3.12300000,10.40000000,2.958
1749265765,3.12400000,26.00000000,2.958
1749265765,3.12800000,4.90000000,2.958
1749265765,3.12900000,5.20000000,2.958
1749265765,3.13000000,40.00000000,2.958
1749265765,3.13100000,10.30000000,2.958
1749265765,3.13200000,5.20000000,2.958
1749265765,3.13300000,18.40000000,2.958
1749265765,3.13400000,5.20000000,2.958
1749265765,3.13500000,5.20000000,2.958
1749265765,3.13700000,10.40000000,2.958
1749265765,3.14000000,40.00000000,2.958
1749265765,3.14400000,14.70000000,2.958
1749265765,3.14700000,10.20000000,2.958
1749266067,2.95800000,108.20000000,2.957
1749266067,2.95900000,575.50000000,2.957
1749266067,2.96000000,887.60000000,2.957
1749266067,2.96100000,919.30000000,2.957
1749266067,2.96200000,1348.40000000,2.957
1749266067,2.96300000,2156.60000000,2.957
1749266067,2.96400000,625.00000000,2.957
1749266067,2.96500000,825.10000000,2.957
1749266067,2.96600000,184.40000000,2.957
1749266067,2.96700000,392.90000000,2.957
1749266067,2.96800000,120.10000000,2.957
1749266067,2.96900000,356.00000000,2.957
1749266067,2.97000000,149.10000000,2.957
1749266067,2.97100000,356.00000000,2.957
1749266067,2.97200000,90.00000000,2.957
1749266067,2.97300000,1494.30000000,2.957
1749266067,2.97400000,81.00000000,2.957
1749266067,2.97500000,337.80000000,2.957
1749266067,2.97600000,252.90000000,2.957
1749266067,2.97700000,184.10000000,2.957
1749266067,2.97800000,515.60000000,2.957
1749266067,2.97900000,460.10000000,2.957
1749266067,2.98000000,303.70000000,2.957
1749266067,2.98100000,687.90000000,2.957
1749266067,2.98200000,97.20000000,2.957
1749266067,2.98300000,5.40000000,2.957
1749266067,2.98400000,491.00000000,2.957
1749266067,2.98500000,194.90000000,2.957
1749266067,2.98600000,21.60000000,2.957
1749266067,2.98700000,133.40000000,2.957
1749266067,2.98800000,171.90000000,2.957
1749266067,2.98900000,196.40000000,2.957
1749266067,2.99000000,40.00000000,2.957
1749266067,2.99100000,169.10000000,2.957
1749266067,2.99500000,564.60000000,2.957
1749266067,2.99600000,378.70000000,2.957
1749266067,2.99700000,15.50000000,2.957
1749266067,3.00000000,103.00000000,2.957
1749266067,3.00100000,15.20000000,2.957
1749266067,3.00700000,15.40000000,2.957
1749266067,3.01000000,59.60000000,2.957
1749266067,3.01300000,681.60000000,2.957
1749266067,3.02000000,40.00000000,2.957
1749266067,3.02100000,4.80000000,2.957
1749266067,3.02300000,4.90000000,2.957
1749266067,3.02400000,42.90000000,2.957
1749266067,3.02500000,83.70000000,2.957
1749266067,3.02800000,1071.30000000,2.957
1749266067,3.03000000,40.00000000,2.957
1749266067,3.03200000,325.70000000,2.957
1749266067,3.04000000,40.00000000,2.957
1749266067,3.04600000,5.60000000,2.957
1749266067,3.05000000,40.00000000,2.957
1749266067,3.05700000,338.50000000,2.957
1749266067,3.06000000,37.80000000,2.957
1749266067,3.06300000,5.30000000,2.957
1749266067,3.06400000,5.30000000,2.957
1749266067,3.06500000,25.60000000,2.957
1749266067,3.06600000,5.30000000,2.957
1749266067,3.06700000,34.50000000,2.957
1749266067,3.06800000,1244.60000000,2.957
1749266067,3.07000000,40.00000000,2.957
1749266067,3.07200000,5.20000000,2.957
1749266067,3.07300000,5.30000000,2.957
1749266067,3.07800000,5.30000000,2.957
1749266067,3.08000000,40.00000000,2.957
1749266067,3.08100000,341.30000000,2.957
1749266067,3.08700000,4.80000000,2.957
1749266067,3.09000000,40.00000000,2.957
1749266067,3.09900000,19.80000000,2.957
1749266067,3.10000000,61.30000000,2.957
1749266067,3.10100000,5.20000000,2.957
1749266067,3.10200000,10.40000000,2.957
1749266067,3.10800000,20.80000000,2.957
1749266067,3.10900000,10.40000000,2.957
1749266067,3.11000000,45.20000000,2.957
1749266067,3.11100000,10.40000000,2.957
1749266067,3.11200000,5.20000000,2.957
1749266067,3.11300000,5.20000000,2.957
1749266067,3.11400000,10.40000000,2.957
1749266067,3.11500000,5.20000000,2.957
1749266067,3.11600000,5.20000000,2.957
1749266067,3.11700000,15.60000000,2.957
1749266067,3.11900000,16.30000000,2.957
1749266067,3.12000000,40.00000000,2.957
1749266067,3.12100000,9.20000000,2.957
1749266067,3.12200000,10.40000000,2.957
1749266067,3.12300000,10.40000000,2.957
1749266067,3.12400000,26.00000000,2.957
1749266067,3.12800000,4.90000000,2.957
1749266067,3.12900000,5.20000000,2.957
1749266067,3.13000000,40.00000000,2.957
1749266067,3.13100000,10.30000000,2.957
1749266067,3.13200000,5.20000000,2.957
1749266067,3.13300000,18.40000000,2.957
1749266067,3.13400000,5.20000000,2.957
1749266067,3.13500000,5.20000000,2.957
1749266067,3.13700000,10.40000000,2.957
1749266067,3.14000000,40.00000000,2.957
1749266067,3.14400000,14.70000000,2.957
1749266368,2.95700000,162.00000000,2.957
1749266368,2.95800000,424.20000000,2.957
1749266368,2.95900000,675.70000000,2.957
1749266368,2.96000000,650.70000000,2.957
1749266368,2.96100000,894.00000000,2.957
1749266368,2.96200000,690.60000000,2.957
1749266368,2.96300000,395.50000000,2.957
1749266368,2.96400000,324.10000000,2.957
1749266368,2.96500000,927.00000000,2.957
1749266368,2.96600000,1244.80000000,2.957
1749266368,2.96700000,428.80000000,2.957
1749266368,2.96800000,86.40000000,2.957
1749266368,2.96900000,356.00000000,2.957
1749266368,2.97000000,1105.10000000,2.957
1749266368,2.97100000,356.00000000,2.957
1749266368,2.97200000,81.00000000,2.957
1749266368,2.97300000,539.20000000,2.957
1749266368,2.97400000,81.00000000,2.957
1749266368,2.97500000,337.80000000,2.957
1749266368,2.97600000,252.90000000,2.957
1749266368,2.97700000,184.10000000,2.957
1749266368,2.97800000,515.60000000,2.957
1749266368,2.97900000,460.10000000,2.957
1749266368,2.98000000,303.70000000,2.957
1749266368,2.98100000,687.90000000,2.957
1749266368,2.98200000,97.20000000,2.957
1749266368,2.98300000,5.40000000,2.957
1749266368,2.98400000,491.00000000,2.957
1749266368,2.98500000,194.90000000,2.957
1749266368,2.98600000,21.60000000,2.957
1749266368,2.98700000,52.40000000,2.957
1749266368,2.98800000,180.90000000,2.957
1749266368,2.98900000,196.40000000,2.957
1749266368,2.99000000,40.00000000,2.957
1749266368,2.99500000,564.60000000,2.957
1749266368,2.99600000,378.70000000,2.957
1749266368,2.99700000,15.50000000,2.957
1749266368,2.99900000,169.10000000,2.957
1749266368,3.00000000,103.00000000,2.957
1749266368,3.00100000,15.20000000,2.957
1749266368,3.00700000,15.40000000,2.957
1749266368,3.01000000,59.60000000,2.957
1749266368,3.01300000,681.60000000,2.957
1749266368,3.02000000,40.00000000,2.957
1749266368,3.02100000,4.80000000,2.957
1749266368,3.02300000,4.90000000,2.957
1749266368,3.02400000,42.90000000,2.957
1749266368,3.03000000,40.00000000,2.957
1749266368,3.03200000,325.70000000,2.957
1749266368,3.03300000,83.70000000,2.957
1749266368,3.03500000,1070.90000000,2.957
1749266368,3.04000000,40.00000000,2.957
1749266368,3.04600000,5.60000000,2.957
1749266368,3.05000000,40.00000000,2.957
1749266368,3.05700000,338.50000000,2.957
1749266368,3.06000000,37.80000000,2.957
1749266368,3.06300000,5.30000000,2.957
1749266368,3.06400000,5.30000000,2.957
1749266368,3.06500000,25.60000000,2.957
1749266368,3.06600000,5.30000000,2.957
1749266368,3.06700000,34.50000000,2.957
1749266368,3.06800000,1244.60000000,2.957
1749266368,3.07000000,40.00000000,2.957
1749266368,3.07200000,5.20000000,2.957
1749266368,3.07300000,5.30000000,2.957
1749266368,3.07800000,5.30000000,2.957
1749266368,3.08000000,40.00000000,2.957
1749266368,3.08100000,3.50000000,2.957
1749266368,3.08700000,4.80000000,2.957
1749266368,3.09000000,377.80000000,2.957
1749266368,3.09900000,19.80000000,2.957
1749266368,3.10000000,61.30000000,2.957
1749266368,3.10100000,5.20000000,2.957
1749266368,3.10200000,10.40000000,2.957
1749266368,3.10800000,20.80000000,2.957
1749266368,3.10900000,10.40000000,2.957
1749266368,3.11000000,45.20000000,2.957
1749266368,3.11100000,10.40000000,2.957
1749266368,3.11200000,5.20000000,2.957
1749266368,3.11300000,5.20000000,2.957
1749266368,3.11400000,10.40000000,2.957
1749266368,3.11500000,5.20000000,2.957
1749266368,3.11600000,5.20000000,2.957
1749266368,3.11700000,15.60000000,2.957
1749266368,3.11900000,16.30000000,2.957
1749266368,3.12000000,40.00000000,2.957
1749266368,3.12100000,9.20000000,2.957
1749266368,3.12200000,10.40000000,2.957
1749266368,3.12300000,10.40000000,2.957
1749266368,3.12400000,26.00000000,2.957
1749266368,3.12800000,4.90000000,2.957
1749266368,3.12900000,5.20000000,2.957
1749266368,3.13000000,40.00000000,2.957
1749266368,3.13100000,10.30000000,2.957
1749266368,3.13200000,5.20000000,2.957
1749266368,3.13300000,18.40000000,2.957
1749266368,3.13400000,5.20000000,2.957
1749266368,3.13500000,5.20000000,2.957
1749266368,3.13700000,10.40000000,2.957
1749266368,3.14000000,40.00000000,2.957
1749266671,2.96100000,97.20000000,2.959
1749266671,2.96200000,252.50000000,2.959
1749266671,2.96300000,301.60000000,2.959
1749266671,2.96400000,497.00000000,2.959
1749266671,2.96500000,1266.90000000,2.959
1749266671,2.96600000,559.30000000,2.959
1749266671,2.96700000,689.70000000,2.959
1749266671,2.96800000,831.10000000,2.959
1749266671,2.96900000,1093.00000000,2.959
1749266671,2.97000000,149.10000000,2.959
1749266671,2.97100000,356.00000000,2.959
1749266671,2.97200000,1036.60000000,2.959
1749266671,2.97300000,384.10000000,2.959
1749266671,2.97400000,81.00000000,2.959
1749266671,2.97500000,172.50000000,2.959
1749266671,2.97600000,252.90000000,2.959
1749266671,2.97700000,184.10000000,2.959
1749266671,2.97800000,864.10000000,2.959
1749266671,2.97900000,189.50000000,2.959
1749266671,2.98000000,303.70000000,2.959
1749266671,2.98100000,687.90000000,2.959
1749266671,2.98200000,97.20000000,2.959
1749266671,2.98300000,108.50000000,2.959
1749266671,2.98400000,766.10000000,2.959
1749266671,2.98500000,194.90000000,2.959
1749266671,2.98600000,102.60000000,2.959
1749266671,2.98700000,133.40000000,2.959
1749266671,2.98800000,261.90000000,2.959
1749266671,2.98900000,196.40000000,2.959
1749266671,2.99000000,40.00000000,2.959
1749266671,2.99500000,564.60000000,2.959
1749266671,2.99600000,378.70000000,2.959
1749266671,2.99700000,15.50000000,2.959
1749266671,2.99900000,169.10000000,2.959
1749266671,3.00000000,103.00000000,2.959
1749266671,3.00100000,15.20000000,2.959
1749266671,3.00700000,15.40000000,2.959
1749266671,3.01000000,59.60000000,2.959
1749266671,3.01300000,681.60000000,2.959
1749266671,3.02000000,40.00000000,2.959
1749266671,3.02100000,4.80000000,2.959
1749266671,3.02300000,4.90000000,2.959
1749266671,3.02400000,42.90000000,2.959
1749266671,3.03000000,40.00000000,2.959
1749266671,3.03200000,325.70000000,2.959
1749266671,3.03300000,83.70000000,2.959
1749266671,3.03500000,1070.90000000,2.959
1749266671,3.04000000,40.00000000,2.959
1749266671,3.04600000,5.60000000,2.959
1749266671,3.05000000,40.00000000,2.959
1749266671,3.05700000,338.50000000,2.959
1749266671,3.06000000,37.80000000,2.959
1749266671,3.06300000,5.30000000,2.959
1749266671,3.06400000,5.30000000,2.959
1749266671,3.06500000,25.60000000,2.959
1749266671,3.06600000,5.30000000,2.959
1749266671,3.06700000,34.50000000,2.959
1749266671,3.06800000,1244.60000000,2.959
1749266671,3.07000000,40.00000000,2.959
1749266671,3.07200000,5.20000000,2.959
1749266671,3.07300000,5.30000000,2.959
1749266671,3.07800000,5.30000000,2.959
1749266671,3.08000000,40.00000000,2.959
1749266671,3.08100000,3.50000000,2.959
1749266671,3.08700000,4.80000000,2.959
1749266671,3.09000000,377.80000000,2.959
1749266671,3.09900000,19.80000000,2.959
1749266671,3.10000000,61.30000000,2.959
1749266671,3.10100000,5.20000000,2.959
1749266671,3.10200000,10.40000000,2.959
1749266671,3.10800000,20.80000000,2.959
1749266671,3.10900000,10.40000000,2.959
1749266671,3.11000000,45.20000000,2.959
1749266671,3.11100000,10.40000000,2.959
1749266671,3.11200000,5.20000000,2.959
1749266671,3.11300000,5.20000000,2.959
1749266671,3.11400000,10.40000000,2.959
1749266671,3.11500000,5.20000000,2.959
1749266671,3.11600000,5.20000000,2.959
1749266671,3.11700000,15.60000000,2.959
1749266671,3.11900000,16.30000000,2.959
1749266671,3.12000000,40.00000000,2.959
1749266671,3.12100000,9.20000000,2.959
1749266671,3.12200000,10.40000000,2.959
1749266671,3.12300000,10.40000000,2.959
1749266671,3.12400000,26.00000000,2.959
1749266671,3.12800000,4.90000000,2.959
1749266671,3.12900000,5.20000000,2.959
1749266671,3.13000000,40.00000000,2.959
1749266671,3.13100000,10.30000000,2.959
1749266671,3.13200000,5.20000000,2.959
1749266671,3.13300000,18.40000000,2.959
1749266671,3.13400000,5.20000000,2.959
1749266671,3.13500000,5.20000000,2.959
1749266671,3.13700000,10.40000000,2.959
1749266671,3.14000000,40.00000000,2.959
1749266671,3.14400000,14.70000000,2.959
1749266671,3.14700000,10.20000000,2.959
1749266671,3.15000000,40.00000000,2.959
1749266671,3.15200000,5.10000000,2.959
1749266973,2.95700000,81.00000000,2.959
1749266973,2.95800000,259.90000000,2.959
1749266973,2.95900000,481.00000000,2.959
1749266973,2.96000000,827.50000000,2.959
1749266973,2.96100000,908.30000000,2.959
1749266973,2.96200000,639.90000000,2.959
1749266973,2.96300000,1672.40000000,2.959
1749266973,2.96400000,668.20000000,2.959
1749266973,2.96500000,356.00000000,2.959
1749266973,2.96600000,1114.00000000,2.959
1749266973,2.96700000,428.80000000,2.959
1749266973,2.96800000,203.80000000,2.959
1749266973,2.96900000,989.70000000,2.959
1749266973,2.97000000,121.00000000,2.959
1749266973,2.97100000,1311.80000000,2.959
1749266973,2.97200000,81.00000000,2.959
1749266973,2.97300000,356.00000000,2.959
1749266973,2.97400000,81.00000000,2.959
1749266973,2.97500000,337.80000000,2.959
1749266973,2.97600000,252.90000000,2.959
1749266973,2.97700000,184.10000000,2.959
1749266973,2.97800000,698.80000000,2.959
1749266973,2.97900000,189.50000000,2.959
1749266973,2.98000000,303.70000000,2.959
1749266973,2.98100000,687.90000000,2.959
1749266973,2.98200000,97.20000000,2.959
1749266973,2.98300000,108.50000000,2.959
1749266973,2.98400000,688.10000000,2.959
1749266973,2.98500000,113.90000000,2.959
1749266973,2.98600000,21.60000000,2.959
1749266973,2.98700000,52.40000000,2.959
1749266973,2.98800000,180.90000000,2.959
1749266973,2.98900000,196.40000000,2.959
1749266973,2.99000000,40.00000000,2.959
1749266973,2.99200000,78.00000000,2.959
1749266973,2.99500000,564.60000000,2.959
1749266973,2.99600000,378.70000000,2.959
1749266973,2.99700000,15.50000000,2.959
1749266973,2.99900000,169.10000000,2.959
1749266973,3.00000000,103.00000000,2.959
1749266973,3.00100000,15.20000000,2.959
1749266973,3.00700000,15.40000000,2.959
1749266973,3.01000000,59.60000000,2.959
1749266973,3.01300000,681.60000000,2.959
1749266973,3.02000000,40.00000000,2.959
1749266973,3.02100000,4.80000000,2.959
1749266973,3.02300000,4.90000000,2.959
1749266973,3.02400000,42.90000000,2.959
1749266973,3.03000000,40.00000000,2.959
1749266973,3.03200000,325.70000000,2.959
1749266973,3.03300000,83.70000000,2.959
1749266973,3.03500000,1070.90000000,2.959
1749266973,3.04000000,40.00000000,2.959
1749266973,3.04600000,5.60000000,2.959
1749266973,3.05000000,40.00000000,2.959
1749266973,3.05700000,338.50000000,2.959
1749266973,3.06000000,37.80000000,2.959
1749266973,3.06300000,5.30000000,2.959
1749266973,3.06400000,5.30000000,2.959
1749266973,3.06500000,25.60000000,2.959
1749266973,3.06600000,5.30000000,2.959
1749266973,3.06700000,34.50000000,2.959
1749266973,3.06800000,1244.60000000,2.959
1749266973,3.07000000,40.00000000,2.959
1749266973,3.07200000,5.20000000,2.959
1749266973,3.07300000,5.30000000,2.959
1749266973,3.07800000,5.30000000,2.959
1749266973,3.08000000,40.00000000,2.959
1749266973,3.08100000,3.50000000,2.959
1749266973,3.08700000,4.80000000,2.959
1749266973,3.09000000,377.80000000,2.959
1749266973,3.09900000,19.80000000,2.959
1749266973,3.10000000,61.30000000,2.959
1749266973,3.10100000,5.20000000,2.959
1749266973,3.10200000,10.40000000,2.959
1749266973,3.10800000,20.80000000,2.959
1749266973,3.10900000,10.40000000,2.959
1749266973,3.11000000,45.20000000,2.959
1749266973,3.11100000,10.40000000,2.959
1749266973,3.11200000,5.20000000,2.959
1749266973,3.11300000,5.20000000,2.959
1749266973,3.11400000,10.40000000,2.959
1749266973,3.11500000,5.20000000,2.959
1749266973,3.11600000,5.20000000,2.959
1749266973,3.11700000,15.60000000,2.959
1749266973,3.11900000,16.30000000,2.959
1749266973,3.12000000,40.00000000,2.959
1749266973,3.12100000,9.20000000,2.959
1749266973,3.12200000,10.40000000,2.959
1749266973,3.12300000,10.40000000,2.959
1749266973,3.12400000,26.00000000,2.959
1749266973,3.12800000,4.90000000,2.959
1749266973,3.12900000,5.20000000,2.959
1749266973,3.13000000,40.00000000,2.959
1749266973,3.13100000,10.30000000,2.959
1749266973,3.13200000,5.20000000,2.959
1749266973,3.13300000,18.40000000,2.959
1749266973,3.13400000,5.20000000,2.959
1749266973,3.13500000,5.20000000,2.959
1749266973,3.13700000,10.40000000,2.959
1749267274,2.95700000,23.40000000,2.957
1749267274,2.95800000,259.90000000,2.957
1749267274,2.95900000,692.80000000,2.957
1749267274,2.96000000,1254.40000000,2.957
1749267274,2.96100000,1097.80000000,2.957
1749267274,2.96200000,1274.30000000,2.957
1749267274,2.96300000,440.50000000,2.957
1749267274,2.96400000,517.50000000,2.957
1749267274,2.96500000,509.80000000,2.957
1749267274,2.96600000,1682.40000000,2.957
1749267274,2.96700000,392.90000000,2.957
1749267274,2.96800000,1093.00000000,2.957
1749267274,2.96900000,389.70000000,2.957
1749267274,2.97000000,121.00000000,2.957
1749267274,2.97100000,356.00000000,2.957
1749267274,2.97200000,246.30000000,2.957
1749267274,2.97300000,539.20000000,2.957
1749267274,2.97400000,81.00000000,2.957
1749267274,2.97500000,172.50000000,2.957
1749267274,2.97600000,252.90000000,2.957
1749267274,2.97700000,184.10000000,2.957
1749267274,2.97800000,515.60000000,2.957
1749267274,2.97900000,465.60000000,2.957
1749267274,2.98000000,303.70000000,2.957
1749267274,2.98100000,687.90000000,2.957
1749267274,2.98200000,97.20000000,2.957
1749267274,2.98300000,108.50000000,2.957
1749267274,2.98400000,332.00000000,2.957
1749267274,2.98500000,113.90000000,2.957
1749267274,2.98600000,21.60000000,2.957
1749267274,2.98700000,52.40000000,2.957
1749267274,2.98800000,180.90000000,2.957
1749267274,2.98900000,196.40000000,2.957
1749267274,2.99000000,40.00000000,2.957
1749267274,2.99200000,78.00000000,2.957
1749267274,2.99500000,564.60000000,2.957
1749267274,2.99600000,378.70000000,2.957
1749267274,2.99700000,15.50000000,2.957
1749267274,2.99900000,169.10000000,2.957
1749267274,3.00000000,103.00000000,2.957
1749267274,3.00100000,15.20000000,2.957
1749267274,3.00700000,15.40000000,2.957
1749267274,3.01000000,59.60000000,2.957
1749267274,3.01300000,681.60000000,2.957
1749267274,3.02000000,40.00000000,2.957
1749267274,3.02100000,4.80000000,2.957
1749267274,3.02300000,4.90000000,2.957
1749267274,3.02400000,42.90000000,2.957
1749267274,3.03000000,40.00000000,2.957
1749267274,3.03200000,325.70000000,2.957
1749267274,3.03300000,83.70000000,2.957
1749267274,3.03500000,1070.90000000,2.957
1749267274,3.04000000,40.00000000,2.957
1749267274,3.04600000,5.60000000,2.957
1749267274,3.05000000,40.00000000,2.957
1749267274,3.05700000,338.50000000,2.957
1749267274,3.06000000,37.80000000,2.957
1749267274,3.06300000,5.30000000,2.957
1749267274,3.06400000,5.30000000,2.957
1749267274,3.06500000,25.60000000,2.957
1749267274,3.06600000,5.30000000,2.957
1749267274,3.06700000,15.90000000,2.957
1749267274,3.06800000,1244.60000000,2.957
1749267274,3.07000000,40.00000000,2.957
1749267274,3.07200000,5.20000000,2.957
1749267274,3.07300000,5.30000000,2.957
1749267274,3.07800000,5.30000000,2.957
1749267274,3.08000000,40.00000000,2.957
1749267274,3.08100000,3.50000000,2.957
1749267274,3.08700000,4.80000000,2.957
1749267274,3.09000000,377.80000000,2.957
1749267274,3.09900000,19.80000000,2.957
1749267274,3.10000000,61.30000000,2.957
1749267274,3.10100000,5.20000000,2.957
1749267274,3.10200000,10.40000000,2.957
1749267274,3.10800000,20.80000000,2.957
1749267274,3.10900000,10.40000000,2.957
1749267274,3.11000000,45.20000000,2.957
1749267274,3.11100000,10.40000000,2.957
1749267274,3.11200000,5.20000000,2.957
1749267274,3.11300000,5.20000000,2.957
1749267274,3.11400000,10.40000000,2.957
1749267274,3.11500000,5.20000000,2.957
1749267274,3.11600000,5.20000000,2.957
1749267274,3.11700000,15.60000000,2.957
1749267274,3.11900000,16.30000000,2.957
1749267274,3.12000000,40.00000000,2.957
1749267274,3.12100000,9.20000000,2.957
1749267274,3.12200000,10.40000000,2.957
1749267274,3.12300000,10.40000000,2.957
1749267274,3.12400000,26.00000000,2.957
1749267274,3.12800000,4.90000000,2.957
1749267274,3.12900000,5.20000000,2.957
1749267274,3.13000000,40.00000000,2.957
1749267274,3.13100000,10.30000000,2.957
1749267274,3.13200000,5.20000000,2.957
1749267274,3.13300000,18.40000000,2.957
1749267274,3.13400000,5.20000000,2.957
1749267274,3.13500000,5.20000000,2.957
1749267274,3.13700000,10.40000000,2.957
1749267576,2.96300000,133.70000000,2.96
1749267576,2.96400000,581.80000000,2.96
1749267576,2.96500000,1181.90000000,2.96
1749267576,2.96600000,900.80000000,2.96
1749267576,2.96700000,659.20000000,2.96
1749267576,2.96800000,1084.90000000,2.96
1749267576,2.96900000,1123.60000000,2.96
1749267576,2.97000000,558.50000000,2.96
1749267576,2.97100000,525.90000000,2.96
1749267576,2.97200000,81.00000000,2.96
1749267576,2.97300000,434.10000000,2.96
1749267576,2.97400000,81.00000000,2.96
1749267576,2.97500000,1292.80000000,2.96
1749267576,2.97600000,252.90000000,2.96
1749267576,2.97700000,184.10000000,2.96
1749267576,2.97800000,698.80000000,2.96
1749267576,2.97900000,189.50000000,2.96
1749267576,2.98000000,303.70000000,2.96
1749267576,2.98100000,687.90000000,2.96
1749267576,2.98200000,97.20000000,2.96
1749267576,2.98300000,189.50000000,2.96
1749267576,2.98400000,686.60000000,2.96
1749267576,2.98500000,194.90000000,2.96
1749267576,2.98600000,102.60000000,2.96
1749267576,2.98700000,133.40000000,2.96
1749267576,2.98800000,261.90000000,2.96
1749267576,2.98900000,196.40000000,2.96
1749267576,2.99000000,40.00000000,2.96
1749267576,2.99200000,249.90000000,2.96
1749267576,2.99500000,564.60000000,2.96
1749267576,2.99600000,378.70000000,2.96
1749267576,2.99900000,169.10000000,2.96
1749267576,3.00000000,103.00000000,2.96
1749267576,3.00100000,15.20000000,2.96
1749267576,3.00500000,15.50000000,2.96
1749267576,3.01000000,44.80000000,2.96
1749267576,3.01300000,681.60000000,2.96
1749267576,3.01500000,15.40000000,2.96
1749267576,3.01800000,14.80000000,2.96
1749267576,3.02000000,40.00000000,2.96
1749267576,3.02100000,4.80000000,2.96
1749267576,3.02300000,4.90000000,2.96
1749267576,3.02400000,42.90000000,2.96
1749267576,3.03000000,40.00000000,2.96
1749267576,3.03200000,325.70000000,2.96
1749267576,3.03300000,83.70000000,2.96
1749267576,3.03500000,1070.90000000,2.96
1749267576,3.04000000,40.00000000,2.96
1749267576,3.04600000,5.60000000,2.96
1749267576,3.05000000,40.00000000,2.96
1749267576,3.05700000,338.50000000,2.96
1749267576,3.06000000,37.80000000,2.96
1749267576,3.06300000,5.30000000,2.96
1749267576,3.06400000,5.30000000,2.96
1749267576,3.06500000,25.60000000,2.96
1749267576,3.06600000,5.30000000,2.96
1749267576,3.06700000,15.90000000,2.96
1749267576,3.06800000,1244.60000000,2.96
1749267576,3.07000000,40.00000000,2.96
1749267576,3.07200000,5.20000000,2.96
1749267576,3.07300000,5.30000000,2.96
1749267576,3.07800000,5.30000000,2.96
1749267576,3.08000000,40.00000000,2.96
1749267576,3.08100000,3.50000000,2.96
1749267576,3.08700000,4.80000000,2.96
1749267576,3.09000000,377.80000000,2.96
1749267576,3.09900000,19.80000000,2.96
1749267576,3.10000000,61.30000000,2.96
1749267576,3.10100000,5.20000000,2.96
1749267576,3.10200000,10.40000000,2.96
1749267576,3.10800000,20.80000000,2.96
1749267576,3.10900000,10.40000000,2.96
1749267576,3.11000000,45.20000000,2.96
1749267576,3.11100000,10.40000000,2.96
1749267576,3.11200000,5.20000000,2.96
1749267576,3.11300000,5.20000000,2.96
1749267576,3.11400000,10.40000000,2.96
1749267576,3.11500000,5.20000000,2.96
1749267576,3.11600000,5.20000000,2.96
1749267576,3.11700000,15.60000000,2.96
1749267576,3.11900000,16.30000000,2.96
1749267576,3.12000000,40.00000000,2.96
1749267576,3.12100000,9.20000000,2.96
1749267576,3.12200000,10.40000000,2.96
1749267576,3.12300000,10.40000000,2.96
1749267576,3.12400000,26.00000000,2.96
1749267576,3.12800000,4.90000000,2.96
1749267576,3.12900000,5.20000000,2.96
1749267576,3.13000000,40.00000000,2.96
1749267576,3.13100000,10.30000000,2.96
1749267576,3.13200000,5.20000000,2.96
1749267576,3.13300000,18.40000000,2.96
1749267576,3.13400000,5.20000000,2.96
1749267576,3.13500000,5.20000000,2.96
1749267576,3.13700000,10.40000000,2.96
1749267576,3.14000000,40.00000000,2.96
1749267576,3.14400000,14.70000000,2.96
1749267576,3.14700000,10.20000000,2.96
1749267576,3.15000000,40.00000000,2.96
1749267576,3.15200000,5.10000000,2.96
1749267878,2.96300000,259.80000000,2.962
1749267878,2.96400000,506.30000000,2.962
1749267878,2.96500000,999.60000000,2.962
1749267878,2.96600000,1500.50000000,2.962
1749267878,2.96700000,1090.80000000,2.962
1749267878,2.96800000,1302.10000000,2.962
1749267878,2.96900000,477.20000000,2.962
1749267878,2.97000000,749.80000000,2.962
1749267878,2.97100000,865.70000000,2.962
1749267878,2.97200000,681.00000000,2.962
1749267878,2.97300000,417.80000000,2.962
1749267878,2.97400000,131.00000000,2.962
1749267878,2.97500000,1127.60000000,2.962
1749267878,2.97600000,252.90000000,2.962
1749267878,2.97700000,184.10000000,2.962
1749267878,2.97800000,864.10000000,2.962
1749267878,2.97900000,189.50000000,2.962
1749267878,2.98000000,303.70000000,2.962
1749267878,2.98100000,687.90000000,2.962
1749267878,2.98200000,97.20000000,2.962
1749267878,2.98300000,189.50000000,2.962
1749267878,2.98400000,686.60000000,2.962
1749267878,2.98500000,194.90000000,2.962
1749267878,2.98600000,102.60000000,2.962
1749267878,2.98700000,133.40000000,2.962
1749267878,2.98800000,261.90000000,2.962
1749267878,2.98900000,192.30000000,2.962
1749267878,2.99000000,40.00000000,2.962
1749267878,2.99200000,249.90000000,2.962
1749267878,2.99500000,85.00000000,2.962
1749267878,2.99600000,378.70000000,2.962
1749267878,2.99900000,169.10000000,2.962
1749267878,3.00000000,103.00000000,2.962
1749267878,3.00100000,15.20000000,2.962
1749267878,3.00200000,562.60000000,2.962
1749267878,3.00500000,15.50000000,2.962
1749267878,3.01000000,44.80000000,2.962
1749267878,3.01300000,681.60000000,2.962
1749267878,3.01500000,15.40000000,2.962
1749267878,3.01800000,14.80000000,2.962
1749267878,3.02000000,40.00000000,2.962
1749267878,3.02100000,4.80000000,2.962
1749267878,3.02300000,4.90000000,2.962
1749267878,3.02400000,42.90000000,2.962
1749267878,3.03000000,40.00000000,2.962
1749267878,3.03300000,83.70000000,2.962
1749267878,3.03500000,1070.90000000,2.962
1749267878,3.04000000,365.70000000,2.962
1749267878,3.04600000,5.60000000,2.962
1749267878,3.05000000,40.00000000,2.962
1749267878,3.06000000,37.80000000,2.962
1749267878,3.06300000,5.30000000,2.962
1749267878,3.06400000,5.30000000,2.962
1749267878,3.06500000,364.10000000,2.962
1749267878,3.06600000,5.30000000,2.962
1749267878,3.06700000,15.90000000,2.962
1749267878,3.06800000,1244.60000000,2.962
1749267878,3.07000000,40.00000000,2.962
1749267878,3.07200000,5.20000000,2.962
1749267878,3.07300000,5.30000000,2.962
1749267878,3.07800000,5.30000000,2.962
1749267878,3.08000000,40.00000000,2.962
1749267878,3.08100000,3.50000000,2.962
1749267878,3.08700000,4.80000000,2.962
1749267878,3.09000000,377.80000000,2.962
1749267878,3.09900000,19.80000000,2.962
1749267878,3.10000000,61.30000000,2.962
1749267878,3.10100000,5.20000000,2.962
1749267878,3.10200000,10.40000000,2.962
1749267878,3.10800000,20.80000000,2.962
1749267878,3.10900000,10.40000000,2.962
1749267878,3.11000000,45.20000000,2.962
1749267878,3.11100000,10.40000000,2.962
1749267878,3.11200000,5.20000000,2.962
1749267878,3.11300000,5.20000000,2.962
1749267878,3.11400000,10.40000000,2.962
1749267878,3.11500000,5.20000000,2.962
1749267878,3.11600000,5.20000000,2.962
1749267878,3.11700000,15.60000000,2.962
1749267878,3.11900000,16.30000000,2.962
1749267878,3.12000000,40.00000000,2.962
1749267878,3.12100000,9.20000000,2.962
1749267878,3.12200000,10.40000000,2.962
1749267878,3.12300000,10.40000000,2.962
1749267878,3.12400000,26.00000000,2.962
1749267878,3.12800000,4.90000000,2.962
1749267878,3.12900000,5.20000000,2.962
1749267878,3.13000000,40.00000000,2.962
1749267878,3.13100000,10.30000000,2.962
1749267878,3.13200000,5.20000000,2.962
1749267878,3.13300000,18.40000000,2.962
1749267878,3.13400000,5.20000000,2.962
1749267878,3.13500000,5.20000000,2.962
1749267878,3.13700000,10.40000000,2.962
1749267878,3.14000000,40.00000000,2.962
1749267878,3.14400000,14.70000000,2.962
1749267878,3.14700000,10.20000000,2.962
1749267878,3.15000000,40.00000000,2.962
1749267878,3.15200000,5.10000000,2.962
1749267878,3.15300000,10.20000000,2.962
1749268179,2.96500000,27.20000000,2.966
1749268179,2.96600000,387.10000000,2.966
1749268179,2.96700000,623.10000000,2.966
1749268179,2.96800000,1092.00000000,2.966
1749268179,2.96900000,1802.40000000,2.966
1749268179,2.97000000,559.40000000,2.966
1749268179,2.97100000,715.90000000,2.966
1749268179,2.97200000,1400.90000000,2.966
1749268179,2.97300000,459.20000000,2.966
1749268179,2.97400000,177.70000000,2.966
1749268179,2.97500000,1161.20000000,2.966
1749268179,2.97600000,252.90000000,2.966
1749268179,2.97700000,184.10000000,2.966
1749268179,2.97800000,698.80000000,2.966
1749268179,2.97900000,189.50000000,2.966
1749268179,2.98000000,303.70000000,2.966
1749268179,2.98100000,853.20000000,2.966
1749268179,2.98200000,97.20000000,2.966
1749268179,2.98300000,189.50000000,2.966
1749268179,2.98400000,686.60000000,2.966
1749268179,2.98500000,194.90000000,2.966
1749268179,2.98600000,102.60000000,2.966
1749268179,2.98700000,133.40000000,2.966
1749268179,2.98800000,261.90000000,2.966
1749268179,2.98900000,192.30000000,2.966
1749268179,2.99000000,121.00000000,2.966
1749268179,2.99200000,330.90000000,2.966
1749268179,2.99500000,85.00000000,2.966
1749268179,2.99600000,171.90000000,2.966
1749268179,2.99900000,169.10000000,2.966
1749268179,3.00000000,103.00000000,2.966
1749268179,3.00200000,562.60000000,2.966
1749268179,3.00500000,394.20000000,2.966
1749268179,3.00900000,15.20000000,2.966
