timestamp,price,volume,current_price
1749254700,0.22880000,2234.60000000,0.2289
1749254700,0.22890000,3030.80000000,0.2289
1749254700,0.22900000,3500.40000000,0.2289
1749254700,0.22910000,6760.30000000,0.2289
1749254700,0.22920000,4564.90000000,0.2289
1749254700,0.22930000,8674.10000000,0.2289
1749254700,0.22940000,1792.50000000,0.2289
1749254700,0.22950000,6832.80000000,0.2289
1749254700,0.22960000,18323.90000000,0.2289
1749254700,0.22970000,5998.50000000,0.2289
1749254700,0.22980000,1822.20000000,0.2289
1749254700,0.22990000,6210.40000000,0.2289
1749254700,0.23000000,22348.70000000,0.2289
1749254700,0.23010000,5997.70000000,0.2289
1749254700,0.23020000,3611.10000000,0.2289
1749254700,0.23030000,5997.10000000,0.2289
1749254700,0.23040000,1820.60000000,0.2289
1749254700,0.23050000,6154.40000000,0.2289
1749254700,0.23060000,1079.30000000,0.2289
1749254700,0.23070000,5910.40000000,0.2289
1749254700,0.23080000,1099.30000000,0.2289
1749254700,0.23090000,5275.40000000,0.2289
1749254700,0.23100000,1125.60000000,0.2289
1749254700,0.23110000,5275.40000000,0.2289
1749254700,0.23130000,5275.40000000,0.2289
1749254700,0.23150000,5275.40000000,0.2289
1749254700,0.23170000,13542.50000000,0.2289
1749254700,0.23190000,4285.40000000,0.2289
1749254700,0.23200000,509.10000000,0.2289
1749254700,0.23210000,214.70000000,0.2289
1749254700,0.23230000,161.60000000,0.2289
1749254700,0.23240000,4945.00000000,0.2289
1749254700,0.23270000,214.50000000,0.2289
1749254700,0.23310000,1762.80000000,0.2289
1749254700,0.23380000,475.60000000,0.2289
1749254700,0.23390000,1962.10000000,0.2289
1749254700,0.23400000,181.20000000,0.2289
1749254700,0.23480000,180.90000000,0.2289
1749254700,0.23500000,15156.40000000,0.2289
1749254700,0.23520000,5109.70000000,0.2289
1749254700,0.23560000,632.00000000,0.2289
1749254700,0.23580000,72.80000000,0.2289
1749254700,0.23600000,357.30000000,0.2289
1749254700,0.23630000,2607.70000000,0.2289
1749254700,0.23750000,301.70000000,0.2289
1749254700,0.23760000,178.60000000,0.2289
1749254700,0.23780000,23.50000000,0.2289
1749254700,0.24060000,176.50000000,0.2289
1749254700,0.24080000,249.60000000,0.2289
1749254700,0.24120000,23.20000000,0.2289
1749254700,0.24210000,25.10000000,0.2289
1749254700,0.24230000,20.70000000,0.2289
1749254700,0.24330000,23.00000000,0.2289
1749254700,0.24350000,174.30000000,0.2289
1749254700,0.24380000,71.20000000,0.2289
1749254700,0.24400000,2605.30000000,0.2289
1749254700,0.24430000,2605.30000000,0.2289
1749254700,0.24450000,2605.30000000,0.2289
1749254700,0.24470000,2605.30000000,0.2289
1749254700,0.24500000,2605.30000000,0.2289
1749254700,0.24620000,69.70000000,0.2289
1749254700,0.24650000,172.20000000,0.2289
1749254700,0.24660000,20.40000000,0.2289
1749254700,0.24690000,24.60000000,0.2289
1749254700,0.24800000,28.70000000,0.2289
1749254700,0.24810000,208.00000000,0.2289
1749254700,0.24860000,22.50000000,0.2289
1749254700,0.24940000,22.50000000,0.2289
1749254700,0.24950000,170.20000000,0.2289
1749254700,0.24960000,28.00000000,0.2289
1749254700,0.25000000,693.10000000,0.2289
1749254700,0.25070000,44.10000000,0.2289
1749254700,0.25120000,258.00000000,0.2289
1749254700,0.25170000,37.70000000,0.2289
1749254700,0.25210000,122.70000000,0.2289
1749254700,0.25250000,131.30000000,0.2289
1749254700,0.25340000,22.50000000,0.2289
1749254700,0.25380000,48.70000000,0.2289
1749254700,0.25420000,171.60000000,0.2289
1749254700,0.25500000,1012.80000000,0.2289
1749254700,0.25570000,168.10000000,0.2289
1749254700,0.25600000,326.40000000,0.2289
1749254700,0.25610000,21.90000000,0.2289
1749254700,0.25830000,22.50000000,0.2289
1749254700,0.25880000,164.00000000,0.2289
1749254700,0.25940000,34.90000000,0.2289
1749254700,0.25950000,23.40000000,0.2289
1749254700,0.26000000,1035.80000000,0.2289
1749254700,0.26030000,79.90000000,0.2289
1749254700,0.26160000,24.60000000,0.2289
1749254700,0.26200000,162.10000000,0.2289
1749254700,0.26230000,78.80000000,0.2289
1749254700,0.26310000,22.50000000,0.2289
1749254700,0.26350000,21.30000000,0.2289
1749254700,0.26380000,48.70000000,0.2289
1749254700,0.26500000,216.70000000,0.2289
1749254700,0.26510000,2080.40000000,0.2289
1749254700,0.26520000,160.10000000,0.2289
1749254700,0.26630000,106.80000000,0.2289
1749254700,0.26790000,121.00000000,0.2289
1749255031,0.22860000,1590.00000000,0.2285
1749255031,0.22870000,2554.30000000,0.2285
1749255031,0.22880000,5341.60000000,0.2285
1749255031,0.22890000,9989.40000000,0.2285
1749255031,0.22900000,13112.30000000,0.2285
1749255031,0.22910000,6799.90000000,0.2285
1749255031,0.22920000,2272.40000000,0.2285
1749255031,0.22930000,8674.10000000,0.2285
1749255031,0.22940000,8718.80000000,0.2285
1749255031,0.22950000,6828.00000000,0.2285
1749255031,0.22960000,11369.00000000,0.2285
1749255031,0.22970000,5998.50000000,0.2285
1749255031,0.22980000,1821.90000000,0.2285
1749255031,0.22990000,5998.20000000,0.2285
1749255031,0.23000000,22355.90000000,0.2285
1749255031,0.23010000,5997.70000000,0.2285
1749255031,0.23020000,1821.10000000,0.2285
1749255031,0.23030000,7778.50000000,0.2285
1749255031,0.23040000,2032.10000000,0.2285
1749255031,0.23050000,6154.40000000,0.2285
1749255031,0.23060000,1099.10000000,0.2285
1749255031,0.23070000,5910.40000000,0.2285
1749255031,0.23080000,990.00000000,0.2285
1749255031,0.23090000,5275.40000000,0.2285
1749255031,0.23100000,1125.60000000,0.2285
1749255031,0.23110000,5275.40000000,0.2285
1749255031,0.23130000,5275.40000000,0.2285
1749255031,0.23150000,5275.40000000,0.2285
1749255031,0.23170000,13542.50000000,0.2285
1749255031,0.23190000,4285.40000000,0.2285
1749255031,0.23200000,509.10000000,0.2285
1749255031,0.23210000,429.20000000,0.2285
1749255031,0.23230000,161.60000000,0.2285
1749255031,0.23240000,4945.00000000,0.2285
1749255031,0.23310000,1762.80000000,0.2285
1749255031,0.23380000,187.30000000,0.2285
1749255031,0.23390000,2250.40000000,0.2285
1749255031,0.23400000,181.20000000,0.2285
1749255031,0.23480000,180.90000000,0.2285
1749255031,0.23500000,15156.40000000,0.2285
1749255031,0.23520000,5109.70000000,0.2285
1749255031,0.23560000,632.00000000,0.2285
1749255031,0.23580000,72.80000000,0.2285
1749255031,0.23600000,357.30000000,0.2285
1749255031,0.23630000,2607.70000000,0.2285
1749255031,0.23750000,301.70000000,0.2285
1749255031,0.23760000,178.60000000,0.2285
1749255031,0.23780000,23.50000000,0.2285
1749255031,0.24060000,176.50000000,0.2285
1749255031,0.24080000,249.60000000,0.2285
1749255031,0.24120000,23.20000000,0.2285
1749255031,0.24210000,25.10000000,0.2285
1749255031,0.24230000,20.70000000,0.2285
1749255031,0.24330000,23.00000000,0.2285
1749255031,0.24350000,174.30000000,0.2285
1749255031,0.24380000,71.20000000,0.2285
1749255031,0.24400000,2605.30000000,0.2285
1749255031,0.24430000,2605.30000000,0.2285
1749255031,0.24450000,2605.30000000,0.2285
1749255031,0.24470000,2605.30000000,0.2285
1749255031,0.24500000,2605.30000000,0.2285
1749255031,0.24620000,69.70000000,0.2285
1749255031,0.24650000,172.20000000,0.2285
1749255031,0.24660000,20.40000000,0.2285
1749255031,0.24690000,24.60000000,0.2285
1749255031,0.24800000,28.70000000,0.2285
1749255031,0.24810000,208.00000000,0.2285
1749255031,0.24860000,22.50000000,0.2285
1749255031,0.24940000,22.50000000,0.2285
1749255031,0.24950000,170.20000000,0.2285
1749255031,0.24960000,28.00000000,0.2285
1749255031,0.25000000,693.10000000,0.2285
1749255031,0.25070000,44.10000000,0.2285
1749255031,0.25120000,258.00000000,0.2285
1749255031,0.25170000,37.70000000,0.2285
1749255031,0.25210000,122.70000000,0.2285
1749255031,0.25250000,131.30000000,0.2285
1749255031,0.25340000,22.50000000,0.2285
1749255031,0.25380000,48.70000000,0.2285
1749255031,0.25420000,171.60000000,0.2285
1749255031,0.25500000,1012.80000000,0.2285
1749255031,0.25570000,168.10000000,0.2285
1749255031,0.25600000,326.40000000,0.2285
1749255031,0.25610000,21.90000000,0.2285
1749255031,0.25830000,22.50000000,0.2285
1749255031,0.25880000,164.00000000,0.2285
1749255031,0.25940000,34.90000000,0.2285
1749255031,0.25950000,23.40000000,0.2285
1749255031,0.26000000,1035.80000000,0.2285
1749255031,0.26030000,79.90000000,0.2285
1749255031,0.26160000,24.60000000,0.2285
1749255031,0.26200000,162.10000000,0.2285
1749255031,0.26230000,78.80000000,0.2285
1749255031,0.26310000,22.50000000,0.2285
1749255031,0.26350000,21.30000000,0.2285
1749255031,0.26380000,48.70000000,0.2285
1749255031,0.26500000,216.70000000,0.2285
1749255031,0.26510000,2080.40000000,0.2285
1749255031,0.26520000,160.10000000,0.2285
1749255031,0.26630000,106.80000000,0.2285
