timestamp,price,volume,current_price
1749258419,124.10000000,3.01700000,123.9
1749258419,124.20000000,3.57000000,123.9
1749258419,124.30000000,6.65500000,123.9
1749258419,124.40000000,15.18700000,123.9
1749258419,124.50000000,21.53300000,123.9
1749258419,124.60000000,6.14100000,123.9
1749258419,124.70000000,10.06600000,123.9
1749258419,124.80000000,48.73400000,123.9
1749258419,124.90000000,2.80500000,123.9
1749258419,125.00000000,8.64700000,123.9
1749258419,125.10000000,2.64000000,123.9
1749258419,125.20000000,165.47500000,123.9
1749258419,125.30000000,2.59400000,123.9
1749258419,125.40000000,2.59200000,123.9
1749258419,125.50000000,2.59000000,123.9
1749258419,125.60000000,2.58800000,123.9
1749258419,125.70000000,2.74500000,123.9
1749258419,125.80000000,2.58400000,123.9
1749258419,125.90000000,2.64000000,123.9
1749258419,126.00000000,2.58000000,123.9
1749258419,126.10000000,0.78400000,123.9
1749258419,126.30000000,0.54300000,123.9
1749258419,126.40000000,0.15800000,123.9
1749258419,126.50000000,733.62300000,123.9
1749258419,126.60000000,5.43400000,123.9
1749258419,127.20000000,3.65000000,123.9
1749258419,127.50000000,13.00400000,123.9
1749258419,127.60000000,0.04100000,123.9
1749258419,127.90000000,1.99300000,123.9
1749258419,128.80000000,0.11700000,123.9
1749258419,129.10000000,2.65500000,123.9
1749258419,129.20000000,0.04100000,123.9
1749258419,129.90000000,0.05800000,123.9
1749258419,130.00000000,0.40700000,123.9
1749258419,130.10000000,0.06600000,123.9
1749258419,130.20000000,1.97600000,123.9
1749258419,130.30000000,0.11700000,123.9
1749258419,130.40000000,0.04700000,123.9
1749258419,130.50000000,0.15400000,123.9
1749258419,130.60000000,0.12600000,123.9
1749258419,131.80000000,0.24600000,123.9
1749258419,131.90000000,0.05800000,123.9
1749258419,133.20000000,0.25200000,123.9
1749258419,133.40000000,0.11700000,123.9
1749258419,133.60000000,0.12000000,123.9
1749258419,133.80000000,0.06400000,123.9
1749258419,133.90000000,0.05800000,123.9
1749258419,134.10000000,0.07400000,123.9
1749258419,134.50000000,0.37800000,123.9
1749258419,134.90000000,0.29600000,123.9
1749258419,135.00000000,3.11700000,123.9
1749258419,135.40000000,0.32500000,123.9
1749258419,135.80000000,0.83200000,123.9
1749258419,135.90000000,2.46500000,123.9
1749258419,136.00000000,325.00000000,123.9
1749258419,136.20000000,0.03700000,123.9
1749258419,136.60000000,0.11700000,123.9
1749258419,136.70000000,0.50500000,123.9
1749258419,137.50000000,0.06200000,123.9
1749258419,137.70000000,0.08300000,123.9
1749258419,137.80000000,0.05800000,123.9
1749258419,138.30000000,0.11700000,123.9
1749258419,139.80000000,0.09400000,123.9
1749258419,139.90000000,0.23700000,123.9
1749258419,140.00000000,300.00000000,123.9
1749258419,141.10000000,0.06000000,123.9
1749258419,141.60000000,0.11700000,123.9
1749258419,141.80000000,0.09500000,123.9
1749258419,142.40000000,1.25100000,123.9
1749258419,143.00000000,0.03700000,123.9
1749258419,143.10000000,0.04300000,123.9
1749258419,143.30000000,0.11700000,123.9
1749258419,143.60000000,0.03600000,123.9
1749258419,143.80000000,0.05800000,123.9
1749258419,144.10000000,0.03900000,123.9
1749258419,144.50000000,0.03600000,123.9
1749258419,144.80000000,0.05900000,123.9
1749258419,145.00000000,403.44100000,123.9
1749258419,145.60000000,0.45200000,123.9
1749258419,145.80000000,0.05800000,123.9
1749258419,146.00000000,0.03500000,123.9
1749258419,146.20000000,0.12000000,123.9
1749258419,146.40000000,0.03600000,123.9
1749258419,146.70000000,0.11700000,123.9
1749258419,146.80000000,0.03600000,123.9
1749258419,146.90000000,0.31700000,123.9
1749258419,147.00000000,0.03600000,123.9
1749258419,147.60000000,2.01700000,123.9
1749258419,147.80000000,0.05800000,123.9
1749258419,148.40000000,1.00000000,123.9
1749258419,148.50000000,0.17400000,123.9
1749258419,149.00000000,0.39900000,123.9
1749258419,149.70000000,0.04200000,123.9
1749258419,149.80000000,0.05800000,123.9
1749258419,150.00000000,401.61500000,123.9
1749258419,150.30000000,0.11700000,123.9
1749258419,151.10000000,0.03700000,123.9
1749258419,151.80000000,0.05800000,123.9
1749258419,151.90000000,0.99700000,123.9
1749258419,152.10000000,0.11700000,123.9
1749258755,124.00000000,0.71900000,123.9
1749258755,124.10000000,2.51600000,123.9
1749258755,124.20000000,3.57000000,123.9
1749258755,124.30000000,12.65500000,123.9
1749258755,124.40000000,24.53200000,123.9
1749258755,124.50000000,40.01600000,123.9
1749258755,124.60000000,22.15400000,123.9
1749258755,124.70000000,6.27700000,123.9
1749258755,124.80000000,8.70400000,123.9
1749258755,124.90000000,2.80500000,123.9
1749258755,125.00000000,2.60000000,123.9
1749258755,125.10000000,140.24500000,123.9
1749258755,125.20000000,11.20800000,123.9
1749258755,125.30000000,2.59400000,123.9
1749258755,125.40000000,2.59200000,123.9
1749258755,125.50000000,2.59000000,123.9
1749258755,125.60000000,3.33300000,123.9
1749258755,125.70000000,2.74500000,123.9
1749258755,125.80000000,2.58400000,123.9
1749258755,125.90000000,2.64000000,123.9
1749258755,126.00000000,2.58000000,123.9
1749258755,126.10000000,0.04200000,123.9
1749258755,126.30000000,0.54300000,123.9
1749258755,126.40000000,734.32500000,123.9
1749258755,126.50000000,0.04800000,123.9
1749258755,126.60000000,5.43400000,123.9
1749258755,127.20000000,3.65000000,123.9
1749258755,127.50000000,13.00400000,123.9
1749258755,127.60000000,0.04100000,123.9
1749258755,127.90000000,1.99300000,123.9
1749258755,128.80000000,0.11700000,123.9
1749258755,129.10000000,2.65500000,123.9
1749258755,129.20000000,0.04100000,123.9
1749258755,129.90000000,0.05800000,123.9
1749258755,130.00000000,0.40700000,123.9
1749258755,130.10000000,0.06600000,123.9
1749258755,130.20000000,1.97600000,123.9
1749258755,130.30000000,0.11700000,123.9
1749258755,130.40000000,0.04700000,123.9
1749258755,130.50000000,0.15400000,123.9
1749258755,130.60000000,0.12600000,123.9
1749258755,131.80000000,0.24600000,123.9
1749258755,131.90000000,0.05800000,123.9
1749258755,133.20000000,0.25200000,123.9
1749258755,133.40000000,0.11700000,123.9
1749258755,133.60000000,0.12000000,123.9
1749258755,133.80000000,0.06400000,123.9
1749258755,133.90000000,0.05800000,123.9
1749258755,134.10000000,0.07400000,123.9
1749258755,134.50000000,0.37800000,123.9
1749258755,134.90000000,0.29600000,123.9
1749258755,135.00000000,3.11700000,123.9
1749258755,135.40000000,0.32500000,123.9
1749258755,135.80000000,0.83200000,123.9
1749258755,135.90000000,2.46500000,123.9
1749258755,136.00000000,325.00000000,123.9
1749258755,136.20000000,0.03700000,123.9
1749258755,136.60000000,0.11700000,123.9
1749258755,136.70000000,0.50500000,123.9
1749258755,137.50000000,0.06200000,123.9
1749258755,137.70000000,0.08300000,123.9
1749258755,137.80000000,0.05800000,123.9
1749258755,138.30000000,0.11700000,123.9
1749258755,139.80000000,0.09400000,123.9
1749258755,139.90000000,0.23700000,123.9
1749258755,140.00000000,300.00000000,123.9
1749258755,141.10000000,0.06000000,123.9
1749258755,141.60000000,0.11700000,123.9
1749258755,141.80000000,0.09500000,123.9
1749258755,142.40000000,1.25100000,123.9
1749258755,143.00000000,0.03700000,123.9
1749258755,143.10000000,0.04300000,123.9
1749258755,143.30000000,0.11700000,123.9
1749258755,143.60000000,0.03600000,123.9
1749258755,143.80000000,0.05800000,123.9
1749258755,144.10000000,0.03900000,123.9
1749258755,144.50000000,0.03600000,123.9
1749258755,144.80000000,0.05900000,123.9
1749258755,145.00000000,403.44100000,123.9
1749258755,145.60000000,0.45200000,123.9
1749258755,145.80000000,0.05800000,123.9
1749258755,146.00000000,0.03500000,123.9
1749258755,146.20000000,0.12000000,123.9
1749258755,146.40000000,0.03600000,123.9
1749258755,146.70000000,0.11700000,123.9
1749258755,146.80000000,0.03600000,123.9
1749258755,146.90000000,0.31700000,123.9
1749258755,147.00000000,0.03600000,123.9
1749258755,147.60000000,2.01700000,123.9
1749258755,147.80000000,0.05800000,123.9
1749258755,148.40000000,1.00000000,123.9
1749258755,148.50000000,0.17400000,123.9
1749258755,149.00000000,0.39900000,123.9
1749258755,149.70000000,0.04200000,123.9
1749258755,149.80000000,0.05800000,123.9
1749258755,150.00000000,401.61500000,123.9
1749258755,150.30000000,0.11700000,123.9
1749258755,151.10000000,0.03700000,123.9
1749258755,151.80000000,0.05800000,123.9
1749258755,151.90000000,0.99700000,123.9
1749259056,124.00000000,3.40100000,123.8
1749259056,124.10000000,4.42700000,123.8
1749259056,124.20000000,3.57000000,123.8
1749259056,124.30000000,18.13100000,123.8
1749259056,124.40000000,22.86100000,123.8
1749259056,124.50000000,52.24400000,123.8
1749259056,124.60000000,12.20900000,123.8
1749259056,124.70000000,6.27700000,123.8
1749259056,124.80000000,2.64700000,123.8
1749259056,124.90000000,2.80500000,123.8
1749259056,125.00000000,2.60000000,123.8
1749259056,125.10000000,144.32000000,123.8
1749259056,125.20000000,3.17500000,123.8
1749259056,125.30000000,2.59400000,123.8
1749259056,125.40000000,2.59200000,123.8
1749259056,125.50000000,2.59000000,123.8
1749259056,125.60000000,3.33300000,123.8
1749259056,125.70000000,2.74500000,123.8
1749259056,125.80000000,2.58400000,123.8
1749259056,125.90000000,2.64000000,123.8
1749259056,126.10000000,0.04200000,123.8
1749259056,126.30000000,0.54300000,123.8
1749259056,126.40000000,734.32500000,123.8
1749259056,126.50000000,0.04800000,123.8
1749259056,126.60000000,5.43400000,123.8
1749259056,127.20000000,3.65000000,123.8
1749259056,127.50000000,5.31200000,123.8
1749259056,127.60000000,0.04100000,123.8
1749259056,127.90000000,9.68500000,123.8
1749259056,128.80000000,0.11700000,123.8
1749259056,129.10000000,2.65500000,123.8
1749259056,129.20000000,0.04100000,123.8
1749259056,129.90000000,0.05800000,123.8
1749259056,130.00000000,0.40700000,123.8
1749259056,130.10000000,0.06600000,123.8
1749259056,130.20000000,1.97600000,123.8
1749259056,130.30000000,0.11700000,123.8
1749259056,130.40000000,0.04700000,123.8
1749259056,130.50000000,0.15400000,123.8
1749259056,130.60000000,0.12600000,123.8
1749259056,131.80000000,0.24600000,123.8
1749259056,131.90000000,0.05800000,123.8
1749259056,133.20000000,0.25200000,123.8
1749259056,133.40000000,0.11700000,123.8
1749259056,133.60000000,0.12000000,123.8
1749259056,133.80000000,0.06400000,123.8
1749259056,133.90000000,0.05800000,123.8
1749259056,134.10000000,0.07400000,123.8
1749259056,134.50000000,0.37800000,123.8
1749259056,134.90000000,0.29600000,123.8
1749259056,135.00000000,3.11700000,123.8
1749259056,135.40000000,0.32500000,123.8
1749259056,135.80000000,0.83200000,123.8
1749259056,135.90000000,2.46500000,123.8
1749259056,136.00000000,325.00000000,123.8
1749259056,136.20000000,0.03700000,123.8
1749259056,136.60000000,0.11700000,123.8
1749259056,136.70000000,0.50500000,123.8
1749259056,137.50000000,0.06200000,123.8
1749259056,137.70000000,0.08300000,123.8
1749259056,137.80000000,0.05800000,123.8
1749259056,138.30000000,0.11700000,123.8
1749259056,139.80000000,0.09400000,123.8
1749259056,139.90000000,0.23700000,123.8
1749259056,140.00000000,300.00000000,123.8
1749259056,141.10000000,0.06000000,123.8
1749259056,141.60000000,0.11700000,123.8
1749259056,141.80000000,0.09500000,123.8
1749259056,142.40000000,1.25100000,123.8
1749259056,143.00000000,0.03700000,123.8
1749259056,143.10000000,0.04300000,123.8
1749259056,143.30000000,0.11700000,123.8
1749259056,143.60000000,0.03600000,123.8
1749259056,143.80000000,0.05800000,123.8
1749259056,144.10000000,0.03900000,123.8
1749259056,144.50000000,0.03600000,123.8
1749259056,144.80000000,0.05900000,123.8
1749259056,145.00000000,403.44100000,123.8
1749259056,145.60000000,0.45200000,123.8
1749259056,145.80000000,0.05800000,123.8
1749259056,146.00000000,0.03500000,123.8
1749259056,146.20000000,0.12000000,123.8
1749259056,146.40000000,0.03600000,123.8
1749259056,146.70000000,0.11700000,123.8
1749259056,146.80000000,0.03600000,123.8
1749259056,146.90000000,0.31700000,123.8
1749259056,147.00000000,0.03600000,123.8
1749259056,147.60000000,2.01700000,123.8
1749259056,147.80000000,0.05800000,123.8
1749259056,148.40000000,1.00000000,123.8
1749259056,148.50000000,0.17400000,123.8
1749259056,149.00000000,0.39900000,123.8
1749259056,149.70000000,0.04200000,123.8
1749259056,149.80000000,0.05800000,123.8
1749259056,150.00000000,401.61500000,123.8
1749259056,150.30000000,0.11700000,123.8
1749259056,151.10000000,0.03700000,123.8
1749259056,151.80000000,0.05800000,123.8
1749259056,151.90000000,0.99700000,123.8
1749259056,152.10000000,0.11700000,123.8
