timestamp,price,volume,current_price
1749260807,123.60000000,1.39700000,123.5
1749260807,123.70000000,2.84800000,123.5
1749260807,123.80000000,2.86100000,123.5
1749260807,123.90000000,6.16100000,123.5
1749260807,124.00000000,6.15200000,123.5
1749260807,124.10000000,55.20000000,123.5
1749260807,124.20000000,32.88100000,123.5
1749260807,124.30000000,6.65500000,123.5
1749260807,124.40000000,13.58600000,123.5
1749260807,124.50000000,19.30600000,123.5
1749260807,124.60000000,6.14100000,123.5
1749260807,124.70000000,128.67400000,123.5
1749260807,124.80000000,2.64700000,123.5
1749260807,124.90000000,2.80500000,123.5
1749260807,125.00000000,3.18700000,123.5
1749260807,125.10000000,2.64000000,123.5
1749260807,125.20000000,2.59600000,123.5
1749260807,125.30000000,2.59400000,123.5
1749260807,125.40000000,2.59200000,123.5
1749260807,125.50000000,2.59000000,123.5
1749260807,125.60000000,2.58800000,123.5
1749260807,125.70000000,0.15900000,123.5
1749260807,125.90000000,2.33900000,123.5
1749260807,126.00000000,736.54300000,123.5
1749260807,126.10000000,0.04200000,123.5
1749260807,126.40000000,1.62600000,123.5
1749260807,126.50000000,0.04800000,123.5
1749260807,126.60000000,3.98600000,123.5
1749260807,126.80000000,3.41300000,123.5
1749260807,127.20000000,0.23700000,123.5
1749260807,127.50000000,14.93900000,123.5
1749260807,127.60000000,0.04100000,123.5
1749260807,127.90000000,0.05800000,123.5
1749260807,128.80000000,0.11700000,123.5
1749260807,128.90000000,2.69100000,123.5
1749260807,129.20000000,0.04100000,123.5
1749260807,129.90000000,0.05800000,123.5
1749260807,130.00000000,0.40700000,123.5
1749260807,130.10000000,0.06600000,123.5
1749260807,130.20000000,1.97600000,123.5
1749260807,130.30000000,0.11700000,123.5
1749260807,130.40000000,0.04700000,123.5
1749260807,130.50000000,0.15400000,123.5
1749260807,130.60000000,0.12600000,123.5
1749260807,131.80000000,0.24600000,123.5
1749260807,131.90000000,0.05800000,123.5
1749260807,133.20000000,0.25200000,123.5
1749260807,133.40000000,0.11700000,123.5
1749260807,133.60000000,0.12000000,123.5
1749260807,133.80000000,0.06400000,123.5
1749260807,133.90000000,0.05800000,123.5
1749260807,134.10000000,0.07400000,123.5
1749260807,134.50000000,0.37800000,123.5
1749260807,134.90000000,0.29600000,123.5
1749260807,135.00000000,3.11700000,123.5
1749260807,135.40000000,0.32500000,123.5
1749260807,135.80000000,0.83200000,123.5
1749260807,135.90000000,0.72700000,123.5
1749260807,136.00000000,325.00000000,123.5
1749260807,136.20000000,0.03700000,123.5
1749260807,136.60000000,0.11700000,123.5
1749260807,136.70000000,0.50500000,123.5
1749260807,137.50000000,0.06200000,123.5
1749260807,137.70000000,0.08300000,123.5
1749260807,137.80000000,0.05800000,123.5
1749260807,138.30000000,0.11700000,123.5
1749260807,139.80000000,0.09400000,123.5
1749260807,139.90000000,0.23700000,123.5
1749260807,140.00000000,300.00000000,123.5
1749260807,141.10000000,0.06000000,123.5
1749260807,141.60000000,0.11700000,123.5
1749260807,141.80000000,0.09500000,123.5
1749260807,142.40000000,1.25100000,123.5
1749260807,143.00000000,0.03700000,123.5
1749260807,143.10000000,0.04300000,123.5
1749260807,143.30000000,0.11700000,123.5
1749260807,143.60000000,0.03600000,123.5
1749260807,143.80000000,0.05800000,123.5
1749260807,144.10000000,0.03900000,123.5
1749260807,144.50000000,0.03600000,123.5
1749260807,144.80000000,0.05900000,123.5
1749260807,145.00000000,403.44100000,123.5
1749260807,145.60000000,0.45200000,123.5
1749260807,145.80000000,0.05800000,123.5
1749260807,146.00000000,0.03500000,123.5
1749260807,146.20000000,0.12000000,123.5
1749260807,146.40000000,0.03600000,123.5
1749260807,146.70000000,0.11700000,123.5
1749260807,146.80000000,0.03600000,123.5
1749260807,146.90000000,0.31700000,123.5
1749260807,147.00000000,0.03600000,123.5
1749260807,147.60000000,2.01700000,123.5
1749260807,147.80000000,0.05800000,123.5
1749260807,148.40000000,1.00000000,123.5
1749260807,148.50000000,0.17400000,123.5
1749260807,149.00000000,0.39900000,123.5
1749260807,149.70000000,0.04200000,123.5
1749260807,149.80000000,0.05800000,123.5
1749260807,150.00000000,401.61500000,123.5
1749260807,150.30000000,0.11700000,123.5
1749261122,123.60000000,0.96300000,123.6
1749261122,123.70000000,2.84800000,123.6
1749261122,123.80000000,2.86100000,123.6
1749261122,123.90000000,6.16100000,123.6
1749261122,124.00000000,6.15200000,123.6
1749261122,124.10000000,55.09500000,123.6
1749261122,124.20000000,32.88100000,123.6
1749261122,124.30000000,6.65500000,123.6
1749261122,124.40000000,13.58600000,123.6
1749261122,124.50000000,6.28300000,123.6
1749261122,124.60000000,6.14100000,123.6
1749261122,124.70000000,137.91000000,123.6
1749261122,124.80000000,3.39700000,123.6
1749261122,124.90000000,15.07600000,123.6
1749261122,125.00000000,3.18700000,123.6
1749261122,125.10000000,2.64000000,123.6
1749261122,125.20000000,2.59600000,123.6
1749261122,125.30000000,2.59400000,123.6
1749261122,125.40000000,2.59200000,123.6
1749261122,125.50000000,2.59000000,123.6
1749261122,125.60000000,2.58800000,123.6
1749261122,125.70000000,0.15900000,123.6
1749261122,125.90000000,2.33900000,123.6
1749261122,126.00000000,736.54300000,123.6
1749261122,126.10000000,0.04200000,123.6
1749261122,126.40000000,1.62600000,123.6
1749261122,126.50000000,0.04800000,123.6
1749261122,126.60000000,3.98600000,123.6
1749261122,126.80000000,3.41300000,123.6
1749261122,127.10000000,5.31200000,123.6
1749261122,127.20000000,0.23700000,123.6
1749261122,127.50000000,9.62700000,123.6
1749261122,127.60000000,0.04100000,123.6
1749261122,127.90000000,0.05800000,123.6
1749261122,128.80000000,0.11700000,123.6
1749261122,128.90000000,2.69100000,123.6
1749261122,129.20000000,0.04100000,123.6
1749261122,129.90000000,0.05800000,123.6
1749261122,130.00000000,0.40700000,123.6
1749261122,130.10000000,0.06600000,123.6
1749261122,130.20000000,1.97600000,123.6
1749261122,130.30000000,0.11700000,123.6
1749261122,130.40000000,0.04700000,123.6
1749261122,130.50000000,0.15400000,123.6
1749261122,130.60000000,0.12600000,123.6
1749261122,131.80000000,0.24600000,123.6
1749261122,131.90000000,0.05800000,123.6
1749261122,133.20000000,0.25200000,123.6
1749261122,133.40000000,0.11700000,123.6
1749261122,133.60000000,0.12000000,123.6
1749261122,133.80000000,0.06400000,123.6
1749261122,133.90000000,0.05800000,123.6
1749261122,134.10000000,0.07400000,123.6
1749261122,134.50000000,0.37800000,123.6
1749261122,134.90000000,0.29600000,123.6
1749261122,135.00000000,3.11700000,123.6
1749261122,135.40000000,0.32500000,123.6
1749261122,135.80000000,0.83200000,123.6
1749261122,135.90000000,0.72700000,123.6
1749261122,136.00000000,325.00000000,123.6
1749261122,136.20000000,0.03700000,123.6
1749261122,136.60000000,0.11700000,123.6
1749261122,136.70000000,0.50500000,123.6
1749261122,137.50000000,0.06200000,123.6
1749261122,137.70000000,0.08300000,123.6
1749261122,137.80000000,0.05800000,123.6
1749261122,138.30000000,0.11700000,123.6
1749261122,139.80000000,0.09400000,123.6
1749261122,139.90000000,0.23700000,123.6
1749261122,140.00000000,300.00000000,123.6
1749261122,141.10000000,0.06000000,123.6
1749261122,141.60000000,0.11700000,123.6
1749261122,141.80000000,0.09500000,123.6
1749261122,142.40000000,1.25100000,123.6
1749261122,143.00000000,0.03700000,123.6
1749261122,143.10000000,0.04300000,123.6
1749261122,143.30000000,0.11700000,123.6
1749261122,143.60000000,0.03600000,123.6
1749261122,143.80000000,0.05800000,123.6
1749261122,144.10000000,0.03900000,123.6
1749261122,144.50000000,0.03600000,123.6
1749261122,144.80000000,0.05900000,123.6
1749261122,145.00000000,403.44100000,123.6
1749261122,145.60000000,0.45200000,123.6
1749261122,145.80000000,0.05800000,123.6
1749261122,146.00000000,0.03500000,123.6
1749261122,146.20000000,0.12000000,123.6
1749261122,146.40000000,0.03600000,123.6
1749261122,146.70000000,0.11700000,123.6
1749261122,146.80000000,0.03600000,123.6
1749261122,146.90000000,0.31700000,123.6
1749261122,147.00000000,0.03600000,123.6
1749261122,147.60000000,2.01700000,123.6
1749261122,147.80000000,0.05800000,123.6
1749261122,148.40000000,1.00000000,123.6
1749261122,148.50000000,0.17400000,123.6
1749261122,149.00000000,0.39900000,123.6
1749261122,149.70000000,0.04200000,123.6
1749261122,149.80000000,0.05800000,123.6
1749261122,150.00000000,401.61500000,123.6
1749261440,123.60000000,2.76400000,123.5
1749261440,123.70000000,2.84800000,123.5
1749261440,123.80000000,2.86100000,123.5
1749261440,123.90000000,6.16100000,123.5
1749261440,124.00000000,6.15200000,123.5
1749261440,124.10000000,58.99600000,123.5
1749261440,124.20000000,13.09800000,123.5
1749261440,124.30000000,22.63700000,123.5
1749261440,124.40000000,13.58600000,123.5
1749261440,124.50000000,7.03500000,123.5
1749261440,124.60000000,6.14100000,123.5
1749261440,124.70000000,139.55100000,123.5
1749261440,124.80000000,2.64700000,123.5
1749261440,124.90000000,15.07600000,123.5
1749261440,125.00000000,3.18700000,123.5
1749261440,125.10000000,2.64000000,123.5
1749261440,125.20000000,2.59600000,123.5
1749261440,125.30000000,2.59400000,123.5
1749261440,125.40000000,2.59200000,123.5
1749261440,125.50000000,2.59000000,123.5
1749261440,125.70000000,0.15900000,123.5
1749261440,125.90000000,2.33900000,123.5
1749261440,126.00000000,736.54300000,123.5
1749261440,126.10000000,0.04200000,123.5
1749261440,126.40000000,1.62600000,123.5
1749261440,126.50000000,0.04800000,123.5
1749261440,126.60000000,3.98600000,123.5
1749261440,126.80000000,3.41300000,123.5
1749261440,127.10000000,5.31200000,123.5
1749261440,127.20000000,0.23700000,123.5
1749261440,127.50000000,9.62700000,123.5
1749261440,127.60000000,0.04100000,123.5
1749261440,127.90000000,0.05800000,123.5
1749261440,128.80000000,0.11700000,123.5
1749261440,128.90000000,2.69100000,123.5
1749261440,129.20000000,0.04100000,123.5
1749261440,129.90000000,0.05800000,123.5
1749261440,130.00000000,0.40700000,123.5
1749261440,130.10000000,0.06600000,123.5
1749261440,130.20000000,1.97600000,123.5
1749261440,130.30000000,0.11700000,123.5
1749261440,130.40000000,0.04700000,123.5
1749261440,130.50000000,0.15400000,123.5
1749261440,130.60000000,0.12600000,123.5
1749261440,131.80000000,0.24600000,123.5
1749261440,131.90000000,0.05800000,123.5
1749261440,133.20000000,0.25200000,123.5
1749261440,133.40000000,0.11700000,123.5
1749261440,133.60000000,0.12000000,123.5
1749261440,133.80000000,0.06400000,123.5
1749261440,133.90000000,0.05800000,123.5
1749261440,134.10000000,0.07400000,123.5
1749261440,134.50000000,0.37800000,123.5
1749261440,134.90000000,0.29600000,123.5
1749261440,135.00000000,3.11700000,123.5
1749261440,135.40000000,0.32500000,123.5
1749261440,135.80000000,0.83200000,123.5
1749261440,135.90000000,0.72700000,123.5
1749261440,136.00000000,325.00000000,123.5
1749261440,136.20000000,0.03700000,123.5
1749261440,136.60000000,0.11700000,123.5
1749261440,136.70000000,0.50500000,123.5
1749261440,137.50000000,0.06200000,123.5
1749261440,137.70000000,0.08300000,123.5
1749261440,137.80000000,0.05800000,123.5
1749261440,138.30000000,0.11700000,123.5
1749261440,139.80000000,0.09400000,123.5
1749261440,139.90000000,0.23700000,123.5
1749261440,140.00000000,300.00000000,123.5
1749261440,141.10000000,0.06000000,123.5
1749261440,141.60000000,0.11700000,123.5
1749261440,141.80000000,0.09500000,123.5
1749261440,142.40000000,1.25100000,123.5
1749261440,143.00000000,0.03700000,123.5
1749261440,143.10000000,0.04300000,123.5
1749261440,143.30000000,0.11700000,123.5
1749261440,143.60000000,0.03600000,123.5
1749261440,143.80000000,0.05800000,123.5
1749261440,144.10000000,0.03900000,123.5
1749261440,144.50000000,0.03600000,123.5
1749261440,144.80000000,0.05900000,123.5
1749261440,145.00000000,403.44100000,123.5
1749261440,145.60000000,0.45200000,123.5
1749261440,145.80000000,0.05800000,123.5
1749261440,146.00000000,0.03500000,123.5
1749261440,146.20000000,0.12000000,123.5
1749261440,146.40000000,0.03600000,123.5
1749261440,146.70000000,0.11700000,123.5
1749261440,146.80000000,0.03600000,123.5
1749261440,146.90000000,0.31700000,123.5
1749261440,147.00000000,0.03600000,123.5
1749261440,147.60000000,2.01700000,123.5
1749261440,147.80000000,0.05800000,123.5
1749261440,148.40000000,1.00000000,123.5
1749261440,148.50000000,0.17400000,123.5
1749261440,149.00000000,0.39900000,123.5
1749261440,149.70000000,0.04200000,123.5
1749261440,149.80000000,0.05800000,123.5
1749261440,150.00000000,401.61500000,123.5
1749261440,150.30000000,0.11700000,123.5
1749261756,123.70000000,1.18900000,123.6
1749261756,123.80000000,2.12600000,123.6
1749261756,123.90000000,2.62400000,123.6
1749261756,124.00000000,9.94100000,123.6
1749261756,124.10000000,55.76100000,123.6
1749261756,124.20000000,28.57400000,123.6
1749261756,124.30000000,6.65500000,123.6
1749261756,124.40000000,13.58300000,123.6
1749261756,124.50000000,7.03500000,123.6
1749261756,124.60000000,6.14100000,123.6
1749261756,124.70000000,6.13200000,123.6
1749261756,124.80000000,134.06700000,123.6
1749261756,124.90000000,15.07600000,123.6
1749261756,125.00000000,3.18700000,123.6
1749261756,125.10000000,2.64000000,123.6
1749261756,125.20000000,2.59600000,123.6
1749261756,125.30000000,2.59400000,123.6
1749261756,125.40000000,2.59200000,123.6
1749261756,125.50000000,2.59000000,123.6
1749261756,125.60000000,2.58800000,123.6
1749261756,125.70000000,2.74500000,123.6
1749261756,125.90000000,1.93500000,123.6
1749261756,126.10000000,735.99000000,123.6
1749261756,126.40000000,1.62600000,123.6
1749261756,126.50000000,0.04800000,123.6
1749261756,126.60000000,3.98600000,123.6
1749261756,126.80000000,3.41300000,123.6
1749261756,127.10000000,5.31200000,123.6
1749261756,127.20000000,0.23700000,123.6
1749261756,127.50000000,9.62700000,123.6
1749261756,127.60000000,0.04100000,123.6
1749261756,127.90000000,0.05800000,123.6
1749261756,128.80000000,0.11700000,123.6
1749261756,128.90000000,2.69100000,123.6
1749261756,129.20000000,0.04100000,123.6
1749261756,129.90000000,0.05800000,123.6
1749261756,130.00000000,0.40700000,123.6
1749261756,130.10000000,0.06600000,123.6
1749261756,130.20000000,1.97600000,123.6
1749261756,130.30000000,0.11700000,123.6
1749261756,130.40000000,0.04700000,123.6
1749261756,130.50000000,0.15400000,123.6
1749261756,130.60000000,0.12600000,123.6
1749261756,131.80000000,0.24600000,123.6
1749261756,131.90000000,0.05800000,123.6
1749261756,133.20000000,0.25200000,123.6
1749261756,133.40000000,0.11700000,123.6
1749261756,133.60000000,0.12000000,123.6
1749261756,133.80000000,0.06400000,123.6
1749261756,133.90000000,0.05800000,123.6
1749261756,134.10000000,0.07400000,123.6
1749261756,134.50000000,0.37800000,123.6
1749261756,134.90000000,0.29600000,123.6
1749261756,135.00000000,3.11700000,123.6
1749261756,135.40000000,0.32500000,123.6
1749261756,135.80000000,0.83200000,123.6
1749261756,135.90000000,1.13100000,123.6
1749261756,136.00000000,325.00000000,123.6
1749261756,136.20000000,0.03700000,123.6
1749261756,136.60000000,0.11700000,123.6
1749261756,136.70000000,0.50500000,123.6
1749261756,137.50000000,0.06200000,123.6
1749261756,137.70000000,0.08300000,123.6
1749261756,137.80000000,0.05800000,123.6
1749261756,138.30000000,0.11700000,123.6
1749261756,139.80000000,0.09400000,123.6
1749261756,139.90000000,0.23700000,123.6
1749261756,140.00000000,300.00000000,123.6
1749261756,141.10000000,0.06000000,123.6
1749261756,141.60000000,0.11700000,123.6
1749261756,141.80000000,0.09500000,123.6
1749261756,142.40000000,1.25100000,123.6
1749261756,143.00000000,0.03700000,123.6
1749261756,143.10000000,0.04300000,123.6
1749261756,143.30000000,0.11700000,123.6
1749261756,143.60000000,0.03600000,123.6
1749261756,143.80000000,0.05800000,123.6
1749261756,144.10000000,0.03900000,123.6
1749261756,144.50000000,0.03600000,123.6
1749261756,144.80000000,0.05900000,123.6
1749261756,145.00000000,403.44100000,123.6
1749261756,145.60000000,0.45200000,123.6
1749261756,145.80000000,0.05800000,123.6
1749261756,146.00000000,0.03500000,123.6
1749261756,146.20000000,0.12000000,123.6
1749261756,146.40000000,0.03600000,123.6
1749261756,146.70000000,0.11700000,123.6
1749261756,146.80000000,0.03600000,123.6
1749261756,146.90000000,0.31700000,123.6
1749261756,147.00000000,0.03600000,123.6
1749261756,147.60000000,2.01700000,123.6
1749261756,147.80000000,0.05800000,123.6
1749261756,148.40000000,1.00000000,123.6
1749261756,148.50000000,0.17400000,123.6
1749261756,149.00000000,0.39900000,123.6
1749261756,149.70000000,0.04200000,123.6
1749261756,149.80000000,0.05800000,123.6
1749261756,150.00000000,401.61500000,123.6
1749261756,150.30000000,0.11700000,123.6
1749261756,151.10000000,0.03700000,123.6
1749262058,123.80000000,1.73400000,123.8
1749262058,123.90000000,2.62400000,123.8
1749262058,124.00000000,6.15200000,123.8
1749262058,124.10000000,29.46800000,123.8
1749262058,124.20000000,28.51100000,123.8
1749262058,124.30000000,36.74600000,123.8
1749262058,124.40000000,7.50000000,123.8
1749262058,124.50000000,12.96600000,123.8
1749262058,124.60000000,6.14100000,123.8
1749262058,124.70000000,6.13200000,123.8
1749262058,124.80000000,2.64700000,123.8
1749262058,124.90000000,159.32700000,123.8
1749262058,125.00000000,2.60000000,123.8
1749262058,125.10000000,2.64000000,123.8
1749262058,125.20000000,2.59600000,123.8
1749262058,125.30000000,2.59400000,123.8
1749262058,125.40000000,2.59200000,123.8
1749262058,125.50000000,2.59000000,123.8
1749262058,125.60000000,2.58800000,123.8
1749262058,125.70000000,2.74500000,123.8
1749262058,125.90000000,0.60100000,123.8
1749262058,126.00000000,0.40400000,123.8
1749262058,126.10000000,735.69200000,123.8
1749262058,126.40000000,0.15800000,123.8
1749262058,126.50000000,0.04800000,123.8
1749262058,126.60000000,3.98600000,123.8
1749262058,126.80000000,3.41300000,123.8
1749262058,127.20000000,0.23700000,123.8
1749262058,127.50000000,14.93900000,123.8
1749262058,127.60000000,0.04100000,123.8
1749262058,127.90000000,0.05800000,123.8
1749262058,128.80000000,0.11700000,123.8
1749262058,129.20000000,0.04100000,123.8
1749262058,129.90000000,0.05800000,123.8
1749262058,130.00000000,0.40700000,123.8
1749262058,130.10000000,0.06600000,123.8
1749262058,130.20000000,1.97600000,123.8
1749262058,130.30000000,0.11700000,123.8
1749262058,130.40000000,0.04700000,123.8
1749262058,130.50000000,0.15400000,123.8
1749262058,130.60000000,0.12600000,123.8
1749262058,131.80000000,0.24600000,123.8
1749262058,131.90000000,0.05800000,123.8
1749262058,133.20000000,0.25200000,123.8
1749262058,133.40000000,0.11700000,123.8
1749262058,133.60000000,0.12000000,123.8
1749262058,133.80000000,0.06400000,123.8
1749262058,133.90000000,0.05800000,123.8
1749262058,134.10000000,0.07400000,123.8
1749262058,134.50000000,0.37800000,123.8
1749262058,134.90000000,0.29600000,123.8
1749262058,135.00000000,3.11700000,123.8
1749262058,135.40000000,0.32500000,123.8
1749262058,135.80000000,0.83200000,123.8
1749262058,135.90000000,2.06100000,123.8
1749262058,136.00000000,325.00000000,123.8
1749262058,136.20000000,0.03700000,123.8
1749262058,136.60000000,0.11700000,123.8
1749262058,136.70000000,0.50500000,123.8
1749262058,137.50000000,0.06200000,123.8
1749262058,137.70000000,0.08300000,123.8
1749262058,137.80000000,0.05800000,123.8
1749262058,138.30000000,0.11700000,123.8
1749262058,139.80000000,0.09400000,123.8
1749262058,139.90000000,0.23700000,123.8
1749262058,140.00000000,300.00000000,123.8
1749262058,141.10000000,0.06000000,123.8
1749262058,141.60000000,0.11700000,123.8
1749262058,141.80000000,0.09500000,123.8
1749262058,142.40000000,1.25100000,123.8
1749262058,143.00000000,0.03700000,123.8
1749262058,143.10000000,0.04300000,123.8
1749262058,143.30000000,0.11700000,123.8
1749262058,143.60000000,0.03600000,123.8
1749262058,143.80000000,0.05800000,123.8
1749262058,144.10000000,0.03900000,123.8
1749262058,144.50000000,0.03600000,123.8
1749262058,144.80000000,0.05900000,123.8
1749262058,145.00000000,403.44100000,123.8
1749262058,145.60000000,0.45200000,123.8
1749262058,145.80000000,0.05800000,123.8
1749262058,146.00000000,0.03500000,123.8
1749262058,146.20000000,0.12000000,123.8
1749262058,146.40000000,0.03600000,123.8
1749262058,146.70000000,0.11700000,123.8
1749262058,146.80000000,0.03600000,123.8
1749262058,146.90000000,0.31700000,123.8
1749262058,147.00000000,0.03600000,123.8
1749262058,147.60000000,2.01700000,123.8
1749262058,147.80000000,0.05800000,123.8
1749262058,148.40000000,1.00000000,123.8
1749262058,148.50000000,0.17400000,123.8
1749262058,149.00000000,0.39900000,123.8
1749262058,149.70000000,0.04200000,123.8
1749262058,149.80000000,0.05800000,123.8
1749262058,150.00000000,401.61500000,123.8
1749262058,150.30000000,0.11700000,123.8
1749262058,151.10000000,0.03700000,123.8
1749262058,151.80000000,0.05800000,123.8
1749262058,151.90000000,0.99700000,123.8
1749262365,123.80000000,1.31200000,123.7
1749262365,123.90000000,2.80200000,123.7
1749262365,124.00000000,6.15200000,123.7
1749262365,124.10000000,13.43400000,123.7
1749262365,124.20000000,13.09800000,123.7
1749262365,124.30000000,68.13700000,123.7
1749262365,124.40000000,7.50000000,123.7
1749262365,124.50000000,12.35700000,123.7
1749262365,124.60000000,6.14100000,123.7
1749262365,124.70000000,6.13200000,123.7
1749262365,124.80000000,144.03700000,123.7
1749262365,124.90000000,15.66000000,123.7
1749262365,125.00000000,2.60000000,123.7
1749262365,125.10000000,2.64000000,123.7
1749262365,125.20000000,2.59600000,123.7
1749262365,125.30000000,2.59400000,123.7
1749262365,125.40000000,2.59200000,123.7
1749262365,125.50000000,2.59000000,123.7
1749262365,125.60000000,2.58800000,123.7
1749262365,125.70000000,2.74500000,123.7
1749262365,125.90000000,0.60100000,123.7
1749262365,126.00000000,0.40400000,123.7
1749262365,126.10000000,1.37600000,123.7
1749262365,126.20000000,735.35300000,123.7
1749262365,126.30000000,1.46100000,123.7
1749262365,126.40000000,0.15800000,123.7
1749262365,126.50000000,0.04800000,123.7
1749262365,126.60000000,3.98600000,123.7
1749262365,126.80000000,3.41300000,123.7
1749262365,127.10000000,5.31200000,123.7
1749262365,127.20000000,0.23700000,123.7
1749262365,127.50000000,9.62700000,123.7
1749262365,127.60000000,0.04100000,123.7
1749262365,127.90000000,0.05800000,123.7
1749262365,128.80000000,2.79500000,123.7
1749262365,129.20000000,0.04100000,123.7
1749262365,129.90000000,0.05800000,123.7
1749262365,130.00000000,0.40700000,123.7
1749262365,130.10000000,0.06600000,123.7
1749262365,130.20000000,1.97600000,123.7
1749262365,130.30000000,0.11700000,123.7
1749262365,130.40000000,0.04700000,123.7
1749262365,130.50000000,0.15400000,123.7
1749262365,130.60000000,0.12600000,123.7
1749262365,131.80000000,0.24600000,123.7
1749262365,131.90000000,0.05800000,123.7
1749262365,133.20000000,0.25200000,123.7
1749262365,133.40000000,0.11700000,123.7
1749262365,133.60000000,0.12000000,123.7
1749262365,133.80000000,0.06400000,123.7
1749262365,133.90000000,0.05800000,123.7
1749262365,134.10000000,0.07400000,123.7
1749262365,134.50000000,0.37800000,123.7
1749262365,134.90000000,0.29600000,123.7
1749262365,135.00000000,3.11700000,123.7
1749262365,135.40000000,0.32500000,123.7
1749262365,135.80000000,0.83200000,123.7
1749262365,135.90000000,0.72700000,123.7
1749262365,136.00000000,325.00000000,123.7
1749262365,136.20000000,0.03700000,123.7
1749262365,136.60000000,0.11700000,123.7
1749262365,136.70000000,0.50500000,123.7
1749262365,137.50000000,0.06200000,123.7
1749262365,137.70000000,0.08300000,123.7
1749262365,137.80000000,0.05800000,123.7
1749262365,138.30000000,0.11700000,123.7
1749262365,139.80000000,0.09400000,123.7
1749262365,139.90000000,0.23700000,123.7
1749262365,140.00000000,300.00000000,123.7
1749262365,141.10000000,0.06000000,123.7
1749262365,141.60000000,0.11700000,123.7
1749262365,141.80000000,0.09500000,123.7
1749262365,142.40000000,1.25100000,123.7
1749262365,143.00000000,0.03700000,123.7
1749262365,143.10000000,0.04300000,123.7
1749262365,143.30000000,0.11700000,123.7
1749262365,143.60000000,0.03600000,123.7
1749262365,143.80000000,0.05800000,123.7
1749262365,144.10000000,0.03900000,123.7
1749262365,144.50000000,0.03600000,123.7
1749262365,144.80000000,0.05900000,123.7
1749262365,145.00000000,403.44100000,123.7
1749262365,145.60000000,0.45200000,123.7
1749262365,145.80000000,0.05800000,123.7
1749262365,146.00000000,0.03500000,123.7
1749262365,146.20000000,0.12000000,123.7
1749262365,146.40000000,0.03600000,123.7
1749262365,146.70000000,0.11700000,123.7
1749262365,146.80000000,0.03600000,123.7
1749262365,146.90000000,0.31700000,123.7
1749262365,147.00000000,0.03600000,123.7
1749262365,147.60000000,2.01700000,123.7
1749262365,147.80000000,0.05800000,123.7
1749262365,148.40000000,1.00000000,123.7
1749262365,148.50000000,0.17400000,123.7
1749262365,149.00000000,0.39900000,123.7
1749262365,149.70000000,0.04200000,123.7
1749262365,149.80000000,0.05800000,123.7
1749262365,150.00000000,401.61500000,123.7
1749262365,150.30000000,0.11700000,123.7
1749262666,123.80000000,2.65800000,123.8
1749262666,123.90000000,4.39600000,123.8
1749262666,124.00000000,6.15200000,123.8
1749262666,124.10000000,7.95800000,123.8
1749262666,124.20000000,42.66500000,123.8
1749262666,124.30000000,28.14000000,123.8
1749262666,124.40000000,23.50400000,123.8
1749262666,124.50000000,13.10900000,123.8
1749262666,124.60000000,6.14100000,123.8
1749262666,124.70000000,6.13200000,123.8
1749262666,124.80000000,3.19000000,123.8
1749262666,124.90000000,155.59200000,123.8
1749262666,125.00000000,2.60000000,123.8
1749262666,125.10000000,2.64000000,123.8
1749262666,125.20000000,2.59600000,123.8
1749262666,125.30000000,2.59400000,123.8
1749262666,125.40000000,2.59200000,123.8
1749262666,125.50000000,2.59000000,123.8
1749262666,125.60000000,2.58800000,123.8
1749262666,125.70000000,2.74500000,123.8
1749262666,125.90000000,0.05800000,123.8
1749262666,126.00000000,0.40400000,123.8
1749262666,126.10000000,737.02600000,123.8
1749262666,126.30000000,1.46100000,123.8
1749262666,126.40000000,0.15800000,123.8
1749262666,126.50000000,0.04800000,123.8
1749262666,126.60000000,3.98600000,123.8
1749262666,127.10000000,5.31200000,123.8
1749262666,127.20000000,3.65000000,123.8
1749262666,127.50000000,9.62700000,123.8
1749262666,127.60000000,0.04100000,123.8
1749262666,127.90000000,0.05800000,123.8
1749262666,128.80000000,2.79500000,123.8
1749262666,129.20000000,0.04100000,123.8
1749262666,129.90000000,0.05800000,123.8
1749262666,130.00000000,0.40700000,123.8
1749262666,130.10000000,0.06600000,123.8
1749262666,130.20000000,1.97600000,123.8
1749262666,130.30000000,0.11700000,123.8
1749262666,130.40000000,0.04700000,123.8
1749262666,130.50000000,0.15400000,123.8
1749262666,130.60000000,0.12600000,123.8
1749262666,131.80000000,0.24600000,123.8
1749262666,131.90000000,0.05800000,123.8
1749262666,133.20000000,0.25200000,123.8
1749262666,133.40000000,0.11700000,123.8
1749262666,133.60000000,0.12000000,123.8
1749262666,133.80000000,0.06400000,123.8
1749262666,133.90000000,0.05800000,123.8
1749262666,134.10000000,0.07400000,123.8
1749262666,134.50000000,0.37800000,123.8
1749262666,134.90000000,0.29600000,123.8
1749262666,135.00000000,3.11700000,123.8
1749262666,135.40000000,0.32500000,123.8
1749262666,135.80000000,0.83200000,123.8
1749262666,135.90000000,0.72700000,123.8
1749262666,136.00000000,325.00000000,123.8
1749262666,136.20000000,0.03700000,123.8
1749262666,136.60000000,0.11700000,123.8
1749262666,136.70000000,0.50500000,123.8
1749262666,137.50000000,0.06200000,123.8
1749262666,137.70000000,0.08300000,123.8
1749262666,137.80000000,0.05800000,123.8
1749262666,138.30000000,0.11700000,123.8
1749262666,139.80000000,0.09400000,123.8
1749262666,139.90000000,0.23700000,123.8
1749262666,140.00000000,300.00000000,123.8
1749262666,141.10000000,0.06000000,123.8
1749262666,141.60000000,0.11700000,123.8
1749262666,141.80000000,0.09500000,123.8
1749262666,142.40000000,1.25100000,123.8
1749262666,143.00000000,0.03700000,123.8
1749262666,143.10000000,0.04300000,123.8
1749262666,143.30000000,0.11700000,123.8
1749262666,143.60000000,0.03600000,123.8
1749262666,143.80000000,0.05800000,123.8
1749262666,144.10000000,0.03900000,123.8
1749262666,144.50000000,0.03600000,123.8
1749262666,144.80000000,0.05900000,123.8
1749262666,145.00000000,403.44100000,123.8
1749262666,145.60000000,0.45200000,123.8
1749262666,145.80000000,0.05800000,123.8
1749262666,146.00000000,0.03500000,123.8
1749262666,146.20000000,0.12000000,123.8
1749262666,146.40000000,0.03600000,123.8
1749262666,146.70000000,0.11700000,123.8
1749262666,146.80000000,0.03600000,123.8
1749262666,146.90000000,0.31700000,123.8
1749262666,147.00000000,0.03600000,123.8
1749262666,147.60000000,2.01700000,123.8
1749262666,147.80000000,0.05800000,123.8
1749262666,148.40000000,1.00000000,123.8
1749262666,148.50000000,0.17400000,123.8
1749262666,149.00000000,0.39900000,123.8
1749262666,149.70000000,0.04200000,123.8
1749262666,149.80000000,0.05800000,123.8
1749262666,150.00000000,401.61500000,123.8
1749262666,150.30000000,0.11700000,123.8
1749262666,151.10000000,0.03700000,123.8
1749262666,151.80000000,0.05800000,123.8
1749262968,123.80000000,1.17700000,123.8
1749262968,123.90000000,4.39600000,123.8
1749262968,124.00000000,6.15200000,123.8
1749262968,124.10000000,7.95800000,123.8
1749262968,124.20000000,42.66500000,123.8
1749262968,124.30000000,44.15600000,123.8
1749262968,124.40000000,7.50000000,123.8
1749262968,124.50000000,7.03400000,123.8
1749262968,124.60000000,12.21200000,123.8
1749262968,124.70000000,6.13200000,123.8
1749262968,124.80000000,2.64700000,123.8
1749262968,124.90000000,156.56600000,123.8
1749262968,125.00000000,2.60000000,123.8
1749262968,125.10000000,2.64000000,123.8
1749262968,125.20000000,2.59600000,123.8
1749262968,125.30000000,2.59400000,123.8
1749262968,125.40000000,2.59200000,123.8
1749262968,125.50000000,2.59000000,123.8
1749262968,125.60000000,2.58800000,123.8
1749262968,125.70000000,2.74500000,123.8
1749262968,125.90000000,0.05800000,123.8
1749262968,126.00000000,0.40400000,123.8
1749262968,126.10000000,1.91900000,123.8
1749262968,126.20000000,735.35300000,123.8
1749262968,126.30000000,1.46100000,123.8
1749262968,126.40000000,0.15800000,123.8
1749262968,126.50000000,0.04800000,123.8
1749262968,126.60000000,3.98600000,123.8
1749262968,127.10000000,5.31200000,123.8
1749262968,127.20000000,3.65000000,123.8
1749262968,127.50000000,9.62700000,123.8
1749262968,127.60000000,0.04100000,123.8
1749262968,127.90000000,0.05800000,123.8
1749262968,128.80000000,2.79500000,123.8
1749262968,129.20000000,0.04100000,123.8
1749262968,129.90000000,0.05800000,123.8
1749262968,130.00000000,0.40700000,123.8
1749262968,130.10000000,0.06600000,123.8
1749262968,130.20000000,1.97600000,123.8
1749262968,130.30000000,0.11700000,123.8
1749262968,130.40000000,0.04700000,123.8
1749262968,130.50000000,0.15400000,123.8
1749262968,130.60000000,0.12600000,123.8
1749262968,131.80000000,0.24600000,123.8
1749262968,131.90000000,0.05800000,123.8
1749262968,133.20000000,0.25200000,123.8
1749262968,133.40000000,0.11700000,123.8
1749262968,133.60000000,0.12000000,123.8
1749262968,133.80000000,0.06400000,123.8
1749262968,133.90000000,0.05800000,123.8
1749262968,134.10000000,0.07400000,123.8
1749262968,134.50000000,0.37800000,123.8
1749262968,134.90000000,0.29600000,123.8
1749262968,135.00000000,3.11700000,123.8
1749262968,135.40000000,0.32500000,123.8
1749262968,135.80000000,0.83200000,123.8
1749262968,135.90000000,0.72700000,123.8
1749262968,136.00000000,325.00000000,123.8
1749262968,136.20000000,0.03700000,123.8
1749262968,136.60000000,0.11700000,123.8
1749262968,136.70000000,0.50500000,123.8
1749262968,137.50000000,0.06200000,123.8
1749262968,137.70000000,0.08300000,123.8
1749262968,137.80000000,0.05800000,123.8
1749262968,138.30000000,0.11700000,123.8
1749262968,139.80000000,0.09400000,123.8
1749262968,139.90000000,0.23700000,123.8
1749262968,140.00000000,300.00000000,123.8
1749262968,141.10000000,0.06000000,123.8
1749262968,141.60000000,0.11700000,123.8
1749262968,141.80000000,0.09500000,123.8
1749262968,142.40000000,1.25100000,123.8
1749262968,143.00000000,0.03700000,123.8
1749262968,143.10000000,0.04300000,123.8
1749262968,143.30000000,0.11700000,123.8
1749262968,143.60000000,0.03600000,123.8
1749262968,143.80000000,0.05800000,123.8
1749262968,144.10000000,0.03900000,123.8
1749262968,144.50000000,0.03600000,123.8
1749262968,144.80000000,0.05900000,123.8
1749262968,145.00000000,403.44100000,123.8
1749262968,145.60000000,0.45200000,123.8
1749262968,145.80000000,0.05800000,123.8
1749262968,146.00000000,0.03500000,123.8
1749262968,146.20000000,0.12000000,123.8
1749262968,146.40000000,0.03600000,123.8
1749262968,146.70000000,0.11700000,123.8
1749262968,146.80000000,0.03600000,123.8
1749262968,146.90000000,0.31700000,123.8
1749262968,147.00000000,0.03600000,123.8
1749262968,147.60000000,2.01700000,123.8
1749262968,147.80000000,0.05800000,123.8
1749262968,148.40000000,1.00000000,123.8
1749262968,148.50000000,0.17400000,123.8
1749262968,149.00000000,0.39900000,123.8
1749262968,149.70000000,0.04200000,123.8
1749262968,149.80000000,0.05800000,123.8
1749262968,150.00000000,401.61500000,123.8
1749262968,150.30000000,0.11700000,123.8
1749262968,151.10000000,0.03700000,123.8
1749263277,123.80000000,0.81000000,123.8
1749263277,123.90000000,4.39600000,123.8
1749263277,124.00000000,6.15200000,123.8
1749263277,124.10000000,7.95800000,123.8
1749263277,124.20000000,42.66500000,123.8
1749263277,124.30000000,44.15600000,123.8
1749263277,124.40000000,7.50000000,123.8
1749263277,124.50000000,13.10600000,123.8
1749263277,124.60000000,6.14100000,123.8
1749263277,124.70000000,6.13200000,123.8
1749263277,124.80000000,3.19000000,123.8
1749263277,124.90000000,156.37500000,123.8
1749263277,125.00000000,3.17300000,123.8
1749263277,125.10000000,2.64000000,123.8
1749263277,125.20000000,2.59600000,123.8
1749263277,125.30000000,2.59400000,123.8
1749263277,125.40000000,2.59200000,123.8
1749263277,125.50000000,2.59000000,123.8
1749263277,125.60000000,2.58800000,123.8
1749263277,125.70000000,2.74500000,123.8
1749263277,125.90000000,0.05800000,123.8
1749263277,126.00000000,0.40400000,123.8
1749263277,126.10000000,1.37600000,123.8
1749263277,126.20000000,735.35300000,123.8
1749263277,126.40000000,1.59100000,123.8
1749263277,126.50000000,0.04800000,123.8
1749263277,126.60000000,3.98600000,123.8
1749263277,127.10000000,5.31200000,123.8
1749263277,127.20000000,3.65000000,123.8
1749263277,127.50000000,9.62700000,123.8
1749263277,127.60000000,0.04100000,123.8
1749263277,127.90000000,0.05800000,123.8
1749263277,128.80000000,0.11700000,123.8
1749263277,128.90000000,2.62700000,123.8
1749263277,129.20000000,0.04100000,123.8
1749263277,129.90000000,0.05800000,123.8
1749263277,130.00000000,0.40700000,123.8
1749263277,130.10000000,0.06600000,123.8
1749263277,130.20000000,1.97600000,123.8
1749263277,130.30000000,0.11700000,123.8
1749263277,130.40000000,0.04700000,123.8
1749263277,130.50000000,0.15400000,123.8
1749263277,130.60000000,0.12600000,123.8
1749263277,131.80000000,0.24600000,123.8
1749263277,131.90000000,0.05800000,123.8
1749263277,133.20000000,0.25200000,123.8
1749263277,133.40000000,0.11700000,123.8
1749263277,133.60000000,0.12000000,123.8
1749263277,133.80000000,0.06400000,123.8
1749263277,133.90000000,0.05800000,123.8
1749263277,134.10000000,0.07400000,123.8
1749263277,134.50000000,0.37800000,123.8
1749263277,134.90000000,0.29600000,123.8
1749263277,135.00000000,3.11700000,123.8
1749263277,135.40000000,0.32500000,123.8
1749263277,135.80000000,0.83200000,123.8
1749263277,135.90000000,0.72700000,123.8
1749263277,136.00000000,325.00000000,123.8
1749263277,136.20000000,0.03700000,123.8
1749263277,136.60000000,0.11700000,123.8
1749263277,136.70000000,0.50500000,123.8
1749263277,137.50000000,0.06200000,123.8
1749263277,137.70000000,0.08300000,123.8
1749263277,137.80000000,0.05800000,123.8
1749263277,138.30000000,0.11700000,123.8
1749263277,139.80000000,0.09400000,123.8
1749263277,139.90000000,0.23700000,123.8
1749263277,140.00000000,300.00000000,123.8
1749263277,141.10000000,0.06000000,123.8
1749263277,141.60000000,0.11700000,123.8
1749263277,141.80000000,0.09500000,123.8
1749263277,142.40000000,1.25100000,123.8
1749263277,143.00000000,0.03700000,123.8
1749263277,143.10000000,0.04300000,123.8
1749263277,143.30000000,0.11700000,123.8
1749263277,143.60000000,0.03600000,123.8
1749263277,143.80000000,0.05800000,123.8
1749263277,144.10000000,0.03900000,123.8
1749263277,144.50000000,0.03600000,123.8
1749263277,144.80000000,0.05900000,123.8
1749263277,145.00000000,403.44100000,123.8
1749263277,145.60000000,0.45200000,123.8
1749263277,145.80000000,0.05800000,123.8
1749263277,146.00000000,0.03500000,123.8
1749263277,146.20000000,0.12000000,123.8
1749263277,146.40000000,0.03600000,123.8
1749263277,146.70000000,0.11700000,123.8
1749263277,146.80000000,0.03600000,123.8
1749263277,146.90000000,0.31700000,123.8
1749263277,147.00000000,0.03600000,123.8
1749263277,147.60000000,2.01700000,123.8
1749263277,147.80000000,0.05800000,123.8
1749263277,148.40000000,1.00000000,123.8
1749263277,148.50000000,0.17400000,123.8
1749263277,149.00000000,0.39900000,123.8
1749263277,149.70000000,0.04200000,123.8
1749263277,149.80000000,0.05800000,123.8
1749263277,150.00000000,401.61500000,123.8
1749263277,150.30000000,0.11700000,123.8
1749263277,151.10000000,0.03700000,123.8
1749263578,123.80000000,1.78700000,123.7
1749263578,123.90000000,4.25500000,123.7
1749263578,124.00000000,2.62100000,123.7
1749263578,124.10000000,11.74700000,123.7
1749263578,124.20000000,38.87600000,123.7
1749263578,124.30000000,44.15600000,123.7
1749263578,124.40000000,7.50000000,123.7
1749263578,124.50000000,6.27900000,123.7
1749263578,124.60000000,12.96300000,123.7
1749263578,124.70000000,6.13200000,123.7
1749263578,124.80000000,3.19000000,123.7
1749263578,124.90000000,153.59700000,123.7
1749263578,125.00000000,3.17300000,123.7
1749263578,125.10000000,2.64000000,123.7
1749263578,125.20000000,2.59600000,123.7
1749263578,125.30000000,2.59400000,123.7
1749263578,125.40000000,2.59200000,123.7
1749263578,125.50000000,2.59000000,123.7
1749263578,125.60000000,2.58800000,123.7
1749263578,125.70000000,2.74500000,123.7
1749263578,125.80000000,2.58400000,123.7
1749263578,125.90000000,0.05800000,123.7
1749263578,126.00000000,0.40400000,123.7
1749263578,126.10000000,1.37600000,123.7
1749263578,126.20000000,735.35300000,123.7
1749263578,126.40000000,1.59100000,123.7
1749263578,126.50000000,0.04800000,123.7
1749263578,126.60000000,3.98600000,123.7
1749263578,127.20000000,3.65000000,123.7
1749263578,127.50000000,14.93900000,123.7
1749263578,127.60000000,0.04100000,123.7
1749263578,127.90000000,0.05800000,123.7
1749263578,128.80000000,0.11700000,123.7
1749263578,128.90000000,2.62700000,123.7
1749263578,129.20000000,0.04100000,123.7
1749263578,129.90000000,0.05800000,123.7
1749263578,130.00000000,0.40700000,123.7
1749263578,130.10000000,0.06600000,123.7
1749263578,130.20000000,1.97600000,123.7
1749263578,130.30000000,0.11700000,123.7
1749263578,130.40000000,0.04700000,123.7
1749263578,130.50000000,0.15400000,123.7
1749263578,130.60000000,0.12600000,123.7
1749263578,131.80000000,0.24600000,123.7
1749263578,131.90000000,0.05800000,123.7
1749263578,133.20000000,0.25200000,123.7
1749263578,133.40000000,0.11700000,123.7
1749263578,133.60000000,0.12000000,123.7
1749263578,133.80000000,0.06400000,123.7
1749263578,133.90000000,0.05800000,123.7
1749263578,134.10000000,0.07400000,123.7
1749263578,134.50000000,0.37800000,123.7
1749263578,134.90000000,0.29600000,123.7
1749263578,135.00000000,3.11700000,123.7
1749263578,135.40000000,0.32500000,123.7
1749263578,135.80000000,0.83200000,123.7
1749263578,135.90000000,0.72700000,123.7
1749263578,136.00000000,325.00000000,123.7
1749263578,136.20000000,0.03700000,123.7
1749263578,136.60000000,0.11700000,123.7
1749263578,136.70000000,0.50500000,123.7
1749263578,137.50000000,0.06200000,123.7
1749263578,137.70000000,0.08300000,123.7
1749263578,137.80000000,0.05800000,123.7
1749263578,138.30000000,0.11700000,123.7
1749263578,139.80000000,0.09400000,123.7
1749263578,139.90000000,0.23700000,123.7
1749263578,140.00000000,300.00000000,123.7
1749263578,141.10000000,0.06000000,123.7
1749263578,141.60000000,0.11700000,123.7
1749263578,141.80000000,0.09500000,123.7
1749263578,142.40000000,1.25100000,123.7
1749263578,143.00000000,0.03700000,123.7
1749263578,143.10000000,0.04300000,123.7
1749263578,143.30000000,0.11700000,123.7
1749263578,143.60000000,0.03600000,123.7
1749263578,143.80000000,0.05800000,123.7
1749263578,144.10000000,0.03900000,123.7
1749263578,144.50000000,0.03600000,123.7
1749263578,144.80000000,0.05900000,123.7
1749263578,145.00000000,403.44100000,123.7
1749263578,145.60000000,0.45200000,123.7
1749263578,145.80000000,0.05800000,123.7
1749263578,146.00000000,0.03500000,123.7
1749263578,146.20000000,0.12000000,123.7
1749263578,146.40000000,0.03600000,123.7
1749263578,146.70000000,0.11700000,123.7
1749263578,146.80000000,0.03600000,123.7
1749263578,146.90000000,0.31700000,123.7
1749263578,147.00000000,0.03600000,123.7
1749263578,147.60000000,2.01700000,123.7
1749263578,147.80000000,0.05800000,123.7
1749263578,148.40000000,1.00000000,123.7
1749263578,148.50000000,0.17400000,123.7
1749263578,149.00000000,0.39900000,123.7
1749263578,149.70000000,0.04200000,123.7
1749263578,149.80000000,0.05800000,123.7
1749263578,150.00000000,401.61500000,123.7
1749263578,150.30000000,0.11700000,123.7
1749263578,151.10000000,0.03700000,123.7
1749263880,123.80000000,4.03100000,123.8
1749263880,123.90000000,4.25500000,123.8
1749263880,124.00000000,2.62100000,123.8
1749263880,124.10000000,9.64500000,123.8
1749263880,124.20000000,62.34400000,123.8
1749263880,124.30000000,22.67100000,123.8
1749263880,124.40000000,7.50000000,123.8
1749263880,124.50000000,12.35600000,123.8
1749263880,124.60000000,6.89200000,123.8
1749263880,124.70000000,6.13200000,123.8
1749263880,124.80000000,3.19000000,123.8
1749263880,124.90000000,154.29000000,123.8
1749263880,125.00000000,3.17300000,123.8
1749263880,125.10000000,2.64000000,123.8
1749263880,125.20000000,2.59600000,123.8
1749263880,125.30000000,2.59400000,123.8
1749263880,125.40000000,2.59200000,123.8
1749263880,125.50000000,2.59000000,123.8
1749263880,125.60000000,2.58800000,123.8
1749263880,125.70000000,2.74500000,123.8
1749263880,125.90000000,0.05800000,123.8
1749263880,126.10000000,737.43000000,123.8
1749263880,126.40000000,1.59100000,123.8
1749263880,126.50000000,0.04800000,123.8
1749263880,126.60000000,3.98600000,123.8
1749263880,127.20000000,3.65000000,123.8
1749263880,127.50000000,14.93900000,123.8
1749263880,127.60000000,0.04100000,123.8
1749263880,127.90000000,0.05800000,123.8
1749263880,128.80000000,0.11700000,123.8
1749263880,128.90000000,2.62700000,123.8
1749263880,129.20000000,0.04100000,123.8
1749263880,129.90000000,0.05800000,123.8
1749263880,130.00000000,0.40700000,123.8
1749263880,130.10000000,0.06600000,123.8
1749263880,130.20000000,1.97600000,123.8
1749263880,130.30000000,0.11700000,123.8
1749263880,130.40000000,0.04700000,123.8
1749263880,130.50000000,0.15400000,123.8
1749263880,130.60000000,0.12600000,123.8
1749263880,131.80000000,0.24600000,123.8
1749263880,131.90000000,0.05800000,123.8
1749263880,133.20000000,0.25200000,123.8
1749263880,133.40000000,0.11700000,123.8
1749263880,133.60000000,0.12000000,123.8
1749263880,133.80000000,0.06400000,123.8
1749263880,133.90000000,0.05800000,123.8
1749263880,134.10000000,0.07400000,123.8
1749263880,134.50000000,0.37800000,123.8
1749263880,134.90000000,0.29600000,123.8
1749263880,135.00000000,3.11700000,123.8
1749263880,135.40000000,0.32500000,123.8
1749263880,135.80000000,0.83200000,123.8
1749263880,135.90000000,0.72700000,123.8
1749263880,136.00000000,325.00000000,123.8
1749263880,136.20000000,0.03700000,123.8
1749263880,136.60000000,0.11700000,123.8
1749263880,136.70000000,0.50500000,123.8
1749263880,137.50000000,0.06200000,123.8
1749263880,137.70000000,0.08300000,123.8
1749263880,137.80000000,0.05800000,123.8
1749263880,138.30000000,0.11700000,123.8
1749263880,139.80000000,0.09400000,123.8
1749263880,139.90000000,0.23700000,123.8
1749263880,140.00000000,300.00000000,123.8
1749263880,141.10000000,0.06000000,123.8
1749263880,141.60000000,0.11700000,123.8
1749263880,141.80000000,0.09500000,123.8
1749263880,142.40000000,1.25100000,123.8
1749263880,143.00000000,0.03700000,123.8
1749263880,143.10000000,0.04300000,123.8
1749263880,143.30000000,0.11700000,123.8
1749263880,143.60000000,0.03600000,123.8
1749263880,143.80000000,0.05800000,123.8
1749263880,144.10000000,0.03900000,123.8
1749263880,144.50000000,0.03600000,123.8
1749263880,144.80000000,0.05900000,123.8
1749263880,145.00000000,403.44100000,123.8
1749263880,145.60000000,0.45200000,123.8
1749263880,145.80000000,0.05800000,123.8
1749263880,146.00000000,0.03500000,123.8
1749263880,146.20000000,0.12000000,123.8
1749263880,146.40000000,0.03600000,123.8
1749263880,146.70000000,0.11700000,123.8
1749263880,146.80000000,0.03600000,123.8
1749263880,146.90000000,0.31700000,123.8
1749263880,147.00000000,0.03600000,123.8
1749263880,147.60000000,2.01700000,123.8
1749263880,147.80000000,0.05800000,123.8
1749263880,148.40000000,1.00000000,123.8
1749263880,148.50000000,0.17400000,123.8
1749263880,149.00000000,0.39900000,123.8
1749263880,149.70000000,0.04200000,123.8
1749263880,149.80000000,0.05800000,123.8
1749263880,150.00000000,401.61500000,123.8
1749263880,150.30000000,0.11700000,123.8
1749263880,151.10000000,0.03700000,123.8
1749263880,151.80000000,0.05800000,123.8
1749263880,151.90000000,0.99700000,123.8
1749263880,152.10000000,0.11700000,123.8
1749264181,123.80000000,3.38100000,123.6
1749264181,123.90000000,4.25500000,123.6
1749264181,124.00000000,6.41000000,123.6
1749264181,124.10000000,9.64500000,123.6
1749264181,124.20000000,58.57200000,123.6
1749264181,124.30000000,22.66300000,123.6
1749264181,124.40000000,7.50000000,123.6
1749264181,124.50000000,12.35600000,123.6
1749264181,124.60000000,6.14100000,123.6
1749264181,124.70000000,6.13200000,123.6
1749264181,124.80000000,2.64700000,123.6
1749264181,124.90000000,152.78600000,123.6
1749264181,125.00000000,3.17300000,123.6
1749264181,125.10000000,2.64000000,123.6
1749264181,125.20000000,2.59600000,123.6
1749264181,125.30000000,2.59400000,123.6
1749264181,125.40000000,2.59200000,123.6
1749264181,125.50000000,2.59000000,123.6
1749264181,125.60000000,2.58800000,123.6
1749264181,125.70000000,2.74500000,123.6
1749264181,125.90000000,0.05800000,123.6
1749264181,126.00000000,0.54300000,123.6
1749264181,126.10000000,735.69200000,123.6
1749264181,126.40000000,1.59100000,123.6
1749264181,126.50000000,0.04800000,123.6
1749264181,126.60000000,3.98600000,123.6
1749264181,127.20000000,3.65000000,123.6
1749264181,127.40000000,0.40400000,123.6
1749264181,127.50000000,14.93900000,123.6
1749264181,127.60000000,0.04100000,123.6
1749264181,127.90000000,0.05800000,123.6
1749264181,128.80000000,0.11700000,123.6
1749264181,128.90000000,2.62700000,123.6
1749264181,129.20000000,0.04100000,123.6
1749264181,129.90000000,0.05800000,123.6
1749264181,130.00000000,0.40700000,123.6
1749264181,130.10000000,0.06600000,123.6
1749264181,130.20000000,1.97600000,123.6
1749264181,130.30000000,0.11700000,123.6
1749264181,130.40000000,0.04700000,123.6
1749264181,130.50000000,0.15400000,123.6
1749264181,130.60000000,0.12600000,123.6
1749264181,131.80000000,0.24600000,123.6
1749264181,131.90000000,0.05800000,123.6
1749264181,133.20000000,0.25200000,123.6
1749264181,133.40000000,0.11700000,123.6
1749264181,133.60000000,0.12000000,123.6
1749264181,133.80000000,0.06400000,123.6
1749264181,133.90000000,0.05800000,123.6
1749264181,134.10000000,0.07400000,123.6
1749264181,134.50000000,0.37800000,123.6
1749264181,134.90000000,0.29600000,123.6
1749264181,135.00000000,3.11700000,123.6
1749264181,135.40000000,0.32500000,123.6
1749264181,135.80000000,0.83200000,123.6
1749264181,135.90000000,2.06100000,123.6
1749264181,136.00000000,325.00000000,123.6
1749264181,136.20000000,0.03700000,123.6
1749264181,136.60000000,0.11700000,123.6
1749264181,136.70000000,0.50500000,123.6
1749264181,137.50000000,0.06200000,123.6
1749264181,137.70000000,0.08300000,123.6
1749264181,137.80000000,0.05800000,123.6
1749264181,138.30000000,0.11700000,123.6
1749264181,139.80000000,0.09400000,123.6
1749264181,139.90000000,0.23700000,123.6
1749264181,140.00000000,300.00000000,123.6
1749264181,141.10000000,0.06000000,123.6
1749264181,141.60000000,0.11700000,123.6
1749264181,141.80000000,0.09500000,123.6
1749264181,142.40000000,1.25100000,123.6
1749264181,143.00000000,0.03700000,123.6
1749264181,143.10000000,0.04300000,123.6
1749264181,143.30000000,0.11700000,123.6
1749264181,143.60000000,0.03600000,123.6
1749264181,143.80000000,0.05800000,123.6
1749264181,144.10000000,0.03900000,123.6
1749264181,144.50000000,0.03600000,123.6
1749264181,144.80000000,0.05900000,123.6
1749264181,145.00000000,403.44100000,123.6
1749264181,145.60000000,0.45200000,123.6
1749264181,145.80000000,0.05800000,123.6
1749264181,146.00000000,0.03500000,123.6
1749264181,146.20000000,0.12000000,123.6
1749264181,146.40000000,0.03600000,123.6
1749264181,146.70000000,0.11700000,123.6
1749264181,146.80000000,0.03600000,123.6
1749264181,146.90000000,0.31700000,123.6
1749264181,147.00000000,0.03600000,123.6
1749264181,147.60000000,2.01700000,123.6
1749264181,147.80000000,0.05800000,123.6
1749264181,148.40000000,1.00000000,123.6
1749264181,148.50000000,0.17400000,123.6
1749264181,149.00000000,0.39900000,123.6
1749264181,149.70000000,0.04200000,123.6
1749264181,149.80000000,0.05800000,123.6
1749264181,150.00000000,401.61500000,123.6
1749264181,150.30000000,0.11700000,123.6
1749264181,151.10000000,0.03700000,123.6
1749264181,151.80000000,0.05800000,123.6
1749264483,123.70000000,0.65700000,123.4
1749264483,123.80000000,3.20300000,123.4
1749264483,123.90000000,4.25500000,123.4
1749264483,124.00000000,9.94400000,123.4
1749264483,124.10000000,15.64500000,123.4
1749264483,124.20000000,68.62600000,123.4
1749264483,124.30000000,12.74400000,123.4
1749264483,124.40000000,7.50000000,123.4
1749264483,124.50000000,19.30500000,123.4
1749264483,124.60000000,6.14100000,123.4
1749264483,124.70000000,6.13200000,123.4
1749264483,124.80000000,142.38600000,123.4
1749264483,124.90000000,3.39000000,123.4
1749264483,125.00000000,2.60000000,123.4
1749264483,125.10000000,2.64000000,123.4
1749264483,125.20000000,2.59600000,123.4
1749264483,125.30000000,2.59400000,123.4
1749264483,125.40000000,2.59200000,123.4
1749264483,125.50000000,2.59000000,123.4
1749264483,125.60000000,2.58800000,123.4
1749264483,125.70000000,0.15900000,123.4
1749264483,125.90000000,0.05800000,123.4
1749264483,126.00000000,0.54300000,123.4
1749264483,126.10000000,735.99000000,123.4
1749264483,126.30000000,1.46100000,123.4
1749264483,126.40000000,0.15800000,123.4
1749264483,126.50000000,0.04800000,123.4
1749264483,126.60000000,3.98600000,123.4
1749264483,127.20000000,3.65000000,123.4
1749264483,127.40000000,0.40400000,123.4
1749264483,127.50000000,14.93900000,123.4
1749264483,127.60000000,0.04100000,123.4
1749264483,127.90000000,0.05800000,123.4
1749264483,128.80000000,2.79600000,123.4
1749264483,129.20000000,0.04100000,123.4
1749264483,129.90000000,0.05800000,123.4
1749264483,130.00000000,0.40700000,123.4
1749264483,130.10000000,0.06600000,123.4
1749264483,130.20000000,1.97600000,123.4
1749264483,130.30000000,0.11700000,123.4
1749264483,130.40000000,0.04700000,123.4
1749264483,130.50000000,0.15400000,123.4
1749264483,130.60000000,0.12600000,123.4
1749264483,131.80000000,0.24600000,123.4
1749264483,131.90000000,0.05800000,123.4
1749264483,133.20000000,0.25200000,123.4
1749264483,133.40000000,0.11700000,123.4
1749264483,133.60000000,0.12000000,123.4
1749264483,133.80000000,0.06400000,123.4
1749264483,133.90000000,0.05800000,123.4
1749264483,134.10000000,0.07400000,123.4
1749264483,134.50000000,0.37800000,123.4
1749264483,134.90000000,0.29600000,123.4
1749264483,135.00000000,3.11700000,123.4
1749264483,135.40000000,0.32500000,123.4
1749264483,135.80000000,0.83200000,123.4
1749264483,135.90000000,2.06100000,123.4
1749264483,136.00000000,325.00000000,123.4
1749264483,136.20000000,0.03700000,123.4
1749264483,136.60000000,0.11700000,123.4
1749264483,136.70000000,0.50500000,123.4
1749264483,137.50000000,0.06200000,123.4
1749264483,137.70000000,0.08300000,123.4
1749264483,137.80000000,0.05800000,123.4
1749264483,138.30000000,0.11700000,123.4
1749264483,139.80000000,0.09400000,123.4
1749264483,139.90000000,0.23700000,123.4
1749264483,140.00000000,300.00000000,123.4
1749264483,141.10000000,0.06000000,123.4
1749264483,141.60000000,0.11700000,123.4
1749264483,141.80000000,0.09500000,123.4
1749264483,142.40000000,1.25100000,123.4
1749264483,143.00000000,0.03700000,123.4
1749264483,143.10000000,0.04300000,123.4
1749264483,143.30000000,0.11700000,123.4
1749264483,143.60000000,0.03600000,123.4
1749264483,143.80000000,0.05800000,123.4
1749264483,144.10000000,0.03900000,123.4
1749264483,144.50000000,0.03600000,123.4
1749264483,144.80000000,0.05900000,123.4
1749264483,145.00000000,403.44100000,123.4
1749264483,145.60000000,0.45200000,123.4
1749264483,145.80000000,0.05800000,123.4
1749264483,146.00000000,0.03500000,123.4
1749264483,146.20000000,0.12000000,123.4
1749264483,146.40000000,0.03600000,123.4
1749264483,146.70000000,0.11700000,123.4
1749264483,146.80000000,0.03600000,123.4
1749264483,146.90000000,0.31700000,123.4
1749264483,147.00000000,0.03600000,123.4
1749264483,147.60000000,2.01700000,123.4
1749264483,147.80000000,0.05800000,123.4
1749264483,148.40000000,1.00000000,123.4
1749264483,148.50000000,0.17400000,123.4
1749264483,149.00000000,0.39900000,123.4
1749264483,149.70000000,0.04200000,123.4
1749264483,149.80000000,0.05800000,123.4
1749264483,150.00000000,401.61500000,123.4
1749264483,150.30000000,0.11700000,123.4
1749264483,151.10000000,0.03700000,123.4
1749264785,123.50000000,1.81400000,123.6
1749264785,123.60000000,3.38700000,123.6
1749264785,123.70000000,3.10700000,123.6
1749264785,123.80000000,3.20300000,123.6
1749264785,123.90000000,9.48100000,123.6
1749264785,124.00000000,21.59200000,123.6
1749264785,124.10000000,11.74700000,123.6
1749264785,124.20000000,43.18900000,123.6
1749264785,124.30000000,22.61900000,123.6
1749264785,124.40000000,13.58700000,123.6
1749264785,124.50000000,19.30500000,123.6
1749264785,124.60000000,138.41700000,123.6
1749264785,124.70000000,6.13200000,123.6
1749264785,124.80000000,2.64700000,123.6
1749264785,124.90000000,3.39000000,123.6
1749264785,125.00000000,2.60000000,123.6
1749264785,125.10000000,2.64000000,123.6
1749264785,125.20000000,2.59600000,123.6
1749264785,125.30000000,2.59400000,123.6
1749264785,125.40000000,2.59200000,123.6
1749264785,125.50000000,2.59000000,123.6
1749264785,125.70000000,0.15900000,123.6
1749264785,125.90000000,737.19800000,123.6
1749264785,126.00000000,0.54300000,123.6
1749264785,126.10000000,0.04200000,123.6
1749264785,126.30000000,1.46100000,123.6
1749264785,126.40000000,0.15800000,123.6
1749264785,126.50000000,0.04800000,123.6
1749264785,126.60000000,3.98600000,123.6
1749264785,127.10000000,5.31200000,123.6
1749264785,127.20000000,3.65000000,123.6
1749264785,127.40000000,0.40400000,123.6
1749264785,127.50000000,9.62700000,123.6
1749264785,127.60000000,0.04100000,123.6
1749264785,127.90000000,0.05800000,123.6
1749264785,128.80000000,2.79600000,123.6
1749264785,129.20000000,0.04100000,123.6
1749264785,129.90000000,0.05800000,123.6
1749264785,130.00000000,0.40700000,123.6
1749264785,130.10000000,0.06600000,123.6
1749264785,130.20000000,1.97600000,123.6
1749264785,130.30000000,0.11700000,123.6
1749264785,130.40000000,0.04700000,123.6
1749264785,130.50000000,0.15400000,123.6
1749264785,130.60000000,0.12600000,123.6
1749264785,131.80000000,0.24600000,123.6
1749264785,131.90000000,0.05800000,123.6
1749264785,133.20000000,0.25200000,123.6
1749264785,133.40000000,0.11700000,123.6
1749264785,133.60000000,0.12000000,123.6
1749264785,133.80000000,0.06400000,123.6
1749264785,133.90000000,0.05800000,123.6
1749264785,134.10000000,0.07400000,123.6
1749264785,134.50000000,0.37800000,123.6
1749264785,134.90000000,0.29600000,123.6
1749264785,135.00000000,3.11700000,123.6
1749264785,135.40000000,0.32500000,123.6
1749264785,135.80000000,0.83200000,123.6
1749264785,135.90000000,2.06100000,123.6
1749264785,136.00000000,325.00000000,123.6
1749264785,136.20000000,0.03700000,123.6
1749264785,136.60000000,0.11700000,123.6
1749264785,136.70000000,0.50500000,123.6
1749264785,137.50000000,0.06200000,123.6
1749264785,137.70000000,0.08300000,123.6
1749264785,137.80000000,0.05800000,123.6
1749264785,138.30000000,0.11700000,123.6
1749264785,139.80000000,0.09400000,123.6
1749264785,139.90000000,0.23700000,123.6
1749264785,140.00000000,300.00000000,123.6
1749264785,141.10000000,0.06000000,123.6
1749264785,141.60000000,0.11700000,123.6
1749264785,141.80000000,0.09500000,123.6
1749264785,142.40000000,1.25100000,123.6
1749264785,143.00000000,0.03700000,123.6
1749264785,143.10000000,0.04300000,123.6
1749264785,143.30000000,0.11700000,123.6
1749264785,143.60000000,0.03600000,123.6
1749264785,143.80000000,0.05800000,123.6
1749264785,144.10000000,0.03900000,123.6
1749264785,144.50000000,0.03600000,123.6
1749264785,144.80000000,0.05900000,123.6
1749264785,145.00000000,403.44100000,123.6
1749264785,145.60000000,0.45200000,123.6
1749264785,145.80000000,0.05800000,123.6
1749264785,146.00000000,0.03500000,123.6
1749264785,146.20000000,0.12000000,123.6
1749264785,146.40000000,0.03600000,123.6
1749264785,146.70000000,0.11700000,123.6
1749264785,146.80000000,0.03600000,123.6
1749264785,146.90000000,0.31700000,123.6
1749264785,147.00000000,0.03600000,123.6
1749264785,147.60000000,2.01700000,123.6
1749264785,147.80000000,0.05800000,123.6
1749264785,148.40000000,1.00000000,123.6
1749264785,148.50000000,0.17400000,123.6
1749264785,149.00000000,0.39900000,123.6
1749264785,149.70000000,0.04200000,123.6
1749264785,149.80000000,0.05800000,123.6
1749264785,150.00000000,401.61500000,123.6
1749265086,123.50000000,0.17900000,123.4
1749265086,123.60000000,2.11400000,123.4
1749265086,123.70000000,2.62800000,123.4
1749265086,123.80000000,6.16500000,123.4
1749265086,123.90000000,7.85000000,123.4
1749265086,124.00000000,6.15500000,123.4
1749265086,124.10000000,25.37900000,123.4
1749265086,124.20000000,42.23600000,123.4
1749265086,124.30000000,22.12200000,123.4
1749265086,124.40000000,12.23500000,123.4
1749265086,124.50000000,6.82500000,123.4
1749265086,124.60000000,6.14100000,123.4
1749265086,124.70000000,147.18800000,123.4
1749265086,124.80000000,2.64700000,123.4
1749265086,124.90000000,16.41000000,123.4
1749265086,125.00000000,2.60000000,123.4
1749265086,125.10000000,2.64000000,123.4
1749265086,125.20000000,2.59600000,123.4
1749265086,125.30000000,2.59400000,123.4
1749265086,125.40000000,2.59200000,123.4
1749265086,125.50000000,2.59000000,123.4
1749265086,125.70000000,0.15900000,123.4
1749265086,125.80000000,1.73800000,123.4
1749265086,125.90000000,736.90000000,123.4
1749265086,126.10000000,0.04200000,123.4
1749265086,126.30000000,1.46100000,123.4
1749265086,126.40000000,0.15800000,123.4
1749265086,126.50000000,0.04800000,123.4
1749265086,126.60000000,3.98600000,123.4
1749265086,127.10000000,5.31200000,123.4
1749265086,127.20000000,3.65000000,123.4
1749265086,127.50000000,9.62700000,123.4
1749265086,127.60000000,0.04100000,123.4
1749265086,127.90000000,0.05800000,123.4
1749265086,128.80000000,2.79600000,123.4
1749265086,129.20000000,0.04100000,123.4
1749265086,129.90000000,0.05800000,123.4
1749265086,130.00000000,0.40700000,123.4
1749265086,130.10000000,0.06600000,123.4
1749265086,130.20000000,1.97600000,123.4
1749265086,130.30000000,0.11700000,123.4
1749265086,130.40000000,0.04700000,123.4
1749265086,130.50000000,0.15400000,123.4
1749265086,130.60000000,0.12600000,123.4
1749265086,131.80000000,0.24600000,123.4
1749265086,131.90000000,0.05800000,123.4
1749265086,133.20000000,0.25200000,123.4
1749265086,133.40000000,0.11700000,123.4
1749265086,133.60000000,0.12000000,123.4
1749265086,133.80000000,0.06400000,123.4
1749265086,133.90000000,0.05800000,123.4
1749265086,134.10000000,0.07400000,123.4
1749265086,134.50000000,0.37800000,123.4
1749265086,134.90000000,0.29600000,123.4
1749265086,135.00000000,3.11700000,123.4
1749265086,135.40000000,0.32500000,123.4
1749265086,135.80000000,0.83200000,123.4
1749265086,135.90000000,0.72700000,123.4
1749265086,136.00000000,325.00000000,123.4
1749265086,136.20000000,0.03700000,123.4
1749265086,136.60000000,0.11700000,123.4
1749265086,136.70000000,0.50500000,123.4
1749265086,137.50000000,0.06200000,123.4
1749265086,137.70000000,0.08300000,123.4
1749265086,137.80000000,0.05800000,123.4
1749265086,138.30000000,0.11700000,123.4
1749265086,139.80000000,0.09400000,123.4
1749265086,139.90000000,0.23700000,123.4
1749265086,140.00000000,300.00000000,123.4
1749265086,141.10000000,0.06000000,123.4
1749265086,141.60000000,0.11700000,123.4
1749265086,141.80000000,0.09500000,123.4
1749265086,142.40000000,1.25100000,123.4
1749265086,143.00000000,0.03700000,123.4
1749265086,143.10000000,0.04300000,123.4
1749265086,143.30000000,0.11700000,123.4
1749265086,143.60000000,0.03600000,123.4
1749265086,143.80000000,0.05800000,123.4
1749265086,144.10000000,0.03900000,123.4
1749265086,144.50000000,0.03600000,123.4
1749265086,144.80000000,0.05900000,123.4
1749265086,145.00000000,403.44100000,123.4
1749265086,145.60000000,0.45200000,123.4
1749265086,145.80000000,0.05800000,123.4
1749265086,146.00000000,0.03500000,123.4
1749265086,146.20000000,0.12000000,123.4
1749265086,146.40000000,0.03600000,123.4
1749265086,146.70000000,0.11700000,123.4
1749265086,146.80000000,0.03600000,123.4
1749265086,146.90000000,0.31700000,123.4
1749265086,147.00000000,0.03600000,123.4
1749265086,147.60000000,2.01700000,123.4
1749265086,147.80000000,0.05800000,123.4
1749265086,148.40000000,1.00000000,123.4
1749265086,148.50000000,0.17400000,123.4
1749265086,149.00000000,0.39900000,123.4
1749265086,149.70000000,0.04200000,123.4
1749265086,149.80000000,0.05800000,123.4
1749265086,150.00000000,401.61500000,123.4
1749265086,150.30000000,0.11700000,123.4
1749265391,123.60000000,0.61800000,123.5
1749265391,123.70000000,2.34500000,123.5
1749265391,123.80000000,2.62600000,123.5
1749265391,123.90000000,7.85000000,123.5
1749265391,124.00000000,6.15500000,123.5
1749265391,124.10000000,31.32800000,123.5
1749265391,124.20000000,36.23600000,123.5
1749265391,124.30000000,22.13900000,123.5
1749265391,124.40000000,12.23200000,123.5
1749265391,124.50000000,6.82500000,123.5
1749265391,124.60000000,6.89200000,123.5
1749265391,124.70000000,142.62900000,123.5
1749265391,124.80000000,2.64700000,123.5
1749265391,124.90000000,15.66100000,123.5
1749265391,125.00000000,2.60000000,123.5
1749265391,125.10000000,2.64000000,123.5
1749265391,125.20000000,2.59600000,123.5
1749265391,125.30000000,2.59400000,123.5
1749265391,125.40000000,2.59200000,123.5
1749265391,125.50000000,2.59000000,123.5
1749265391,125.60000000,2.58800000,123.5
1749265391,125.70000000,0.15900000,123.5
1749265391,125.80000000,1.73800000,123.5
1749265391,125.90000000,0.05800000,123.5
1749265391,126.00000000,736.54300000,123.5
1749265391,126.10000000,0.04200000,123.5
1749265391,126.30000000,1.46100000,123.5
1749265391,126.40000000,0.15800000,123.5
1749265391,126.50000000,0.04800000,123.5
1749265391,126.60000000,3.98600000,123.5
1749265391,127.10000000,5.31200000,123.5
1749265391,127.20000000,3.65000000,123.5
1749265391,127.50000000,9.62700000,123.5
1749265391,127.60000000,0.04100000,123.5
1749265391,127.90000000,0.05800000,123.5
1749265391,128.80000000,2.79600000,123.5
1749265391,129.20000000,0.04100000,123.5
1749265391,129.90000000,0.05800000,123.5
1749265391,130.00000000,0.40700000,123.5
1749265391,130.10000000,0.06600000,123.5
1749265391,130.20000000,1.97600000,123.5
1749265391,130.30000000,0.11700000,123.5
1749265391,130.40000000,0.04700000,123.5
1749265391,130.50000000,0.15400000,123.5
1749265391,130.60000000,0.12600000,123.5
1749265391,131.80000000,0.24600000,123.5
1749265391,131.90000000,0.05800000,123.5
1749265391,133.20000000,0.25200000,123.5
1749265391,133.40000000,0.11700000,123.5
1749265391,133.60000000,0.12000000,123.5
1749265391,133.80000000,0.06400000,123.5
1749265391,133.90000000,0.05800000,123.5
1749265391,134.10000000,0.07400000,123.5
1749265391,134.50000000,0.37800000,123.5
1749265391,134.90000000,0.29600000,123.5
1749265391,135.00000000,3.11700000,123.5
1749265391,135.40000000,0.32500000,123.5
1749265391,135.80000000,0.83200000,123.5
1749265391,135.90000000,0.72700000,123.5
1749265391,136.00000000,325.00000000,123.5
1749265391,136.20000000,0.03700000,123.5
1749265391,136.60000000,0.11700000,123.5
1749265391,136.70000000,0.50500000,123.5
1749265391,137.50000000,0.06200000,123.5
1749265391,137.70000000,0.08300000,123.5
1749265391,137.80000000,0.05800000,123.5
1749265391,138.30000000,0.11700000,123.5
1749265391,139.80000000,0.09400000,123.5
1749265391,139.90000000,0.23700000,123.5
1749265391,140.00000000,300.00000000,123.5
1749265391,141.10000000,0.06000000,123.5
1749265391,141.60000000,0.11700000,123.5
1749265391,141.80000000,0.09500000,123.5
1749265391,142.40000000,1.25100000,123.5
1749265391,143.00000000,0.03700000,123.5
1749265391,143.10000000,0.04300000,123.5
1749265391,143.30000000,0.11700000,123.5
1749265391,143.60000000,0.03600000,123.5
1749265391,143.80000000,0.05800000,123.5
1749265391,144.10000000,0.03900000,123.5
1749265391,144.50000000,0.03600000,123.5
1749265391,144.80000000,0.05900000,123.5
1749265391,145.00000000,403.44100000,123.5
1749265391,145.60000000,0.45200000,123.5
1749265391,145.80000000,0.05800000,123.5
1749265391,146.00000000,0.03500000,123.5
1749265391,146.20000000,0.12000000,123.5
1749265391,146.40000000,0.03600000,123.5
1749265391,146.70000000,0.11700000,123.5
1749265391,146.80000000,0.03600000,123.5
1749265391,146.90000000,0.31700000,123.5
1749265391,147.00000000,0.03600000,123.5
1749265391,147.60000000,2.01700000,123.5
1749265391,147.80000000,0.05800000,123.5
1749265391,148.40000000,1.00000000,123.5
1749265391,148.50000000,0.17400000,123.5
1749265391,149.00000000,0.39900000,123.5
1749265391,149.70000000,0.04200000,123.5
1749265391,149.80000000,0.05800000,123.5
1749265391,150.00000000,401.61500000,123.5
1749265692,123.60000000,0.17900000,123.6
1749265692,123.70000000,2.34500000,123.6
1749265692,123.80000000,2.62600000,123.6
1749265692,123.90000000,7.85000000,123.6
1749265692,124.00000000,6.15500000,123.6
1749265692,124.10000000,27.65400000,123.6
1749265692,124.20000000,40.02500000,123.6
1749265692,124.30000000,22.13900000,123.6
1749265692,124.40000000,6.29400000,123.6
1749265692,124.50000000,12.75800000,123.6
1749265692,124.60000000,6.89200000,123.6
1749265692,124.70000000,149.33500000,123.6
1749265692,124.80000000,2.64700000,123.6
1749265692,124.90000000,15.66100000,123.6
1749265692,125.00000000,2.60000000,123.6
1749265692,125.10000000,2.64000000,123.6
1749265692,125.20000000,2.59600000,123.6
1749265692,125.30000000,2.59400000,123.6
1749265692,125.40000000,2.59200000,123.6
1749265692,125.50000000,2.59000000,123.6
1749265692,125.60000000,2.58800000,123.6
1749265692,125.70000000,0.15900000,123.6
1749265692,125.80000000,1.73800000,123.6
1749265692,125.90000000,0.05800000,123.6
1749265692,126.00000000,736.54300000,123.6
1749265692,126.10000000,0.04200000,123.6
1749265692,126.20000000,1.46300000,123.6
1749265692,126.40000000,0.15800000,123.6
1749265692,126.50000000,0.04800000,123.6
1749265692,126.60000000,3.98600000,123.6
1749265692,127.10000000,5.31200000,123.6
1749265692,127.20000000,3.65000000,123.6
1749265692,127.50000000,9.62700000,123.6
1749265692,127.60000000,0.04100000,123.6
1749265692,127.90000000,0.05800000,123.6
1749265692,128.80000000,2.80000000,123.6
1749265692,129.20000000,0.04100000,123.6
1749265692,129.90000000,0.05800000,123.6
1749265692,130.00000000,0.40700000,123.6
1749265692,130.10000000,0.06600000,123.6
1749265692,130.20000000,1.97600000,123.6
1749265692,130.30000000,0.11700000,123.6
1749265692,130.40000000,0.04700000,123.6
1749265692,130.50000000,0.15400000,123.6
1749265692,130.60000000,0.12600000,123.6
1749265692,131.80000000,0.24600000,123.6
1749265692,131.90000000,0.05800000,123.6
1749265692,133.20000000,0.25200000,123.6
1749265692,133.40000000,0.11700000,123.6
1749265692,133.60000000,0.12000000,123.6
1749265692,133.80000000,0.06400000,123.6
1749265692,133.90000000,0.05800000,123.6
1749265692,134.10000000,0.07400000,123.6
1749265692,134.50000000,0.37800000,123.6
1749265692,134.90000000,0.29600000,123.6
1749265692,135.00000000,3.11700000,123.6
1749265692,135.40000000,0.32500000,123.6
1749265692,135.80000000,0.83200000,123.6
1749265692,135.90000000,0.72700000,123.6
1749265692,136.00000000,325.00000000,123.6
1749265692,136.20000000,0.03700000,123.6
1749265692,136.60000000,0.11700000,123.6
1749265692,136.70000000,0.50500000,123.6
1749265692,137.50000000,0.06200000,123.6
1749265692,137.70000000,0.08300000,123.6
1749265692,137.80000000,0.05800000,123.6
1749265692,138.30000000,0.11700000,123.6
1749265692,139.80000000,0.09400000,123.6
1749265692,139.90000000,0.23700000,123.6
1749265692,140.00000000,300.00000000,123.6
1749265692,141.10000000,0.06000000,123.6
1749265692,141.60000000,0.11700000,123.6
1749265692,141.80000000,0.09500000,123.6
1749265692,142.40000000,1.25100000,123.6
1749265692,143.00000000,0.03700000,123.6
1749265692,143.10000000,0.04300000,123.6
1749265692,143.30000000,0.11700000,123.6
1749265692,143.60000000,0.03600000,123.6
1749265692,143.80000000,0.05800000,123.6
1749265692,144.10000000,0.03900000,123.6
1749265692,144.50000000,0.03600000,123.6
1749265692,144.80000000,0.05900000,123.6
1749265692,145.00000000,403.44100000,123.6
1749265692,145.60000000,0.45200000,123.6
1749265692,145.80000000,0.05800000,123.6
1749265692,146.00000000,0.03500000,123.6
1749265692,146.20000000,0.12000000,123.6
1749265692,146.40000000,0.03600000,123.6
1749265692,146.70000000,0.11700000,123.6
1749265692,146.80000000,0.03600000,123.6
1749265692,146.90000000,0.31700000,123.6
1749265692,147.00000000,0.03600000,123.6
1749265692,147.60000000,2.01700000,123.6
1749265692,147.80000000,0.05800000,123.6
1749265692,148.40000000,1.00000000,123.6
1749265692,148.50000000,0.17400000,123.6
1749265692,149.00000000,0.39900000,123.6
1749265692,149.70000000,0.04200000,123.6
1749265692,149.80000000,0.05800000,123.6
1749265692,150.00000000,401.61500000,123.6
1749265994,123.70000000,0.72300000,123.7
1749265994,123.80000000,2.62600000,123.7
1749265994,123.90000000,7.85000000,123.7
1749265994,124.00000000,6.15500000,123.7
1749265994,124.10000000,12.15000000,123.7
1749265994,124.20000000,51.59300000,123.7
1749265994,124.30000000,9.93800000,123.7
1749265994,124.40000000,22.27100000,123.7
1749265994,124.50000000,6.13600000,123.7
1749265994,124.60000000,12.21500000,123.7
1749265994,124.70000000,149.92600000,123.7
1749265994,124.80000000,2.64700000,123.7
1749265994,124.90000000,15.66100000,123.7
1749265994,125.00000000,2.60000000,123.7
1749265994,125.10000000,2.64000000,123.7
1749265994,125.20000000,3.34400000,123.7
1749265994,125.30000000,2.59400000,123.7
1749265994,125.40000000,2.59200000,123.7
1749265994,125.50000000,2.59000000,123.7
1749265994,125.60000000,2.58800000,123.7
1749265994,125.70000000,0.15900000,123.7
1749265994,125.80000000,0.40400000,123.7
1749265994,125.90000000,1.93500000,123.7
1749265994,126.00000000,736.54300000,123.7
1749265994,126.10000000,0.04200000,123.7
1749265994,126.20000000,1.46300000,123.7
1749265994,126.40000000,0.15800000,123.7
1749265994,126.50000000,0.04800000,123.7
1749265994,126.60000000,3.98600000,123.7
1749265994,127.10000000,5.31200000,123.7
1749265994,127.20000000,0.23700000,123.7
1749265994,127.50000000,9.62700000,123.7
1749265994,127.60000000,3.45400000,123.7
1749265994,127.90000000,0.05800000,123.7
1749265994,128.80000000,2.80000000,123.7
1749265994,129.20000000,0.04100000,123.7
1749265994,129.90000000,0.05800000,123.7
1749265994,130.00000000,0.40700000,123.7
1749265994,130.10000000,0.06600000,123.7
1749265994,130.30000000,0.11700000,123.7
1749265994,130.40000000,0.04700000,123.7
1749265994,130.50000000,0.15400000,123.7
1749265994,130.60000000,2.10200000,123.7
1749265994,131.80000000,0.24600000,123.7
1749265994,131.90000000,0.05800000,123.7
1749265994,133.20000000,0.25200000,123.7
1749265994,133.40000000,0.11700000,123.7
1749265994,133.60000000,0.12000000,123.7
1749265994,133.80000000,0.06400000,123.7
1749265994,133.90000000,0.05800000,123.7
1749265994,134.10000000,0.07400000,123.7
1749265994,134.50000000,0.37800000,123.7
1749265994,134.90000000,0.29600000,123.7
1749265994,135.00000000,3.11700000,123.7
1749265994,135.40000000,0.32500000,123.7
1749265994,135.80000000,0.83200000,123.7
1749265994,135.90000000,0.72700000,123.7
1749265994,136.00000000,325.00000000,123.7
1749265994,136.20000000,0.03700000,123.7
1749265994,136.60000000,0.11700000,123.7
1749265994,136.70000000,0.50500000,123.7
1749265994,137.50000000,0.06200000,123.7
1749265994,137.70000000,0.08300000,123.7
1749265994,137.80000000,0.05800000,123.7
1749265994,138.30000000,0.11700000,123.7
1749265994,139.80000000,0.09400000,123.7
1749265994,139.90000000,0.23700000,123.7
1749265994,140.00000000,300.00000000,123.7
1749265994,141.10000000,0.06000000,123.7
1749265994,141.60000000,0.11700000,123.7
1749265994,141.80000000,0.09500000,123.7
1749265994,142.40000000,1.25100000,123.7
1749265994,143.00000000,0.03700000,123.7
1749265994,143.10000000,0.04300000,123.7
1749265994,143.30000000,0.11700000,123.7
1749265994,143.60000000,0.03600000,123.7
1749265994,143.80000000,0.05800000,123.7
1749265994,144.10000000,0.03900000,123.7
1749265994,144.50000000,0.03600000,123.7
1749265994,144.80000000,0.05900000,123.7
1749265994,145.00000000,403.44100000,123.7
1749265994,145.60000000,0.45200000,123.7
1749265994,145.80000000,0.05800000,123.7
1749265994,146.00000000,0.03500000,123.7
1749265994,146.20000000,0.12000000,123.7
1749265994,146.40000000,0.03600000,123.7
1749265994,146.70000000,0.11700000,123.7
1749265994,146.80000000,0.03600000,123.7
1749265994,146.90000000,0.31700000,123.7
1749265994,147.00000000,0.03600000,123.7
1749265994,147.60000000,2.01700000,123.7
1749265994,147.80000000,0.05800000,123.7
1749265994,148.40000000,1.00000000,123.7
1749265994,148.50000000,0.17400000,123.7
1749265994,149.00000000,0.39900000,123.7
1749265994,149.70000000,0.04200000,123.7
1749265994,149.80000000,0.05800000,123.7
1749265994,150.00000000,401.61500000,123.7
1749265994,150.30000000,0.11700000,123.7
1749265994,151.10000000,0.03700000,123.7
1749266300,123.60000000,5.02100000,123.6
1749266300,123.70000000,4.42400000,123.6
1749266300,123.80000000,8.04600000,123.6
1749266300,123.90000000,17.41800000,123.6
1749266300,124.00000000,10.01600000,123.6
1749266300,124.10000000,6.33800000,123.6
1749266300,124.20000000,40.77000000,123.6
1749266300,124.30000000,22.12200000,123.6
1749266300,124.40000000,25.68800000,123.6
1749266300,124.50000000,12.21800000,123.6
1749266300,124.60000000,6.72800000,123.6
1749266300,124.70000000,168.89900000,123.6
1749266300,124.80000000,3.19000000,123.6
1749266300,124.90000000,15.82500000,123.6
1749266300,125.00000000,2.60000000,123.6
1749266300,125.10000000,2.64000000,123.6
1749266300,125.20000000,2.59600000,123.6
1749266300,125.30000000,2.59400000,123.6
1749266300,125.40000000,2.59200000,123.6
1749266300,125.50000000,2.59000000,123.6
1749266300,125.70000000,0.15900000,123.6
1749266300,125.80000000,748.00100000,123.6
1749266300,125.90000000,1.39200000,123.6
1749266300,126.10000000,0.04200000,123.6
1749266300,126.20000000,1.46300000,123.6
1749266300,126.40000000,0.15800000,123.6
1749266300,126.50000000,0.04800000,123.6
1749266300,126.60000000,3.98600000,123.6
1749266300,127.10000000,5.31200000,123.6
1749266300,127.20000000,0.23700000,123.6
1749266300,127.50000000,9.62700000,123.6
1749266300,127.60000000,3.45400000,123.6
1749266300,127.90000000,0.05800000,123.6
1749266300,128.80000000,2.80000000,123.6
1749266300,129.20000000,0.04100000,123.6
1749266300,129.30000000,2.01500000,123.6
1749266300,129.90000000,0.05800000,123.6
1749266300,130.00000000,0.40700000,123.6
1749266300,130.10000000,0.06600000,123.6
1749266300,130.30000000,0.11700000,123.6
1749266300,130.40000000,0.04700000,123.6
1749266300,130.50000000,0.15400000,123.6
1749266300,130.60000000,2.10200000,123.6
1749266300,131.80000000,0.24600000,123.6
1749266300,131.90000000,0.05800000,123.6
1749266300,133.20000000,0.25200000,123.6
1749266300,133.40000000,0.11700000,123.6
1749266300,133.60000000,0.12000000,123.6
1749266300,133.80000000,0.06400000,123.6
1749266300,133.90000000,0.05800000,123.6
1749266300,134.10000000,0.07400000,123.6
1749266300,134.50000000,0.37800000,123.6
1749266300,134.90000000,0.29600000,123.6
1749266300,135.00000000,3.11700000,123.6
1749266300,135.40000000,0.32500000,123.6
1749266300,135.80000000,0.83200000,123.6
1749266300,135.90000000,0.72700000,123.6
1749266300,136.00000000,325.00000000,123.6
1749266300,136.20000000,0.03700000,123.6
1749266300,136.60000000,0.11700000,123.6
1749266300,136.70000000,0.50500000,123.6
1749266300,137.50000000,0.06200000,123.6
1749266300,137.70000000,0.08300000,123.6
1749266300,137.80000000,0.05800000,123.6
1749266300,138.30000000,0.11700000,123.6
1749266300,139.80000000,0.09400000,123.6
1749266300,139.90000000,0.23700000,123.6
1749266300,140.00000000,300.00000000,123.6
1749266300,141.10000000,0.06000000,123.6
1749266300,141.60000000,0.11700000,123.6
1749266300,141.80000000,0.09500000,123.6
1749266300,142.40000000,1.25100000,123.6
1749266300,143.00000000,0.03700000,123.6
1749266300,143.10000000,0.04300000,123.6
1749266300,143.30000000,0.11700000,123.6
1749266300,143.60000000,0.03600000,123.6
1749266300,143.80000000,0.05800000,123.6
1749266300,144.10000000,0.03900000,123.6
1749266300,144.50000000,0.03600000,123.6
1749266300,144.80000000,0.05900000,123.6
1749266300,145.00000000,403.44100000,123.6
1749266300,145.60000000,0.45200000,123.6
1749266300,145.80000000,0.05800000,123.6
1749266300,146.00000000,0.03500000,123.6
1749266300,146.20000000,0.12000000,123.6
1749266300,146.40000000,0.03600000,123.6
1749266300,146.70000000,0.11700000,123.6
1749266300,146.80000000,0.03600000,123.6
1749266300,146.90000000,0.31700000,123.6
1749266300,147.00000000,0.03600000,123.6
1749266300,147.60000000,2.01700000,123.6
1749266300,147.80000000,0.05800000,123.6
1749266300,148.40000000,1.00000000,123.6
1749266300,148.50000000,0.17400000,123.6
1749266300,149.00000000,0.39900000,123.6
1749266300,149.70000000,0.04200000,123.6
1749266300,149.80000000,0.05800000,123.6
1749266300,150.00000000,401.61500000,123.6
1749266300,150.30000000,0.11700000,123.6
1749266300,151.10000000,0.03700000,123.6
1749266607,123.60000000,3.68800000,123.6
1749266607,123.70000000,10.42400000,123.6
1749266607,123.80000000,7.96800000,123.6
1749266607,123.90000000,11.59600000,123.6
1749266607,124.00000000,40.10700000,123.6
1749266607,124.10000000,11.41500000,123.6
1749266607,124.20000000,22.13100000,123.6
1749266607,124.30000000,10.09700000,123.6
1749266607,124.40000000,27.82700000,123.6
1749266607,124.50000000,6.13600000,123.6
1749266607,124.60000000,10.55900000,123.6
1749266607,124.70000000,135.50100000,123.6
1749266607,124.80000000,2.64700000,123.6
1749266607,124.90000000,15.82500000,123.6
1749266607,125.00000000,2.60000000,123.6
1749266607,125.10000000,2.64000000,123.6
1749266607,125.20000000,2.59600000,123.6
1749266607,125.30000000,2.59400000,123.6
1749266607,125.40000000,12.45100000,123.6
1749266607,125.50000000,2.59000000,123.6
1749266607,125.70000000,0.15900000,123.6
1749266607,125.80000000,0.40400000,123.6
1749266607,125.90000000,738.23400000,123.6
1749266607,126.10000000,0.04200000,123.6
1749266607,126.20000000,1.46300000,123.6
1749266607,126.40000000,0.15800000,123.6
1749266607,126.50000000,0.04800000,123.6
1749266607,126.60000000,3.98600000,123.6
1749266607,127.10000000,5.31200000,123.6
1749266607,127.20000000,0.23700000,123.6
1749266607,127.50000000,9.62700000,123.6
1749266607,127.60000000,3.45400000,123.6
1749266607,127.90000000,0.05800000,123.6
1749266607,128.80000000,2.80000000,123.6
1749266607,128.90000000,2.01500000,123.6
1749266607,129.20000000,0.04100000,123.6
1749266607,129.90000000,0.05800000,123.6
1749266607,130.00000000,0.40700000,123.6
1749266607,130.10000000,0.06600000,123.6
1749266607,130.30000000,0.11700000,123.6
1749266607,130.40000000,0.04700000,123.6
1749266607,130.50000000,0.15400000,123.6
1749266607,130.60000000,2.10200000,123.6
1749266607,131.80000000,0.24600000,123.6
1749266607,131.90000000,0.05800000,123.6
1749266607,133.20000000,0.25200000,123.6
1749266607,133.40000000,0.11700000,123.6
1749266607,133.60000000,0.12000000,123.6
1749266607,133.80000000,0.06400000,123.6
1749266607,133.90000000,0.05800000,123.6
1749266607,134.10000000,0.07400000,123.6
1749266607,134.50000000,0.37800000,123.6
1749266607,134.90000000,0.29600000,123.6
1749266607,135.00000000,3.11700000,123.6
1749266607,135.40000000,0.32500000,123.6
1749266607,135.80000000,0.83200000,123.6
1749266607,135.90000000,0.72700000,123.6
1749266607,136.00000000,325.00000000,123.6
1749266607,136.20000000,0.03700000,123.6
1749266607,136.60000000,0.11700000,123.6
1749266607,136.70000000,0.50500000,123.6
1749266607,137.50000000,0.06200000,123.6
1749266607,137.70000000,0.08300000,123.6
1749266607,137.80000000,0.05800000,123.6
1749266607,138.30000000,0.11700000,123.6
1749266607,139.80000000,0.09400000,123.6
1749266607,139.90000000,0.23700000,123.6
1749266607,140.00000000,300.00000000,123.6
1749266607,141.10000000,0.06000000,123.6
1749266607,141.60000000,0.11700000,123.6
1749266607,141.80000000,0.09500000,123.6
1749266607,142.40000000,1.25100000,123.6
1749266607,143.00000000,0.03700000,123.6
1749266607,143.10000000,0.04300000,123.6
1749266607,143.30000000,0.11700000,123.6
1749266607,143.60000000,0.03600000,123.6
1749266607,143.80000000,0.05800000,123.6
1749266607,144.10000000,0.03900000,123.6
1749266607,144.50000000,0.03600000,123.6
1749266607,144.80000000,0.05900000,123.6
1749266607,145.00000000,403.44100000,123.6
1749266607,145.60000000,0.45200000,123.6
1749266607,145.80000000,0.05800000,123.6
1749266607,146.00000000,0.03500000,123.6
1749266607,146.20000000,0.12000000,123.6
1749266607,146.40000000,0.03600000,123.6
1749266607,146.70000000,0.11700000,123.6
1749266607,146.80000000,0.03600000,123.6
1749266607,146.90000000,0.31700000,123.6
1749266607,147.00000000,0.03600000,123.6
1749266607,147.60000000,2.01700000,123.6
1749266607,147.80000000,0.05800000,123.6
1749266607,148.40000000,1.00000000,123.6
1749266607,148.50000000,0.17400000,123.6
1749266607,149.00000000,0.39900000,123.6
1749266607,149.70000000,0.04200000,123.6
1749266607,149.80000000,0.05800000,123.6
1749266607,150.00000000,401.61500000,123.6
1749266607,150.30000000,0.11700000,123.6
1749266607,151.10000000,0.03700000,123.6
1749266908,123.70000000,4.25400000,123.7
1749266908,123.80000000,4.42600000,123.7
1749266908,123.90000000,17.59600000,123.7
1749266908,124.00000000,10.01600000,123.7
1749266908,124.10000000,6.73500000,123.7
1749266908,124.20000000,10.67900000,123.7
1749266908,124.30000000,36.38500000,123.7
1749266908,124.40000000,22.12500000,123.7
1749266908,124.50000000,31.74600000,123.7
1749266908,124.60000000,6.72800000,123.7
1749266908,124.70000000,147.52100000,123.7
1749266908,124.80000000,2.64700000,123.7
1749266908,124.90000000,15.82500000,123.7
1749266908,125.00000000,2.60000000,123.7
1749266908,125.10000000,2.64000000,123.7
1749266908,125.20000000,2.59600000,123.7
1749266908,125.30000000,2.59400000,123.7
1749266908,125.40000000,12.45100000,123.7
1749266908,125.50000000,2.59000000,123.7
1749266908,125.60000000,2.58800000,123.7
1749266908,125.70000000,0.15900000,123.7
1749266908,125.80000000,0.40400000,123.7
1749266908,125.90000000,1.39200000,123.7
1749266908,126.00000000,736.24500000,123.7
1749266908,126.10000000,0.04200000,123.7
1749266908,126.20000000,1.46300000,123.7
1749266908,126.40000000,0.15800000,123.7
1749266908,126.50000000,0.04800000,123.7
1749266908,126.60000000,3.98600000,123.7
1749266908,127.10000000,5.31200000,123.7
1749266908,127.20000000,0.23700000,123.7
1749266908,127.50000000,9.62700000,123.7
1749266908,127.60000000,3.45400000,123.7
1749266908,127.90000000,0.05800000,123.7
1749266908,128.80000000,2.80000000,123.7
1749266908,128.90000000,2.01500000,123.7
1749266908,129.20000000,0.04100000,123.7
1749266908,129.90000000,0.05800000,123.7
1749266908,130.00000000,0.40700000,123.7
1749266908,130.10000000,0.06600000,123.7
1749266908,130.30000000,0.11700000,123.7
1749266908,130.40000000,0.04700000,123.7
1749266908,130.50000000,0.15400000,123.7
1749266908,130.60000000,2.10200000,123.7
1749266908,131.80000000,0.24600000,123.7
1749266908,131.90000000,0.05800000,123.7
1749266908,133.20000000,0.25200000,123.7
1749266908,133.40000000,0.11700000,123.7
1749266908,133.60000000,0.12000000,123.7
1749266908,133.80000000,0.06400000,123.7
1749266908,133.90000000,0.05800000,123.7
1749266908,134.10000000,0.07400000,123.7
1749266908,134.50000000,0.37800000,123.7
1749266908,134.90000000,0.29600000,123.7
1749266908,135.00000000,3.11700000,123.7
1749266908,135.40000000,0.32500000,123.7
1749266908,135.80000000,0.83200000,123.7
1749266908,135.90000000,0.72700000,123.7
1749266908,136.00000000,325.00000000,123.7
1749266908,136.20000000,0.03700000,123.7
1749266908,136.60000000,0.11700000,123.7
1749266908,136.70000000,0.50500000,123.7
1749266908,137.50000000,0.06200000,123.7
1749266908,137.70000000,0.08300000,123.7
1749266908,137.80000000,0.05800000,123.7
1749266908,138.30000000,0.11700000,123.7
1749266908,139.80000000,0.09400000,123.7
1749266908,139.90000000,0.23700000,123.7
1749266908,140.00000000,300.00000000,123.7
1749266908,141.10000000,0.06000000,123.7
1749266908,141.60000000,0.11700000,123.7
1749266908,141.80000000,0.09500000,123.7
1749266908,142.40000000,1.25100000,123.7
1749266908,143.00000000,0.03700000,123.7
1749266908,143.10000000,0.04300000,123.7
1749266908,143.30000000,0.11700000,123.7
1749266908,143.60000000,0.03600000,123.7
1749266908,143.80000000,0.05800000,123.7
1749266908,144.10000000,0.03900000,123.7
1749266908,144.50000000,0.03600000,123.7
1749266908,144.80000000,0.05900000,123.7
1749266908,145.00000000,403.44100000,123.7
1749266908,145.60000000,0.45200000,123.7
1749266908,145.80000000,0.05800000,123.7
1749266908,146.00000000,0.03500000,123.7
1749266908,146.20000000,0.12000000,123.7
1749266908,146.40000000,0.03600000,123.7
1749266908,146.70000000,0.11700000,123.7
1749266908,146.80000000,0.03600000,123.7
1749266908,146.90000000,0.31700000,123.7
1749266908,147.00000000,0.03600000,123.7
1749266908,147.60000000,2.01700000,123.7
1749266908,147.80000000,0.05800000,123.7
1749266908,148.40000000,1.00000000,123.7
1749266908,148.50000000,0.17400000,123.7
1749266908,149.00000000,0.39900000,123.7
1749266908,149.70000000,0.04200000,123.7
1749266908,149.80000000,0.05800000,123.7
1749266908,150.00000000,401.61500000,123.7
1749266908,150.30000000,0.11700000,123.7
1749267210,124.00000000,1.41000000,123.9
1749267210,124.10000000,8.66100000,123.9
1749267210,124.20000000,7.15100000,123.9
1749267210,124.30000000,52.23000000,123.9
1749267210,124.40000000,30.05800000,123.9
1749267210,124.50000000,10.08400000,123.9
1749267210,124.60000000,6.28600000,123.9
1749267210,124.70000000,6.14100000,123.9
1749267210,124.80000000,6.47800000,123.9
1749267210,124.90000000,16.40800000,123.9
1749267210,125.00000000,2.60000000,123.9
1749267210,125.10000000,144.62800000,123.9
1749267210,125.20000000,2.59600000,123.9
1749267210,125.30000000,2.59400000,123.9
1749267210,125.40000000,12.45100000,123.9
1749267210,125.50000000,2.59000000,123.9
1749267210,125.60000000,2.58800000,123.9
1749267210,125.70000000,2.74500000,123.9
1749267210,125.80000000,0.40400000,123.9
1749267210,125.90000000,1.39200000,123.9
1749267210,126.10000000,735.99000000,123.9
1749267210,126.30000000,1.45800000,123.9
1749267210,126.40000000,0.15800000,123.9
1749267210,126.50000000,0.04800000,123.9
1749267210,126.60000000,3.98600000,123.9
1749267210,127.10000000,5.31200000,123.9
1749267210,127.20000000,0.23700000,123.9
1749267210,127.50000000,9.62700000,123.9
1749267210,127.60000000,3.45400000,123.9
1749267210,127.90000000,0.05800000,123.9
1749267210,128.80000000,2.79000000,123.9
1749267210,129.20000000,0.04100000,123.9
1749267210,129.90000000,0.05800000,123.9
1749267210,130.00000000,0.40700000,123.9
1749267210,130.10000000,0.06600000,123.9
1749267210,130.30000000,0.11700000,123.9
1749267210,130.40000000,0.04700000,123.9
1749267210,130.50000000,0.15400000,123.9
1749267210,130.60000000,2.10200000,123.9
1749267210,131.80000000,0.24600000,123.9
1749267210,131.90000000,0.05800000,123.9
1749267210,133.20000000,0.25200000,123.9
1749267210,133.40000000,0.11700000,123.9
1749267210,133.60000000,0.12000000,123.9
1749267210,133.80000000,0.06400000,123.9
1749267210,133.90000000,0.05800000,123.9
1749267210,134.10000000,0.07400000,123.9
1749267210,134.50000000,0.37800000,123.9
1749267210,134.90000000,0.29600000,123.9
1749267210,135.00000000,3.11700000,123.9
1749267210,135.40000000,0.32500000,123.9
1749267210,135.80000000,0.83200000,123.9
1749267210,135.90000000,0.72700000,123.9
1749267210,136.00000000,325.00000000,123.9
1749267210,136.20000000,0.03700000,123.9
1749267210,136.60000000,0.11700000,123.9
1749267210,136.70000000,0.50500000,123.9
1749267210,137.50000000,0.06200000,123.9
1749267210,137.70000000,0.08300000,123.9
1749267210,137.80000000,0.05800000,123.9
1749267210,138.30000000,0.11700000,123.9
1749267210,139.80000000,0.09400000,123.9
1749267210,139.90000000,0.23700000,123.9
1749267210,140.00000000,300.00000000,123.9
1749267210,141.10000000,0.06000000,123.9
1749267210,141.60000000,0.11700000,123.9
1749267210,141.80000000,0.09500000,123.9
1749267210,142.40000000,1.25100000,123.9
1749267210,143.00000000,0.03700000,123.9
1749267210,143.10000000,0.04300000,123.9
1749267210,143.30000000,0.11700000,123.9
1749267210,143.60000000,0.03600000,123.9
1749267210,143.80000000,0.05800000,123.9
1749267210,144.10000000,0.03900000,123.9
1749267210,144.50000000,0.03600000,123.9
1749267210,144.80000000,0.05900000,123.9
1749267210,145.00000000,403.44100000,123.9
1749267210,145.60000000,0.45200000,123.9
1749267210,145.80000000,0.05800000,123.9
1749267210,146.00000000,0.03500000,123.9
1749267210,146.20000000,0.12000000,123.9
1749267210,146.40000000,0.03600000,123.9
1749267210,146.70000000,0.11700000,123.9
1749267210,146.80000000,0.03600000,123.9
1749267210,146.90000000,0.31700000,123.9
1749267210,147.00000000,0.03600000,123.9
1749267210,147.60000000,2.01700000,123.9
1749267210,147.80000000,0.05800000,123.9
1749267210,148.40000000,1.00000000,123.9
1749267210,148.50000000,0.17400000,123.9
1749267210,149.00000000,0.39900000,123.9
1749267210,149.70000000,0.04200000,123.9
1749267210,149.80000000,0.05800000,123.9
1749267210,150.00000000,401.61500000,123.9
1749267210,150.30000000,0.11700000,123.9
1749267210,151.10000000,0.03700000,123.9
1749267210,151.80000000,0.05800000,123.9
1749267210,151.90000000,0.99700000,123.9
1749267210,152.10000000,0.11700000,123.9
1749267210,152.20000000,0.05600000,123.9
1749267512,123.70000000,0.38900000,123.7
1749267512,123.80000000,0.96700000,123.7
1749267512,123.90000000,7.22700000,123.7
1749267512,124.00000000,7.56500000,123.7
1749267512,124.10000000,12.41400000,123.7
1749267512,124.20000000,42.23300000,123.7
1749267512,124.30000000,26.08700000,123.7
1749267512,124.40000000,22.28400000,123.7
1749267512,124.50000000,12.21800000,123.7
1749267512,124.60000000,10.11700000,123.7
1749267512,124.70000000,6.14100000,123.7
1749267512,124.80000000,149.71600000,123.7
1749267512,124.90000000,16.40800000,123.7
1749267512,125.00000000,2.60000000,123.7
1749267512,125.10000000,2.64000000,123.7
1749267512,125.20000000,2.59600000,123.7
1749267512,125.30000000,2.59400000,123.7
1749267512,125.40000000,12.45100000,123.7
1749267512,125.50000000,2.59000000,123.7
1749267512,125.60000000,2.58800000,123.7
1749267512,125.70000000,2.74500000,123.7
1749267512,125.80000000,2.98800000,123.7
1749267512,125.90000000,1.39200000,123.7
1749267512,126.10000000,735.99000000,123.7
1749267512,126.30000000,1.45800000,123.7
1749267512,126.40000000,0.15800000,123.7
1749267512,126.50000000,0.04800000,123.7
1749267512,126.60000000,3.98600000,123.7
1749267512,127.10000000,5.31200000,123.7
1749267512,127.20000000,0.23700000,123.7
1749267512,127.50000000,9.62700000,123.7
1749267512,127.60000000,3.45400000,123.7
1749267512,127.90000000,0.05800000,123.7
1749267512,128.80000000,2.79000000,123.7
1749267512,129.20000000,0.04100000,123.7
1749267512,129.30000000,2.01500000,123.7
1749267512,129.90000000,0.05800000,123.7
1749267512,130.00000000,0.40700000,123.7
1749267512,130.10000000,0.06600000,123.7
1749267512,130.30000000,0.11700000,123.7
1749267512,130.40000000,0.04700000,123.7
1749267512,130.50000000,0.15400000,123.7
1749267512,130.60000000,2.10200000,123.7
1749267512,131.80000000,0.24600000,123.7
1749267512,131.90000000,0.05800000,123.7
1749267512,133.20000000,0.25200000,123.7
1749267512,133.40000000,0.11700000,123.7
1749267512,133.60000000,0.12000000,123.7
1749267512,133.80000000,0.06400000,123.7
1749267512,133.90000000,0.05800000,123.7
1749267512,134.10000000,0.07400000,123.7
1749267512,134.50000000,0.37800000,123.7
1749267512,134.90000000,0.29600000,123.7
1749267512,135.00000000,3.11700000,123.7
1749267512,135.40000000,0.32500000,123.7
1749267512,135.80000000,0.83200000,123.7
1749267512,135.90000000,0.72700000,123.7
1749267512,136.00000000,325.00000000,123.7
1749267512,136.20000000,0.03700000,123.7
1749267512,136.60000000,0.11700000,123.7
1749267512,136.70000000,0.50500000,123.7
1749267512,137.50000000,0.06200000,123.7
1749267512,137.70000000,0.08300000,123.7
1749267512,137.80000000,0.05800000,123.7
1749267512,138.30000000,0.11700000,123.7
1749267512,139.80000000,0.09400000,123.7
1749267512,139.90000000,0.23700000,123.7
1749267512,140.00000000,300.00000000,123.7
1749267512,141.10000000,0.06000000,123.7
1749267512,141.60000000,0.11700000,123.7
1749267512,141.80000000,0.09500000,123.7
1749267512,142.40000000,1.25100000,123.7
1749267512,143.00000000,0.03700000,123.7
1749267512,143.10000000,0.04300000,123.7
1749267512,143.30000000,0.11700000,123.7
1749267512,143.60000000,0.03600000,123.7
1749267512,143.80000000,0.05800000,123.7
1749267512,144.10000000,0.03900000,123.7
1749267512,144.50000000,0.03600000,123.7
1749267512,144.80000000,0.05900000,123.7
1749267512,145.00000000,403.44100000,123.7
1749267512,145.60000000,0.45200000,123.7
1749267512,145.80000000,0.05800000,123.7
1749267512,146.00000000,0.03500000,123.7
1749267512,146.20000000,0.12000000,123.7
1749267512,146.40000000,0.03600000,123.7
1749267512,146.70000000,0.11700000,123.7
1749267512,146.80000000,0.03600000,123.7
1749267512,146.90000000,0.31700000,123.7
1749267512,147.00000000,0.03600000,123.7
1749267512,147.60000000,2.01700000,123.7
1749267512,147.80000000,0.05800000,123.7
1749267512,148.40000000,1.00000000,123.7
1749267512,148.50000000,0.17400000,123.7
1749267512,149.00000000,0.39900000,123.7
1749267512,149.70000000,0.04200000,123.7
1749267512,149.80000000,0.05800000,123.7
1749267512,150.00000000,401.61500000,123.7
1749267512,150.30000000,0.11700000,123.7
1749267512,151.10000000,0.03700000,123.7
1749267813,123.90000000,3.18700000,123.8
1749267813,124.00000000,3.85300000,123.8
1749267813,124.10000000,6.19300000,123.8
1749267813,124.20000000,13.82900000,123.8
1749267813,124.30000000,10.86100000,123.8
1749267813,124.40000000,52.78600000,123.8
1749267813,124.50000000,25.66500000,123.8
1749267813,124.60000000,6.28600000,123.8
1749267813,124.70000000,9.97200000,123.8
1749267813,124.80000000,8.71400000,123.8
1749267813,124.90000000,162.79200000,123.8
1749267813,125.00000000,2.60000000,123.8
1749267813,125.10000000,2.64000000,123.8
1749267813,125.20000000,2.59600000,123.8
1749267813,125.30000000,2.59400000,123.8
1749267813,125.40000000,12.45100000,123.8
1749267813,125.50000000,2.59000000,123.8
1749267813,125.60000000,2.58800000,123.8
1749267813,125.70000000,2.74500000,123.8
1749267813,125.80000000,2.98800000,123.8
1749267813,125.90000000,1.39200000,123.8
1749267813,126.10000000,0.04200000,123.8
1749267813,126.20000000,735.35300000,123.8
1749267813,126.30000000,1.45800000,123.8
1749267813,126.40000000,0.15800000,123.8
1749267813,126.50000000,0.04800000,123.8
1749267813,126.60000000,3.98600000,123.8
1749267813,127.10000000,5.31200000,123.8
1749267813,127.20000000,0.23700000,123.8
1749267813,127.50000000,7.69200000,123.8
1749267813,127.60000000,3.45400000,123.8
1749267813,127.90000000,1.99300000,123.8
1749267813,128.80000000,2.79000000,123.8
1749267813,129.20000000,0.04100000,123.8
1749267813,129.30000000,2.01500000,123.8
1749267813,129.90000000,0.05800000,123.8
1749267813,130.00000000,0.40700000,123.8
1749267813,130.10000000,0.06600000,123.8
1749267813,130.30000000,0.11700000,123.8
1749267813,130.40000000,0.04700000,123.8
1749267813,130.50000000,0.15400000,123.8
1749267813,130.60000000,2.10200000,123.8
1749267813,131.80000000,0.24600000,123.8
1749267813,131.90000000,0.05800000,123.8
1749267813,133.20000000,0.25200000,123.8
1749267813,133.40000000,0.11700000,123.8
1749267813,133.60000000,0.12000000,123.8
1749267813,133.80000000,0.06400000,123.8
1749267813,133.90000000,0.05800000,123.8
1749267813,134.10000000,0.07400000,123.8
1749267813,134.50000000,0.37800000,123.8
1749267813,134.90000000,0.29600000,123.8
1749267813,135.00000000,3.11700000,123.8
1749267813,135.40000000,0.32500000,123.8
1749267813,135.80000000,0.83200000,123.8
1749267813,135.90000000,0.72700000,123.8
1749267813,136.00000000,325.00000000,123.8
1749267813,136.20000000,0.03700000,123.8
1749267813,136.60000000,0.11700000,123.8
1749267813,136.70000000,0.50500000,123.8
1749267813,137.50000000,0.06200000,123.8
1749267813,137.70000000,0.08300000,123.8
1749267813,137.80000000,0.05800000,123.8
1749267813,138.30000000,0.11700000,123.8
1749267813,139.80000000,0.09400000,123.8
1749267813,139.90000000,0.23700000,123.8
1749267813,140.00000000,300.00000000,123.8
1749267813,141.10000000,0.06000000,123.8
1749267813,141.60000000,0.11700000,123.8
1749267813,141.80000000,0.09500000,123.8
