timestamp,price,volume,current_price
1749258235,0.09080000,80895.00000000,0.0907
1749258235,0.09090000,214814.00000000,0.0907
1749258235,0.09100000,312555.00000000,0.0907
1749258235,0.09110000,178342.00000000,0.0907
1749258235,0.09120000,165309.00000000,0.0907
1749258235,0.09130000,75808.00000000,0.0907
1749258235,0.09140000,39067.00000000,0.0907
1749258235,0.09150000,37203.00000000,0.0907
1749258235,0.09160000,19505.00000000,0.0907
1749258235,0.09170000,35455.00000000,0.0907
1749258235,0.09180000,25305.00000000,0.0907
1749258235,0.09190000,14879.00000000,0.0907
1749258235,0.09200000,15016.00000000,0.0907
1749258235,0.09210000,17580.00000000,0.0907
1749258235,0.09220000,9382.00000000,0.0907
1749258235,0.09230000,9461.00000000,0.0907
1749258235,0.09240000,9261.00000000,0.0907
1749258235,0.09250000,20371.00000000,0.0907
1749258235,0.09260000,529.00000000,0.0907
1749258235,0.09270000,325.00000000,0.0907
1749258235,0.09280000,70882.00000000,0.0907
1749258235,0.09290000,10477.00000000,0.0907
1749258235,0.09300000,722.00000000,0.0907
1749258235,0.09310000,9187.00000000,0.0907
1749258235,0.09320000,20004.00000000,0.0907
1749258235,0.09330000,11853.00000000,0.0907
1749258235,0.09340000,32643.00000000,0.0907
1749258235,0.09350000,112.00000000,0.0907
1749258235,0.09360000,203.00000000,0.0907
1749258235,0.09370000,374.00000000,0.0907
1749258235,0.09380000,112.00000000,0.0907
1749258235,0.09390000,9338.00000000,0.0907
1749258235,0.09400000,9620.00000000,0.0907
1749258235,0.09410000,9500.00000000,0.0907
1749258235,0.09420000,507.00000000,0.0907
1749258235,0.09430000,11949.00000000,0.0907
1749258235,0.09440000,12039.00000000,0.0907
1749258235,0.09450000,397.00000000,0.0907
1749258235,0.09460000,218.00000000,0.0907
1749258235,0.09470000,1295.00000000,0.0907
1749258235,0.09480000,175.00000000,0.0907
1749258235,0.09490000,682.00000000,0.0907
1749258235,0.09500000,841.00000000,0.0907
1749258235,0.09510000,11031.00000000,0.0907
1749258235,0.09520000,112.00000000,0.0907
1749258235,0.09530000,315.00000000,0.0907
1749258235,0.09540000,4991.00000000,0.0907
1749258235,0.09550000,548.00000000,0.0907
1749258235,0.09560000,112.00000000,0.0907
1749258235,0.09570000,574.00000000,0.0907
1749258235,0.09580000,479.00000000,0.0907
1749258235,0.09590000,677.00000000,0.0907
1749258235,0.09600000,4657.00000000,0.0907
1749258235,0.09610000,3606.00000000,0.0907
1749258235,0.09620000,319.00000000,0.0907
1749258235,0.09630000,182.00000000,0.0907
1749258235,0.09640000,112.00000000,0.0907
1749258235,0.09650000,1510.00000000,0.0907
1749258235,0.09660000,1210.00000000,0.0907
1749258235,0.09670000,506.00000000,0.0907
1749258235,0.09680000,169.00000000,0.0907
1749258235,0.09690000,4344.00000000,0.0907
1749258235,0.09700000,899.00000000,0.0907
1749258235,0.09710000,240.00000000,0.0907
1749258235,0.09720000,174.00000000,0.0907
1749258235,0.09730000,383.00000000,0.0907
1749258235,0.09740000,665.00000000,0.0907
1749258235,0.09750000,194.00000000,0.0907
1749258235,0.09760000,758.00000000,0.0907
1749258235,0.09770000,372.00000000,0.0907
1749258235,0.09780000,112.00000000,0.0907
1749258235,0.09790000,482.00000000,0.0907
1749258235,0.09800000,814.00000000,0.0907
1749258235,0.09810000,308.00000000,0.0907
1749258235,0.09820000,172.00000000,0.0907
1749258235,0.09830000,866.00000000,0.0907
1749258235,0.09850000,9127.00000000,0.0907
1749258235,0.09860000,1077.00000000,0.0907
1749258235,0.09880000,381.00000000,0.0907
1749258235,0.09890000,451.00000000,0.0907
1749258235,0.09900000,681.00000000,0.0907
1749258235,0.09920000,7859.00000000,0.0907
1749258235,0.09930000,194.00000000,0.0907
1749258235,0.09940000,11735.00000000,0.0907
1749258235,0.09950000,1352.00000000,0.0907
1749258235,0.09960000,4016.00000000,0.0907
1749258235,0.09970000,359.00000000,0.0907
1749258235,0.09980000,26609.00000000,0.0907
1749258235,0.09990000,14088.00000000,0.0907
1749258235,0.10000000,2732.00000000,0.0907
1749258235,0.10010000,627.00000000,0.0907
1749258235,0.10020000,124.00000000,0.0907
1749258235,0.10030000,305.00000000,0.0907
1749258235,0.10050000,996.00000000,0.0907
1749258235,0.10060000,540.00000000,0.0907
1749258235,0.10070000,140.00000000,0.0907
1749258235,0.10080000,130.00000000,0.0907
1749258235,0.10100000,510.00000000,0.0907
1749258235,0.10110000,99.00000000,0.0907
1749258235,0.10120000,531.00000000,0.0907
1749258537,0.09070000,25816.00000000,0.0906
1749258537,0.09080000,117320.00000000,0.0906
1749258537,0.09090000,217638.00000000,0.0906
1749258537,0.09100000,544199.00000000,0.0906
1749258537,0.09110000,99377.00000000,0.0906
1749258537,0.09120000,150081.00000000,0.0906
1749258537,0.09130000,55550.00000000,0.0906
1749258537,0.09140000,42101.00000000,0.0906
1749258537,0.09150000,36927.00000000,0.0906
1749258537,0.09160000,62191.00000000,0.0906
1749258537,0.09170000,14752.00000000,0.0906
1749258537,0.09180000,36913.00000000,0.0906
1749258537,0.09190000,14962.00000000,0.0906
1749258537,0.09200000,15016.00000000,0.0906
1749258537,0.09210000,5735.00000000,0.0906
1749258537,0.09220000,9382.00000000,0.0906
1749258537,0.09230000,9461.00000000,0.0906
1749258537,0.09240000,9261.00000000,0.0906
1749258537,0.09250000,20371.00000000,0.0906
1749258537,0.09260000,529.00000000,0.0906
1749258537,0.09270000,9325.00000000,0.0906
1749258537,0.09280000,70882.00000000,0.0906
1749258537,0.09290000,10560.00000000,0.0906
1749258537,0.09300000,722.00000000,0.0906
1749258537,0.09310000,9187.00000000,0.0906
1749258537,0.09320000,9380.00000000,0.0906
1749258537,0.09330000,9302.00000000,0.0906
1749258537,0.09340000,32643.00000000,0.0906
1749258537,0.09350000,10736.00000000,0.0906
1749258537,0.09360000,2754.00000000,0.0906
1749258537,0.09370000,374.00000000,0.0906
1749258537,0.09380000,112.00000000,0.0906
1749258537,0.09390000,9338.00000000,0.0906
1749258537,0.09400000,9620.00000000,0.0906
1749258537,0.09410000,9500.00000000,0.0906
1749258537,0.09420000,507.00000000,0.0906
1749258537,0.09430000,197.00000000,0.0906
1749258537,0.09440000,12039.00000000,0.0906
1749258537,0.09450000,397.00000000,0.0906
1749258537,0.09460000,2970.00000000,0.0906
1749258537,0.09470000,1295.00000000,0.0906
1749258537,0.09480000,175.00000000,0.0906
1749258537,0.09490000,682.00000000,0.0906
1749258537,0.09500000,841.00000000,0.0906
1749258537,0.09510000,11031.00000000,0.0906
1749258537,0.09520000,112.00000000,0.0906
1749258537,0.09530000,315.00000000,0.0906
1749258537,0.09540000,4991.00000000,0.0906
1749258537,0.09550000,548.00000000,0.0906
1749258537,0.09560000,112.00000000,0.0906
1749258537,0.09570000,574.00000000,0.0906
1749258537,0.09580000,479.00000000,0.0906
1749258537,0.09590000,677.00000000,0.0906
1749258537,0.09600000,4657.00000000,0.0906
1749258537,0.09610000,3606.00000000,0.0906
1749258537,0.09620000,319.00000000,0.0906
1749258537,0.09630000,182.00000000,0.0906
1749258537,0.09640000,112.00000000,0.0906
1749258537,0.09650000,1510.00000000,0.0906
1749258537,0.09660000,1210.00000000,0.0906
1749258537,0.09670000,506.00000000,0.0906
1749258537,0.09680000,169.00000000,0.0906
1749258537,0.09690000,4344.00000000,0.0906
1749258537,0.09700000,899.00000000,0.0906
1749258537,0.09710000,240.00000000,0.0906
1749258537,0.09720000,174.00000000,0.0906
1749258537,0.09730000,383.00000000,0.0906
1749258537,0.09740000,665.00000000,0.0906
1749258537,0.09750000,194.00000000,0.0906
1749258537,0.09760000,758.00000000,0.0906
1749258537,0.09770000,372.00000000,0.0906
1749258537,0.09780000,112.00000000,0.0906
1749258537,0.09790000,482.00000000,0.0906
1749258537,0.09800000,814.00000000,0.0906
1749258537,0.09810000,308.00000000,0.0906
1749258537,0.09820000,172.00000000,0.0906
1749258537,0.09830000,755.00000000,0.0906
1749258537,0.09850000,9127.00000000,0.0906
1749258537,0.09860000,1077.00000000,0.0906
1749258537,0.09880000,381.00000000,0.0906
1749258537,0.09890000,451.00000000,0.0906
1749258537,0.09900000,681.00000000,0.0906
1749258537,0.09920000,7859.00000000,0.0906
1749258537,0.09930000,194.00000000,0.0906
1749258537,0.09940000,11735.00000000,0.0906
1749258537,0.09950000,1352.00000000,0.0906
1749258537,0.09960000,4016.00000000,0.0906
1749258537,0.09970000,359.00000000,0.0906
1749258537,0.09980000,26609.00000000,0.0906
1749258537,0.09990000,14088.00000000,0.0906
1749258537,0.10000000,2732.00000000,0.0906
1749258537,0.10010000,627.00000000,0.0906
1749258537,0.10020000,124.00000000,0.0906
1749258537,0.10030000,305.00000000,0.0906
1749258537,0.10050000,996.00000000,0.0906
1749258537,0.10060000,540.00000000,0.0906
1749258537,0.10070000,140.00000000,0.0906
1749258537,0.10080000,130.00000000,0.0906
1749258537,0.10100000,510.00000000,0.0906
1749258537,0.10110000,99.00000000,0.0906
1749258852,0.09100000,114866.00000000,0.0909
1749258852,0.09110000,234959.00000000,0.0909
1749258852,0.09120000,291173.00000000,0.0909
1749258852,0.09130000,227545.00000000,0.0909
1749258852,0.09140000,73520.00000000,0.0909
1749258852,0.09150000,82033.00000000,0.0909
1749258852,0.09160000,55529.00000000,0.0909
1749258852,0.09170000,36992.00000000,0.0909
1749258852,0.09180000,48041.00000000,0.0909
1749258852,0.09190000,14962.00000000,0.0909
1749258852,0.09200000,27232.00000000,0.0909
1749258852,0.09210000,5735.00000000,0.0909
1749258852,0.09220000,9657.00000000,0.0909
1749258852,0.09230000,9461.00000000,0.0909
1749258852,0.09240000,9536.00000000,0.0909
1749258852,0.09250000,20371.00000000,0.0909
1749258852,0.09260000,804.00000000,0.0909
1749258852,0.09270000,9325.00000000,0.0909
1749258852,0.09280000,10315.00000000,0.0909
1749258852,0.09290000,10560.00000000,0.0909
1749258852,0.09300000,1080.00000000,0.0909
1749258852,0.09310000,70029.00000000,0.0909
1749258852,0.09320000,9380.00000000,0.0909
1749258852,0.09330000,9302.00000000,0.0909
1749258852,0.09340000,32643.00000000,0.0909
1749258852,0.09350000,19736.00000000,0.0909
1749258852,0.09360000,2754.00000000,0.0909
1749258852,0.09370000,374.00000000,0.0909
1749258852,0.09380000,112.00000000,0.0909
1749258852,0.09390000,9338.00000000,0.0909
1749258852,0.09400000,9620.00000000,0.0909
1749258852,0.09410000,9500.00000000,0.0909
1749258852,0.09420000,507.00000000,0.0909
1749258852,0.09430000,197.00000000,0.0909
1749258852,0.09440000,12039.00000000,0.0909
1749258852,0.09450000,397.00000000,0.0909
1749258852,0.09460000,2970.00000000,0.0909
1749258852,0.09470000,1295.00000000,0.0909
1749258852,0.09480000,175.00000000,0.0909
1749258852,0.09490000,682.00000000,0.0909
1749258852,0.09500000,841.00000000,0.0909
1749258852,0.09510000,307.00000000,0.0909
1749258852,0.09520000,112.00000000,0.0909
1749258852,0.09530000,315.00000000,0.0909
1749258852,0.09540000,15715.00000000,0.0909
1749258852,0.09550000,548.00000000,0.0909
1749258852,0.09560000,112.00000000,0.0909
1749258852,0.09570000,574.00000000,0.0909
1749258852,0.09580000,479.00000000,0.0909
1749258852,0.09590000,677.00000000,0.0909
1749258852,0.09600000,4657.00000000,0.0909
1749258852,0.09610000,3606.00000000,0.0909
1749258852,0.09620000,319.00000000,0.0909
1749258852,0.09630000,182.00000000,0.0909
1749258852,0.09640000,112.00000000,0.0909
1749258852,0.09650000,1510.00000000,0.0909
1749258852,0.09660000,1210.00000000,0.0909
1749258852,0.09670000,506.00000000,0.0909
1749258852,0.09680000,169.00000000,0.0909
1749258852,0.09690000,4344.00000000,0.0909
1749258852,0.09700000,899.00000000,0.0909
1749258852,0.09710000,240.00000000,0.0909
1749258852,0.09720000,174.00000000,0.0909
1749258852,0.09730000,383.00000000,0.0909
1749258852,0.09740000,665.00000000,0.0909
1749258852,0.09750000,194.00000000,0.0909
1749258852,0.09760000,758.00000000,0.0909
1749258852,0.09770000,372.00000000,0.0909
1749258852,0.09780000,112.00000000,0.0909
1749258852,0.09790000,482.00000000,0.0909
1749258852,0.09800000,814.00000000,0.0909
1749258852,0.09810000,308.00000000,0.0909
1749258852,0.09820000,172.00000000,0.0909
1749258852,0.09830000,866.00000000,0.0909
1749258852,0.09840000,111.00000000,0.0909
1749258852,0.09850000,9238.00000000,0.0909
1749258852,0.09860000,1077.00000000,0.0909
1749258852,0.09880000,381.00000000,0.0909
1749258852,0.09890000,451.00000000,0.0909
1749258852,0.09900000,681.00000000,0.0909
1749258852,0.09920000,7859.00000000,0.0909
1749258852,0.09930000,194.00000000,0.0909
1749258852,0.09940000,11735.00000000,0.0909
1749258852,0.09950000,1352.00000000,0.0909
1749258852,0.09960000,4016.00000000,0.0909
1749258852,0.09970000,359.00000000,0.0909
1749258852,0.09980000,26609.00000000,0.0909
1749258852,0.09990000,650.00000000,0.0909
1749258852,0.10000000,2732.00000000,0.0909
1749258852,0.10010000,627.00000000,0.0909
1749258852,0.10020000,124.00000000,0.0909
1749258852,0.10030000,305.00000000,0.0909
1749258852,0.10050000,996.00000000,0.0909
1749258852,0.10060000,540.00000000,0.0909
1749258852,0.10070000,140.00000000,0.0909
1749258852,0.10080000,130.00000000,0.0909
1749258852,0.10100000,510.00000000,0.0909
1749258852,0.10110000,99.00000000,0.0909
1749258852,0.10120000,531.00000000,0.0909
1749258852,0.10130000,252.00000000,0.0909
1749259158,0.09090000,18000.00000000,0.0908
1749259158,0.09100000,196736.00000000,0.0908
1749259158,0.09110000,329108.00000000,0.0908
1749259158,0.09120000,514335.00000000,0.0908
1749259158,0.09130000,208540.00000000,0.0908
1749259158,0.09140000,83255.00000000,0.0908
1749259158,0.09150000,82843.00000000,0.0908
1749259158,0.09160000,41682.00000000,0.0908
1749259158,0.09170000,36992.00000000,0.0908
1749259158,0.09180000,45393.00000000,0.0908
1749259158,0.09190000,14962.00000000,0.0908
1749259158,0.09200000,15374.00000000,0.0908
1749259158,0.09210000,5735.00000000,0.0908
1749259158,0.09220000,9657.00000000,0.0908
1749259158,0.09230000,9461.00000000,0.0908
1749259158,0.09240000,9536.00000000,0.0908
1749259158,0.09250000,20371.00000000,0.0908
1749259158,0.09260000,804.00000000,0.0908
1749259158,0.09270000,9325.00000000,0.0908
1749259158,0.09280000,71157.00000000,0.0908
1749259158,0.09290000,10560.00000000,0.0908
1749259158,0.09300000,1080.00000000,0.0908
1749259158,0.09310000,9187.00000000,0.0908
1749259158,0.09320000,9380.00000000,0.0908
1749259158,0.09330000,9302.00000000,0.0908
1749259158,0.09340000,32643.00000000,0.0908
1749259158,0.09350000,19736.00000000,0.0908
1749259158,0.09360000,2754.00000000,0.0908
1749259158,0.09370000,374.00000000,0.0908
1749259158,0.09380000,112.00000000,0.0908
1749259158,0.09390000,9338.00000000,0.0908
1749259158,0.09400000,9620.00000000,0.0908
1749259158,0.09410000,500.00000000,0.0908
1749259158,0.09420000,9507.00000000,0.0908
1749259158,0.09430000,197.00000000,0.0908
1749259158,0.09440000,12039.00000000,0.0908
1749259158,0.09450000,397.00000000,0.0908
1749259158,0.09460000,2970.00000000,0.0908
1749259158,0.09470000,1295.00000000,0.0908
1749259158,0.09480000,175.00000000,0.0908
1749259158,0.09490000,682.00000000,0.0908
1749259158,0.09500000,841.00000000,0.0908
1749259158,0.09510000,307.00000000,0.0908
1749259158,0.09520000,112.00000000,0.0908
1749259158,0.09530000,315.00000000,0.0908
1749259158,0.09540000,15715.00000000,0.0908
1749259158,0.09550000,548.00000000,0.0908
1749259158,0.09560000,112.00000000,0.0908
1749259158,0.09570000,574.00000000,0.0908
1749259158,0.09580000,479.00000000,0.0908
1749259158,0.09590000,677.00000000,0.0908
1749259158,0.09600000,4657.00000000,0.0908
1749259158,0.09610000,3606.00000000,0.0908
1749259158,0.09620000,319.00000000,0.0908
1749259158,0.09630000,182.00000000,0.0908
1749259158,0.09640000,112.00000000,0.0908
1749259158,0.09650000,1510.00000000,0.0908
1749259158,0.09660000,1210.00000000,0.0908
1749259158,0.09670000,506.00000000,0.0908
1749259158,0.09680000,169.00000000,0.0908
1749259158,0.09690000,4344.00000000,0.0908
1749259158,0.09700000,899.00000000,0.0908
1749259158,0.09710000,240.00000000,0.0908
1749259158,0.09720000,174.00000000,0.0908
1749259158,0.09730000,383.00000000,0.0908
1749259158,0.09740000,665.00000000,0.0908
1749259158,0.09750000,194.00000000,0.0908
1749259158,0.09760000,758.00000000,0.0908
1749259158,0.09770000,372.00000000,0.0908
1749259158,0.09780000,112.00000000,0.0908
1749259158,0.09790000,482.00000000,0.0908
1749259158,0.09800000,814.00000000,0.0908
1749259158,0.09810000,308.00000000,0.0908
1749259158,0.09820000,172.00000000,0.0908
1749259158,0.09830000,866.00000000,0.0908
1749259158,0.09840000,111.00000000,0.0908
1749259158,0.09850000,9127.00000000,0.0908
1749259158,0.09860000,1077.00000000,0.0908
1749259158,0.09880000,381.00000000,0.0908
1749259158,0.09890000,451.00000000,0.0908
1749259158,0.09900000,681.00000000,0.0908
1749259158,0.09920000,7859.00000000,0.0908
1749259158,0.09930000,194.00000000,0.0908
1749259158,0.09940000,11735.00000000,0.0908
1749259158,0.09950000,1352.00000000,0.0908
1749259158,0.09960000,4016.00000000,0.0908
1749259158,0.09970000,359.00000000,0.0908
1749259158,0.09980000,26609.00000000,0.0908
1749259158,0.09990000,650.00000000,0.0908
1749259158,0.10000000,2732.00000000,0.0908
1749259158,0.10010000,627.00000000,0.0908
1749259158,0.10020000,124.00000000,0.0908
1749259158,0.10030000,305.00000000,0.0908
1749259158,0.10050000,996.00000000,0.0908
1749259158,0.10060000,540.00000000,0.0908
1749259158,0.10070000,140.00000000,0.0908
1749259158,0.10080000,130.00000000,0.0908
1749259158,0.10100000,510.00000000,0.0908
1749259158,0.10110000,99.00000000,0.0908
1749259158,0.10120000,531.00000000,0.0908
