timestamp,price,volume,current_price
1749260649,0.09040000,135842.00000000,0.0903
1749260649,0.09050000,343402.00000000,0.0903
1749260649,0.09060000,429105.00000000,0.0903
1749260649,0.09070000,427154.00000000,0.0903
1749260649,0.09080000,62690.00000000,0.0903
1749260649,0.09090000,79534.00000000,0.0903
1749260649,0.09100000,61058.00000000,0.0903
1749260649,0.09110000,58741.00000000,0.0903
1749260649,0.09120000,36923.00000000,0.0903
1749260649,0.09130000,36854.00000000,0.0903
1749260649,0.09140000,48119.00000000,0.0903
1749260649,0.09150000,16346.00000000,0.0903
1749260649,0.09160000,17023.00000000,0.0903
1749260649,0.09170000,14752.00000000,0.0903
1749260649,0.09180000,25030.00000000,0.0903
1749260649,0.09190000,9489.00000000,0.0903
1749260649,0.09200000,9626.00000000,0.0903
1749260649,0.09210000,262.00000000,0.0903
1749260649,0.09220000,9382.00000000,0.0903
1749260649,0.09230000,9461.00000000,0.0903
1749260649,0.09240000,9261.00000000,0.0903
1749260649,0.09250000,81213.00000000,0.0903
1749260649,0.09260000,529.00000000,0.0903
1749260649,0.09270000,9325.00000000,0.0903
1749260649,0.09280000,11598.00000000,0.0903
1749260649,0.09290000,21184.00000000,0.0903
1749260649,0.09300000,3200.00000000,0.0903
1749260649,0.09310000,9187.00000000,0.0903
1749260649,0.09320000,380.00000000,0.0903
1749260649,0.09330000,302.00000000,0.0903
1749260649,0.09340000,31085.00000000,0.0903
1749260649,0.09350000,112.00000000,0.0903
1749260649,0.09360000,203.00000000,0.0903
1749260649,0.09370000,374.00000000,0.0903
1749260649,0.09380000,20166.00000000,0.0903
1749260649,0.09390000,338.00000000,0.0903
1749260649,0.09400000,3372.00000000,0.0903
1749260649,0.09410000,500.00000000,0.0903
1749260649,0.09420000,507.00000000,0.0903
1749260649,0.09430000,197.00000000,0.0903
1749260649,0.09440000,985.00000000,0.0903
1749260649,0.09450000,397.00000000,0.0903
1749260649,0.09460000,218.00000000,0.0903
1749260649,0.09470000,1295.00000000,0.0903
1749260649,0.09480000,13576.00000000,0.0903
1749260649,0.09490000,682.00000000,0.0903
1749260649,0.09500000,841.00000000,0.0903
1749260649,0.09510000,307.00000000,0.0903
1749260649,0.09520000,112.00000000,0.0903
1749260649,0.09530000,315.00000000,0.0903
1749260649,0.09540000,2314.00000000,0.0903
1749260649,0.09550000,548.00000000,0.0903
1749260649,0.09560000,112.00000000,0.0903
1749260649,0.09570000,574.00000000,0.0903
1749260649,0.09580000,479.00000000,0.0903
1749260649,0.09590000,677.00000000,0.0903
1749260649,0.09600000,4657.00000000,0.0903
1749260649,0.09610000,3606.00000000,0.0903
1749260649,0.09620000,319.00000000,0.0903
1749260649,0.09630000,182.00000000,0.0903
1749260649,0.09640000,112.00000000,0.0903
1749260649,0.09650000,1510.00000000,0.0903
1749260649,0.09660000,1210.00000000,0.0903
1749260649,0.09670000,506.00000000,0.0903
1749260649,0.09680000,169.00000000,0.0903
1749260649,0.09690000,4344.00000000,0.0903
1749260649,0.09700000,899.00000000,0.0903
1749260649,0.09710000,240.00000000,0.0903
1749260649,0.09720000,174.00000000,0.0903
1749260649,0.09730000,383.00000000,0.0903
1749260649,0.09740000,665.00000000,0.0903
1749260649,0.09750000,194.00000000,0.0903
1749260649,0.09760000,758.00000000,0.0903
1749260649,0.09770000,372.00000000,0.0903
1749260649,0.09780000,112.00000000,0.0903
1749260649,0.09790000,482.00000000,0.0903
1749260649,0.09800000,703.00000000,0.0903
1749260649,0.09810000,197.00000000,0.0903
1749260649,0.09820000,61.00000000,0.0903
1749260649,0.09830000,755.00000000,0.0903
1749260649,0.09850000,9127.00000000,0.0903
1749260649,0.09860000,1077.00000000,0.0903
1749260649,0.09880000,381.00000000,0.0903
1749260649,0.09890000,451.00000000,0.0903
1749260649,0.09900000,681.00000000,0.0903
1749260649,0.09920000,7859.00000000,0.0903
1749260649,0.09930000,194.00000000,0.0903
1749260649,0.09940000,11735.00000000,0.0903
1749260649,0.09950000,1352.00000000,0.0903
1749260649,0.09960000,4016.00000000,0.0903
1749260649,0.09970000,359.00000000,0.0903
1749260649,0.09980000,26609.00000000,0.0903
1749260649,0.09990000,650.00000000,0.0903
1749260649,0.10000000,2732.00000000,0.0903
1749260649,0.10010000,627.00000000,0.0903
1749260649,0.10020000,124.00000000,0.0903
1749260649,0.10030000,305.00000000,0.0903
1749260649,0.10050000,996.00000000,0.0903
1749260649,0.10060000,540.00000000,0.0903
1749260649,0.10070000,140.00000000,0.0903
1749260950,0.09060000,158188.00000000,0.0906
1749260950,0.09070000,451264.00000000,0.0906
1749260950,0.09080000,437406.00000000,0.0906
1749260950,0.09090000,172807.00000000,0.0906
1749260950,0.09100000,125252.00000000,0.0906
1749260950,0.09110000,179068.00000000,0.0906
1749260950,0.09120000,64273.00000000,0.0906
1749260950,0.09130000,36854.00000000,0.0906
1749260950,0.09140000,60814.00000000,0.0906
1749260950,0.09150000,16346.00000000,0.0906
1749260950,0.09160000,37223.00000000,0.0906
1749260950,0.09170000,14752.00000000,0.0906
1749260950,0.09180000,25030.00000000,0.0906
1749260950,0.09190000,9489.00000000,0.0906
1749260950,0.09200000,9626.00000000,0.0906
1749260950,0.09210000,262.00000000,0.0906
1749260950,0.09220000,9382.00000000,0.0906
1749260950,0.09230000,9461.00000000,0.0906
1749260950,0.09240000,9261.00000000,0.0906
1749260950,0.09250000,20371.00000000,0.0906
1749260950,0.09260000,529.00000000,0.0906
1749260950,0.09270000,9325.00000000,0.0906
1749260950,0.09280000,70882.00000000,0.0906
1749260950,0.09290000,10560.00000000,0.0906
1749260950,0.09300000,649.00000000,0.0906
1749260950,0.09310000,10745.00000000,0.0906
1749260950,0.09320000,20004.00000000,0.0906
1749260950,0.09330000,11853.00000000,0.0906
1749260950,0.09340000,31085.00000000,0.0906
1749260950,0.09350000,112.00000000,0.0906
1749260950,0.09360000,203.00000000,0.0906
1749260950,0.09370000,374.00000000,0.0906
1749260950,0.09380000,9112.00000000,0.0906
1749260950,0.09390000,338.00000000,0.0906
1749260950,0.09400000,620.00000000,0.0906
1749260950,0.09410000,11554.00000000,0.0906
1749260950,0.09420000,507.00000000,0.0906
1749260950,0.09430000,2949.00000000,0.0906
1749260950,0.09440000,985.00000000,0.0906
1749260950,0.09450000,397.00000000,0.0906
1749260950,0.09460000,218.00000000,0.0906
1749260950,0.09470000,1295.00000000,0.0906
1749260950,0.09480000,175.00000000,0.0906
1749260950,0.09490000,682.00000000,0.0906
1749260950,0.09500000,841.00000000,0.0906
1749260950,0.09510000,13708.00000000,0.0906
1749260950,0.09520000,112.00000000,0.0906
1749260950,0.09530000,315.00000000,0.0906
1749260950,0.09540000,2314.00000000,0.0906
1749260950,0.09550000,548.00000000,0.0906
1749260950,0.09560000,112.00000000,0.0906
1749260950,0.09570000,574.00000000,0.0906
1749260950,0.09580000,479.00000000,0.0906
1749260950,0.09590000,677.00000000,0.0906
1749260950,0.09600000,4657.00000000,0.0906
1749260950,0.09610000,3606.00000000,0.0906
1749260950,0.09620000,319.00000000,0.0906
1749260950,0.09630000,182.00000000,0.0906
1749260950,0.09640000,112.00000000,0.0906
1749260950,0.09650000,1510.00000000,0.0906
1749260950,0.09660000,1210.00000000,0.0906
1749260950,0.09670000,506.00000000,0.0906
1749260950,0.09680000,169.00000000,0.0906
1749260950,0.09690000,4344.00000000,0.0906
1749260950,0.09700000,899.00000000,0.0906
1749260950,0.09710000,240.00000000,0.0906
1749260950,0.09720000,174.00000000,0.0906
1749260950,0.09730000,383.00000000,0.0906
1749260950,0.09740000,665.00000000,0.0906
1749260950,0.09750000,194.00000000,0.0906
1749260950,0.09760000,758.00000000,0.0906
1749260950,0.09770000,372.00000000,0.0906
1749260950,0.09780000,112.00000000,0.0906
1749260950,0.09790000,482.00000000,0.0906
1749260950,0.09800000,814.00000000,0.0906
1749260950,0.09810000,308.00000000,0.0906
1749260950,0.09820000,61.00000000,0.0906
1749260950,0.09830000,755.00000000,0.0906
1749260950,0.09850000,9127.00000000,0.0906
1749260950,0.09860000,1077.00000000,0.0906
1749260950,0.09880000,381.00000000,0.0906
1749260950,0.09890000,451.00000000,0.0906
1749260950,0.09900000,681.00000000,0.0906
1749260950,0.09920000,7859.00000000,0.0906
1749260950,0.09930000,194.00000000,0.0906
1749260950,0.09940000,11735.00000000,0.0906
1749260950,0.09950000,1352.00000000,0.0906
1749260950,0.09960000,4016.00000000,0.0906
1749260950,0.09970000,359.00000000,0.0906
1749260950,0.09980000,26609.00000000,0.0906
1749260950,0.09990000,650.00000000,0.0906
1749260950,0.10000000,2732.00000000,0.0906
1749260950,0.10010000,627.00000000,0.0906
1749260950,0.10020000,124.00000000,0.0906
1749260950,0.10030000,305.00000000,0.0906
1749260950,0.10050000,996.00000000,0.0906
1749260950,0.10060000,540.00000000,0.0906
1749260950,0.10070000,140.00000000,0.0906
1749260950,0.10080000,130.00000000,0.0906
1749260950,0.10100000,510.00000000,0.0906
1749261252,0.09050000,48339.00000000,0.0904
1749261252,0.09060000,292020.00000000,0.0904
1749261252,0.09070000,456818.00000000,0.0904
1749261252,0.09080000,356006.00000000,0.0904
1749261252,0.09090000,68326.00000000,0.0904
1749261252,0.09100000,161590.00000000,0.0904
1749261252,0.09110000,83554.00000000,0.0904
1749261252,0.09120000,36923.00000000,0.0904
1749261252,0.09130000,36854.00000000,0.0904
1749261252,0.09140000,60814.00000000,0.0904
1749261252,0.09150000,16346.00000000,0.0904
1749261252,0.09160000,37223.00000000,0.0904
1749261252,0.09170000,14752.00000000,0.0904
1749261252,0.09180000,25030.00000000,0.0904
1749261252,0.09190000,9489.00000000,0.0904
1749261252,0.09200000,9626.00000000,0.0904
1749261252,0.09210000,262.00000000,0.0904
1749261252,0.09220000,9382.00000000,0.0904
1749261252,0.09230000,9461.00000000,0.0904
1749261252,0.09240000,9261.00000000,0.0904
1749261252,0.09250000,20371.00000000,0.0904
1749261252,0.09260000,529.00000000,0.0904
1749261252,0.09270000,9325.00000000,0.0904
1749261252,0.09280000,70882.00000000,0.0904
1749261252,0.09290000,10560.00000000,0.0904
1749261252,0.09300000,649.00000000,0.0904
1749261252,0.09310000,10745.00000000,0.0904
1749261252,0.09320000,20004.00000000,0.0904
1749261252,0.09330000,11853.00000000,0.0904
1749261252,0.09340000,31085.00000000,0.0904
1749261252,0.09350000,112.00000000,0.0904
1749261252,0.09360000,203.00000000,0.0904
1749261252,0.09370000,374.00000000,0.0904
1749261252,0.09380000,9112.00000000,0.0904
1749261252,0.09390000,338.00000000,0.0904
1749261252,0.09400000,620.00000000,0.0904
1749261252,0.09410000,11554.00000000,0.0904
1749261252,0.09420000,507.00000000,0.0904
1749261252,0.09430000,2949.00000000,0.0904
1749261252,0.09440000,985.00000000,0.0904
1749261252,0.09450000,397.00000000,0.0904
1749261252,0.09460000,218.00000000,0.0904
1749261252,0.09470000,1295.00000000,0.0904
1749261252,0.09480000,175.00000000,0.0904
1749261252,0.09490000,682.00000000,0.0904
1749261252,0.09500000,841.00000000,0.0904
1749261252,0.09510000,13708.00000000,0.0904
1749261252,0.09520000,112.00000000,0.0904
1749261252,0.09530000,315.00000000,0.0904
1749261252,0.09540000,2314.00000000,0.0904
1749261252,0.09550000,548.00000000,0.0904
1749261252,0.09560000,112.00000000,0.0904
1749261252,0.09570000,574.00000000,0.0904
1749261252,0.09580000,479.00000000,0.0904
1749261252,0.09590000,677.00000000,0.0904
1749261252,0.09600000,4657.00000000,0.0904
1749261252,0.09610000,3606.00000000,0.0904
1749261252,0.09620000,319.00000000,0.0904
1749261252,0.09630000,182.00000000,0.0904
1749261252,0.09640000,112.00000000,0.0904
1749261252,0.09650000,1510.00000000,0.0904
1749261252,0.09660000,1210.00000000,0.0904
1749261252,0.09670000,506.00000000,0.0904
1749261252,0.09680000,169.00000000,0.0904
1749261252,0.09690000,4344.00000000,0.0904
1749261252,0.09700000,899.00000000,0.0904
1749261252,0.09710000,240.00000000,0.0904
1749261252,0.09720000,174.00000000,0.0904
1749261252,0.09730000,383.00000000,0.0904
1749261252,0.09740000,665.00000000,0.0904
1749261252,0.09750000,194.00000000,0.0904
1749261252,0.09760000,758.00000000,0.0904
1749261252,0.09770000,372.00000000,0.0904
1749261252,0.09780000,112.00000000,0.0904
1749261252,0.09790000,482.00000000,0.0904
1749261252,0.09800000,814.00000000,0.0904
1749261252,0.09810000,197.00000000,0.0904
1749261252,0.09820000,61.00000000,0.0904
1749261252,0.09830000,755.00000000,0.0904
1749261252,0.09850000,9127.00000000,0.0904
1749261252,0.09860000,1077.00000000,0.0904
1749261252,0.09880000,381.00000000,0.0904
1749261252,0.09890000,451.00000000,0.0904
1749261252,0.09900000,681.00000000,0.0904
1749261252,0.09920000,7859.00000000,0.0904
1749261252,0.09930000,194.00000000,0.0904
1749261252,0.09940000,11735.00000000,0.0904
1749261252,0.09950000,1352.00000000,0.0904
1749261252,0.09960000,4016.00000000,0.0904
1749261252,0.09970000,359.00000000,0.0904
1749261252,0.09980000,26609.00000000,0.0904
1749261252,0.09990000,650.00000000,0.0904
1749261252,0.10000000,2732.00000000,0.0904
1749261252,0.10010000,627.00000000,0.0904
1749261252,0.10020000,124.00000000,0.0904
1749261252,0.10030000,305.00000000,0.0904
1749261252,0.10050000,996.00000000,0.0904
1749261252,0.10060000,540.00000000,0.0904
1749261252,0.10070000,140.00000000,0.0904
1749261252,0.10080000,130.00000000,0.0904
1749261555,0.09040000,36872.00000000,0.0904
1749261555,0.09050000,312398.00000000,0.0904
1749261555,0.09060000,532350.00000000,0.0904
1749261555,0.09070000,375612.00000000,0.0904
1749261555,0.09080000,111830.00000000,0.0904
1749261555,0.09090000,159237.00000000,0.0904
1749261555,0.09100000,74314.00000000,0.0904
1749261555,0.09110000,89871.00000000,0.0904
1749261555,0.09120000,36923.00000000,0.0904
1749261555,0.09130000,36854.00000000,0.0904
1749261555,0.09140000,59239.00000000,0.0904
1749261555,0.09150000,16346.00000000,0.0904
1749261555,0.09160000,17023.00000000,0.0904
1749261555,0.09170000,14752.00000000,0.0904
1749261555,0.09180000,25030.00000000,0.0904
1749261555,0.09190000,9489.00000000,0.0904
1749261555,0.09200000,9626.00000000,0.0904
1749261555,0.09210000,262.00000000,0.0904
1749261555,0.09220000,9382.00000000,0.0904
1749261555,0.09230000,9461.00000000,0.0904
1749261555,0.09240000,9261.00000000,0.0904
1749261555,0.09250000,20371.00000000,0.0904
1749261555,0.09260000,529.00000000,0.0904
1749261555,0.09270000,9325.00000000,0.0904
1749261555,0.09280000,70882.00000000,0.0904
1749261555,0.09290000,10560.00000000,0.0904
1749261555,0.09300000,649.00000000,0.0904
1749261555,0.09310000,10745.00000000,0.0904
1749261555,0.09320000,20004.00000000,0.0904
1749261555,0.09330000,11853.00000000,0.0904
1749261555,0.09340000,31085.00000000,0.0904
1749261555,0.09350000,112.00000000,0.0904
1749261555,0.09360000,203.00000000,0.0904
1749261555,0.09370000,374.00000000,0.0904
1749261555,0.09380000,112.00000000,0.0904
1749261555,0.09390000,338.00000000,0.0904
1749261555,0.09400000,620.00000000,0.0904
1749261555,0.09410000,11554.00000000,0.0904
1749261555,0.09420000,507.00000000,0.0904
1749261555,0.09430000,2949.00000000,0.0904
1749261555,0.09440000,985.00000000,0.0904
1749261555,0.09450000,397.00000000,0.0904
1749261555,0.09460000,218.00000000,0.0904
1749261555,0.09470000,1295.00000000,0.0904
1749261555,0.09480000,175.00000000,0.0904
1749261555,0.09490000,682.00000000,0.0904
1749261555,0.09500000,841.00000000,0.0904
1749261555,0.09510000,13708.00000000,0.0904
1749261555,0.09520000,112.00000000,0.0904
1749261555,0.09530000,315.00000000,0.0904
1749261555,0.09540000,2314.00000000,0.0904
1749261555,0.09550000,548.00000000,0.0904
1749261555,0.09560000,112.00000000,0.0904
1749261555,0.09570000,574.00000000,0.0904
1749261555,0.09580000,479.00000000,0.0904
1749261555,0.09590000,677.00000000,0.0904
1749261555,0.09600000,4657.00000000,0.0904
1749261555,0.09610000,3606.00000000,0.0904
1749261555,0.09620000,319.00000000,0.0904
1749261555,0.09630000,182.00000000,0.0904
1749261555,0.09640000,112.00000000,0.0904
1749261555,0.09650000,1510.00000000,0.0904
1749261555,0.09660000,1210.00000000,0.0904
1749261555,0.09670000,506.00000000,0.0904
1749261555,0.09680000,169.00000000,0.0904
1749261555,0.09690000,4344.00000000,0.0904
1749261555,0.09700000,899.00000000,0.0904
1749261555,0.09710000,240.00000000,0.0904
1749261555,0.09720000,174.00000000,0.0904
1749261555,0.09730000,383.00000000,0.0904
1749261555,0.09740000,665.00000000,0.0904
1749261555,0.09750000,194.00000000,0.0904
1749261555,0.09760000,758.00000000,0.0904
1749261555,0.09770000,372.00000000,0.0904
1749261555,0.09780000,112.00000000,0.0904
1749261555,0.09790000,482.00000000,0.0904
1749261555,0.09800000,703.00000000,0.0904
1749261555,0.09810000,197.00000000,0.0904
1749261555,0.09820000,61.00000000,0.0904
1749261555,0.09830000,755.00000000,0.0904
1749261555,0.09850000,9127.00000000,0.0904
1749261555,0.09860000,1077.00000000,0.0904
1749261555,0.09880000,381.00000000,0.0904
1749261555,0.09890000,451.00000000,0.0904
1749261555,0.09900000,681.00000000,0.0904
1749261555,0.09920000,7859.00000000,0.0904
1749261555,0.09930000,194.00000000,0.0904
1749261555,0.09940000,11735.00000000,0.0904
1749261555,0.09950000,1352.00000000,0.0904
1749261555,0.09960000,4016.00000000,0.0904
1749261555,0.09970000,359.00000000,0.0904
1749261555,0.09980000,26609.00000000,0.0904
1749261555,0.09990000,650.00000000,0.0904
1749261555,0.10000000,2732.00000000,0.0904
1749261555,0.10010000,627.00000000,0.0904
1749261555,0.10020000,124.00000000,0.0904
1749261555,0.10030000,305.00000000,0.0904
1749261555,0.10050000,996.00000000,0.0904
1749261555,0.10060000,540.00000000,0.0904
1749261555,0.10070000,140.00000000,0.0904
1749261856,0.09030000,10174.00000000,0.0903
1749261856,0.09040000,209978.00000000,0.0903
1749261856,0.09050000,350243.00000000,0.0903
1749261856,0.09060000,449949.00000000,0.0903
1749261856,0.09070000,136791.00000000,0.0903
1749261856,0.09080000,149352.00000000,0.0903
1749261856,0.09090000,82108.00000000,0.0903
1749261856,0.09100000,45670.00000000,0.0903
1749261856,0.09110000,69486.00000000,0.0903
1749261856,0.09120000,57008.00000000,0.0903
1749261856,0.09130000,36854.00000000,0.0903
1749261856,0.09140000,16891.00000000,0.0903
1749261856,0.09150000,16346.00000000,0.0903
1749261856,0.09160000,17023.00000000,0.0903
1749261856,0.09170000,14752.00000000,0.0903
1749261856,0.09180000,25030.00000000,0.0903
1749261856,0.09190000,9489.00000000,0.0903
1749261856,0.09200000,9626.00000000,0.0903
1749261856,0.09210000,262.00000000,0.0903
1749261856,0.09220000,9382.00000000,0.0903
1749261856,0.09230000,9461.00000000,0.0903
1749261856,0.09240000,9261.00000000,0.0903
1749261856,0.09250000,70102.00000000,0.0903
1749261856,0.09260000,529.00000000,0.0903
1749261856,0.09270000,9325.00000000,0.0903
1749261856,0.09280000,11598.00000000,0.0903
1749261856,0.09290000,21184.00000000,0.0903
1749261856,0.09300000,3200.00000000,0.0903
1749261856,0.09310000,9187.00000000,0.0903
1749261856,0.09320000,9380.00000000,0.0903
1749261856,0.09330000,302.00000000,0.0903
1749261856,0.09340000,22085.00000000,0.0903
1749261856,0.09350000,112.00000000,0.0903
1749261856,0.09360000,203.00000000,0.0903
1749261856,0.09370000,374.00000000,0.0903
1749261856,0.09380000,11166.00000000,0.0903
1749261856,0.09390000,338.00000000,0.0903
1749261856,0.09400000,3372.00000000,0.0903
1749261856,0.09410000,500.00000000,0.0903
1749261856,0.09420000,507.00000000,0.0903
1749261856,0.09430000,197.00000000,0.0903
1749261856,0.09440000,985.00000000,0.0903
1749261856,0.09450000,397.00000000,0.0903
1749261856,0.09460000,218.00000000,0.0903
1749261856,0.09470000,1295.00000000,0.0903
1749261856,0.09480000,10899.00000000,0.0903
1749261856,0.09490000,682.00000000,0.0903
1749261856,0.09500000,841.00000000,0.0903
1749261856,0.09510000,2984.00000000,0.0903
1749261856,0.09520000,112.00000000,0.0903
1749261856,0.09530000,315.00000000,0.0903
1749261856,0.09540000,2314.00000000,0.0903
1749261856,0.09550000,548.00000000,0.0903
1749261856,0.09560000,112.00000000,0.0903
1749261856,0.09570000,574.00000000,0.0903
1749261856,0.09580000,479.00000000,0.0903
1749261856,0.09590000,677.00000000,0.0903
1749261856,0.09600000,4657.00000000,0.0903
1749261856,0.09610000,3606.00000000,0.0903
1749261856,0.09620000,319.00000000,0.0903
1749261856,0.09630000,182.00000000,0.0903
1749261856,0.09640000,112.00000000,0.0903
1749261856,0.09650000,1510.00000000,0.0903
1749261856,0.09660000,1210.00000000,0.0903
1749261856,0.09670000,506.00000000,0.0903
1749261856,0.09680000,169.00000000,0.0903
1749261856,0.09690000,4344.00000000,0.0903
1749261856,0.09700000,899.00000000,0.0903
1749261856,0.09710000,240.00000000,0.0903
1749261856,0.09720000,174.00000000,0.0903
1749261856,0.09730000,383.00000000,0.0903
1749261856,0.09740000,665.00000000,0.0903
1749261856,0.09750000,194.00000000,0.0903
1749261856,0.09760000,758.00000000,0.0903
1749261856,0.09770000,372.00000000,0.0903
1749261856,0.09780000,112.00000000,0.0903
1749261856,0.09790000,371.00000000,0.0903
1749261856,0.09800000,703.00000000,0.0903
1749261856,0.09810000,197.00000000,0.0903
1749261856,0.09820000,61.00000000,0.0903
1749261856,0.09830000,755.00000000,0.0903
1749261856,0.09850000,9127.00000000,0.0903
1749261856,0.09860000,1077.00000000,0.0903
1749261856,0.09880000,381.00000000,0.0903
1749261856,0.09890000,451.00000000,0.0903
1749261856,0.09900000,681.00000000,0.0903
1749261856,0.09920000,7859.00000000,0.0903
1749261856,0.09930000,194.00000000,0.0903
1749261856,0.09940000,11735.00000000,0.0903
1749261856,0.09950000,1352.00000000,0.0903
1749261856,0.09960000,4016.00000000,0.0903
1749261856,0.09970000,359.00000000,0.0903
1749261856,0.09980000,26609.00000000,0.0903
1749261856,0.09990000,650.00000000,0.0903
1749261856,0.10000000,2732.00000000,0.0903
1749261856,0.10010000,627.00000000,0.0903
1749261856,0.10020000,124.00000000,0.0903
1749261856,0.10030000,305.00000000,0.0903
1749261856,0.10050000,996.00000000,0.0903
1749261856,0.10060000,540.00000000,0.0903
1749262157,0.09020000,29137.00000000,0.0901
1749262157,0.09030000,220214.00000000,0.0901
1749262157,0.09040000,319468.00000000,0.0901
1749262157,0.09050000,378738.00000000,0.0901
1749262157,0.09060000,270124.00000000,0.0901
1749262157,0.09070000,156909.00000000,0.0901
1749262157,0.09080000,65029.00000000,0.0901
1749262157,0.09090000,67587.00000000,0.0901
1749262157,0.09100000,33682.00000000,0.0901
1749262157,0.09110000,69486.00000000,0.0901
1749262157,0.09120000,57008.00000000,0.0901
1749262157,0.09130000,36854.00000000,0.0901
1749262157,0.09140000,16891.00000000,0.0901
1749262157,0.09150000,16805.00000000,0.0901
1749262157,0.09160000,17023.00000000,0.0901
1749262157,0.09170000,14752.00000000,0.0901
1749262157,0.09180000,19557.00000000,0.0901
1749262157,0.09190000,9489.00000000,0.0901
1749262157,0.09200000,9626.00000000,0.0901
1749262157,0.09210000,262.00000000,0.0901
1749262157,0.09220000,9382.00000000,0.0901
1749262157,0.09230000,9461.00000000,0.0901
1749262157,0.09240000,9261.00000000,0.0901
1749262157,0.09250000,70102.00000000,0.0901
1749262157,0.09260000,529.00000000,0.0901
1749262157,0.09270000,9325.00000000,0.0901
1749262157,0.09280000,11598.00000000,0.0901
1749262157,0.09290000,21184.00000000,0.0901
1749262157,0.09300000,3200.00000000,0.0901
1749262157,0.09310000,9187.00000000,0.0901
1749262157,0.09320000,9380.00000000,0.0901
1749262157,0.09330000,302.00000000,0.0901
1749262157,0.09340000,22085.00000000,0.0901
1749262157,0.09350000,112.00000000,0.0901
1749262157,0.09360000,203.00000000,0.0901
1749262157,0.09370000,374.00000000,0.0901
1749262157,0.09380000,11166.00000000,0.0901
1749262157,0.09390000,338.00000000,0.0901
1749262157,0.09400000,3372.00000000,0.0901
1749262157,0.09410000,500.00000000,0.0901
1749262157,0.09420000,507.00000000,0.0901
1749262157,0.09430000,197.00000000,0.0901
1749262157,0.09440000,985.00000000,0.0901
1749262157,0.09450000,397.00000000,0.0901
1749262157,0.09460000,218.00000000,0.0901
1749262157,0.09470000,1295.00000000,0.0901
1749262157,0.09480000,10899.00000000,0.0901
1749262157,0.09490000,682.00000000,0.0901
1749262157,0.09500000,841.00000000,0.0901
1749262157,0.09510000,2984.00000000,0.0901
1749262157,0.09520000,112.00000000,0.0901
1749262157,0.09530000,315.00000000,0.0901
1749262157,0.09540000,2314.00000000,0.0901
1749262157,0.09550000,548.00000000,0.0901
1749262157,0.09560000,112.00000000,0.0901
1749262157,0.09570000,574.00000000,0.0901
1749262157,0.09580000,479.00000000,0.0901
1749262157,0.09590000,677.00000000,0.0901
1749262157,0.09600000,4657.00000000,0.0901
1749262157,0.09610000,3606.00000000,0.0901
1749262157,0.09620000,319.00000000,0.0901
1749262157,0.09630000,182.00000000,0.0901
1749262157,0.09640000,112.00000000,0.0901
1749262157,0.09650000,1510.00000000,0.0901
1749262157,0.09660000,1210.00000000,0.0901
1749262157,0.09670000,506.00000000,0.0901
1749262157,0.09680000,169.00000000,0.0901
1749262157,0.09690000,4344.00000000,0.0901
1749262157,0.09700000,899.00000000,0.0901
1749262157,0.09710000,240.00000000,0.0901
1749262157,0.09720000,174.00000000,0.0901
1749262157,0.09730000,383.00000000,0.0901
1749262157,0.09740000,665.00000000,0.0901
1749262157,0.09750000,194.00000000,0.0901
1749262157,0.09760000,758.00000000,0.0901
1749262157,0.09770000,372.00000000,0.0901
1749262157,0.09790000,371.00000000,0.0901
1749262157,0.09800000,703.00000000,0.0901
1749262157,0.09810000,197.00000000,0.0901
1749262157,0.09820000,61.00000000,0.0901
1749262157,0.09830000,755.00000000,0.0901
1749262157,0.09850000,9127.00000000,0.0901
1749262157,0.09860000,1077.00000000,0.0901
1749262157,0.09880000,381.00000000,0.0901
1749262157,0.09890000,451.00000000,0.0901
1749262157,0.09900000,681.00000000,0.0901
1749262157,0.09920000,7859.00000000,0.0901
1749262157,0.09930000,194.00000000,0.0901
1749262157,0.09940000,11735.00000000,0.0901
1749262157,0.09950000,1352.00000000,0.0901
1749262157,0.09960000,4016.00000000,0.0901
1749262157,0.09970000,359.00000000,0.0901
1749262157,0.09980000,26609.00000000,0.0901
1749262157,0.09990000,650.00000000,0.0901
1749262157,0.10000000,2732.00000000,0.0901
1749262157,0.10010000,627.00000000,0.0901
1749262157,0.10020000,124.00000000,0.0901
1749262157,0.10030000,305.00000000,0.0901
1749262157,0.10050000,996.00000000,0.0901
1749262157,0.10060000,540.00000000,0.0901
1749262459,0.09040000,67519.00000000,0.0903
1749262459,0.09050000,323462.00000000,0.0903
1749262459,0.09060000,457640.00000000,0.0903
1749262459,0.09070000,404626.00000000,0.0903
1749262459,0.09080000,68980.00000000,0.0903
1749262459,0.09090000,82282.00000000,0.0903
1749262459,0.09100000,49244.00000000,0.0903
1749262459,0.09110000,81461.00000000,0.0903
1749262459,0.09120000,36923.00000000,0.0903
1749262459,0.09130000,36854.00000000,0.0903
1749262459,0.09140000,37319.00000000,0.0903
1749262459,0.09150000,16805.00000000,0.0903
1749262459,0.09160000,17023.00000000,0.0903
1749262459,0.09170000,14752.00000000,0.0903
1749262459,0.09180000,19557.00000000,0.0903
1749262459,0.09190000,9489.00000000,0.0903
1749262459,0.09200000,9626.00000000,0.0903
1749262459,0.09210000,262.00000000,0.0903
1749262459,0.09220000,9382.00000000,0.0903
1749262459,0.09230000,9461.00000000,0.0903
1749262459,0.09240000,9261.00000000,0.0903
1749262459,0.09250000,70102.00000000,0.0903
1749262459,0.09260000,529.00000000,0.0903
1749262459,0.09270000,9325.00000000,0.0903
1749262459,0.09280000,10040.00000000,0.0903
1749262459,0.09290000,10560.00000000,0.0903
1749262459,0.09300000,649.00000000,0.0903
1749262459,0.09310000,10745.00000000,0.0903
1749262459,0.09320000,20004.00000000,0.0903
1749262459,0.09330000,11853.00000000,0.0903
1749262459,0.09340000,22085.00000000,0.0903
1749262459,0.09350000,112.00000000,0.0903
1749262459,0.09360000,203.00000000,0.0903
1749262459,0.09370000,374.00000000,0.0903
1749262459,0.09380000,112.00000000,0.0903
1749262459,0.09390000,338.00000000,0.0903
1749262459,0.09400000,620.00000000,0.0903
1749262459,0.09410000,11554.00000000,0.0903
1749262459,0.09420000,507.00000000,0.0903
1749262459,0.09430000,2949.00000000,0.0903
1749262459,0.09440000,985.00000000,0.0903
1749262459,0.09450000,397.00000000,0.0903
1749262459,0.09460000,218.00000000,0.0903
1749262459,0.09470000,1295.00000000,0.0903
1749262459,0.09480000,10899.00000000,0.0903
1749262459,0.09490000,682.00000000,0.0903
1749262459,0.09500000,841.00000000,0.0903
1749262459,0.09510000,2984.00000000,0.0903
1749262459,0.09520000,112.00000000,0.0903
1749262459,0.09530000,315.00000000,0.0903
1749262459,0.09540000,2314.00000000,0.0903
1749262459,0.09550000,548.00000000,0.0903
1749262459,0.09560000,112.00000000,0.0903
1749262459,0.09570000,574.00000000,0.0903
1749262459,0.09580000,479.00000000,0.0903
1749262459,0.09590000,677.00000000,0.0903
1749262459,0.09600000,4657.00000000,0.0903
1749262459,0.09610000,3606.00000000,0.0903
1749262459,0.09620000,319.00000000,0.0903
1749262459,0.09630000,182.00000000,0.0903
1749262459,0.09640000,112.00000000,0.0903
1749262459,0.09650000,1510.00000000,0.0903
1749262459,0.09660000,1210.00000000,0.0903
1749262459,0.09670000,506.00000000,0.0903
1749262459,0.09680000,169.00000000,0.0903
1749262459,0.09690000,4344.00000000,0.0903
1749262459,0.09700000,899.00000000,0.0903
1749262459,0.09710000,240.00000000,0.0903
1749262459,0.09720000,174.00000000,0.0903
1749262459,0.09730000,383.00000000,0.0903
1749262459,0.09740000,665.00000000,0.0903
1749262459,0.09750000,194.00000000,0.0903
1749262459,0.09760000,758.00000000,0.0903
1749262459,0.09770000,372.00000000,0.0903
1749262459,0.09780000,112.00000000,0.0903
1749262459,0.09790000,482.00000000,0.0903
1749262459,0.09800000,703.00000000,0.0903
1749262459,0.09810000,197.00000000,0.0903
1749262459,0.09820000,61.00000000,0.0903
1749262459,0.09830000,755.00000000,0.0903
1749262459,0.09850000,9127.00000000,0.0903
1749262459,0.09860000,1077.00000000,0.0903
1749262459,0.09880000,381.00000000,0.0903
1749262459,0.09890000,451.00000000,0.0903
1749262459,0.09900000,2182.00000000,0.0903
1749262459,0.09920000,7859.00000000,0.0903
1749262459,0.09930000,194.00000000,0.0903
1749262459,0.09940000,11735.00000000,0.0903
1749262459,0.09950000,1352.00000000,0.0903
1749262459,0.09960000,4016.00000000,0.0903
1749262459,0.09970000,359.00000000,0.0903
1749262459,0.09980000,26609.00000000,0.0903
1749262459,0.09990000,650.00000000,0.0903
1749262459,0.10000000,2732.00000000,0.0903
1749262459,0.10010000,627.00000000,0.0903
1749262459,0.10020000,124.00000000,0.0903
1749262459,0.10030000,305.00000000,0.0903
1749262459,0.10050000,996.00000000,0.0903
1749262459,0.10060000,540.00000000,0.0903
1749262459,0.10070000,140.00000000,0.0903
1749262760,0.09040000,97155.00000000,0.0903
1749262760,0.09050000,198246.00000000,0.0903
1749262760,0.09060000,327896.00000000,0.0903
1749262760,0.09070000,186187.00000000,0.0903
1749262760,0.09080000,136160.00000000,0.0903
1749262760,0.09090000,166390.00000000,0.0903
1749262760,0.09100000,49244.00000000,0.0903
1749262760,0.09110000,81461.00000000,0.0903
1749262760,0.09120000,36923.00000000,0.0903
1749262760,0.09130000,36854.00000000,0.0903
1749262760,0.09140000,37319.00000000,0.0903
1749262760,0.09150000,16805.00000000,0.0903
1749262760,0.09160000,17023.00000000,0.0903
1749262760,0.09170000,14752.00000000,0.0903
1749262760,0.09180000,19557.00000000,0.0903
1749262760,0.09190000,9489.00000000,0.0903
1749262760,0.09200000,9626.00000000,0.0903
1749262760,0.09210000,262.00000000,0.0903
1749262760,0.09220000,9382.00000000,0.0903
1749262760,0.09230000,9461.00000000,0.0903
1749262760,0.09240000,9261.00000000,0.0903
1749262760,0.09250000,9260.00000000,0.0903
1749262760,0.09260000,529.00000000,0.0903
1749262760,0.09270000,9325.00000000,0.0903
1749262760,0.09280000,70882.00000000,0.0903
1749262760,0.09290000,10560.00000000,0.0903
1749262760,0.09300000,649.00000000,0.0903
1749262760,0.09310000,10745.00000000,0.0903
1749262760,0.09320000,20004.00000000,0.0903
1749262760,0.09330000,11853.00000000,0.0903
1749262760,0.09340000,22085.00000000,0.0903
1749262760,0.09350000,112.00000000,0.0903
1749262760,0.09360000,203.00000000,0.0903
1749262760,0.09370000,374.00000000,0.0903
1749262760,0.09380000,112.00000000,0.0903
1749262760,0.09390000,338.00000000,0.0903
1749262760,0.09400000,620.00000000,0.0903
1749262760,0.09410000,11554.00000000,0.0903
1749262760,0.09420000,507.00000000,0.0903
1749262760,0.09430000,2949.00000000,0.0903
1749262760,0.09440000,985.00000000,0.0903
1749262760,0.09450000,397.00000000,0.0903
1749262760,0.09460000,218.00000000,0.0903
1749262760,0.09470000,1295.00000000,0.0903
1749262760,0.09480000,175.00000000,0.0903
1749262760,0.09490000,682.00000000,0.0903
1749262760,0.09500000,841.00000000,0.0903
1749262760,0.09510000,13708.00000000,0.0903
1749262760,0.09520000,112.00000000,0.0903
1749262760,0.09530000,315.00000000,0.0903
1749262760,0.09540000,2314.00000000,0.0903
1749262760,0.09550000,548.00000000,0.0903
1749262760,0.09560000,112.00000000,0.0903
1749262760,0.09570000,574.00000000,0.0903
1749262760,0.09580000,479.00000000,0.0903
1749262760,0.09590000,677.00000000,0.0903
1749262760,0.09600000,4657.00000000,0.0903
1749262760,0.09610000,3606.00000000,0.0903
1749262760,0.09620000,319.00000000,0.0903
1749262760,0.09630000,182.00000000,0.0903
1749262760,0.09640000,112.00000000,0.0903
1749262760,0.09650000,1510.00000000,0.0903
1749262760,0.09660000,1210.00000000,0.0903
1749262760,0.09670000,506.00000000,0.0903
1749262760,0.09680000,169.00000000,0.0903
1749262760,0.09690000,4344.00000000,0.0903
1749262760,0.09700000,899.00000000,0.0903
1749262760,0.09710000,240.00000000,0.0903
1749262760,0.09720000,174.00000000,0.0903
1749262760,0.09730000,383.00000000,0.0903
1749262760,0.09740000,665.00000000,0.0903
1749262760,0.09750000,194.00000000,0.0903
1749262760,0.09760000,758.00000000,0.0903
1749262760,0.09770000,372.00000000,0.0903
1749262760,0.09780000,112.00000000,0.0903
1749262760,0.09790000,482.00000000,0.0903
1749262760,0.09800000,703.00000000,0.0903
1749262760,0.09810000,197.00000000,0.0903
1749262760,0.09820000,61.00000000,0.0903
1749262760,0.09830000,755.00000000,0.0903
1749262760,0.09850000,9127.00000000,0.0903
1749262760,0.09860000,1077.00000000,0.0903
1749262760,0.09880000,381.00000000,0.0903
1749262760,0.09890000,451.00000000,0.0903
1749262760,0.09900000,2182.00000000,0.0903
1749262760,0.09920000,7859.00000000,0.0903
1749262760,0.09930000,194.00000000,0.0903
1749262760,0.09940000,11735.00000000,0.0903
1749262760,0.09950000,1352.00000000,0.0903
1749262760,0.09960000,4016.00000000,0.0903
1749262760,0.09970000,359.00000000,0.0903
1749262760,0.09980000,26609.00000000,0.0903
1749262760,0.09990000,650.00000000,0.0903
1749262760,0.10000000,2732.00000000,0.0903
1749262760,0.10010000,627.00000000,0.0903
1749262760,0.10020000,124.00000000,0.0903
1749262760,0.10030000,305.00000000,0.0903
1749262760,0.10050000,996.00000000,0.0903
1749262760,0.10060000,540.00000000,0.0903
1749262760,0.10070000,140.00000000,0.0903
1749263062,0.09040000,90071.00000000,0.0903
1749263062,0.09050000,188544.00000000,0.0903
1749263062,0.09060000,406172.00000000,0.0903
1749263062,0.09070000,192915.00000000,0.0903
1749263062,0.09080000,149102.00000000,0.0903
1749263062,0.09090000,58689.00000000,0.0903
1749263062,0.09100000,72383.00000000,0.0903
1749263062,0.09110000,47781.00000000,0.0903
1749263062,0.09120000,36923.00000000,0.0903
1749263062,0.09130000,36854.00000000,0.0903
1749263062,0.09140000,37319.00000000,0.0903
1749263062,0.09150000,16805.00000000,0.0903
1749263062,0.09160000,17023.00000000,0.0903
1749263062,0.09170000,14752.00000000,0.0903
1749263062,0.09180000,19557.00000000,0.0903
1749263062,0.09190000,9489.00000000,0.0903
1749263062,0.09200000,9626.00000000,0.0903
1749263062,0.09210000,262.00000000,0.0903
1749263062,0.09220000,9382.00000000,0.0903
1749263062,0.09230000,9461.00000000,0.0903
1749263062,0.09240000,9261.00000000,0.0903
1749263062,0.09250000,9260.00000000,0.0903
1749263062,0.09260000,529.00000000,0.0903
1749263062,0.09270000,9325.00000000,0.0903
1749263062,0.09280000,70882.00000000,0.0903
1749263062,0.09290000,10560.00000000,0.0903
1749263062,0.09300000,649.00000000,0.0903
1749263062,0.09310000,10745.00000000,0.0903
1749263062,0.09320000,20004.00000000,0.0903
1749263062,0.09330000,11853.00000000,0.0903
1749263062,0.09340000,22085.00000000,0.0903
1749263062,0.09350000,112.00000000,0.0903
1749263062,0.09360000,203.00000000,0.0903
1749263062,0.09370000,374.00000000,0.0903
1749263062,0.09380000,112.00000000,0.0903
1749263062,0.09390000,338.00000000,0.0903
1749263062,0.09400000,620.00000000,0.0903
1749263062,0.09410000,11554.00000000,0.0903
1749263062,0.09420000,507.00000000,0.0903
1749263062,0.09430000,2949.00000000,0.0903
1749263062,0.09440000,985.00000000,0.0903
1749263062,0.09450000,397.00000000,0.0903
1749263062,0.09460000,218.00000000,0.0903
1749263062,0.09470000,1295.00000000,0.0903
1749263062,0.09480000,175.00000000,0.0903
1749263062,0.09490000,682.00000000,0.0903
1749263062,0.09500000,841.00000000,0.0903
1749263062,0.09510000,13708.00000000,0.0903
1749263062,0.09520000,112.00000000,0.0903
1749263062,0.09530000,315.00000000,0.0903
1749263062,0.09540000,2314.00000000,0.0903
1749263062,0.09550000,548.00000000,0.0903
1749263062,0.09560000,112.00000000,0.0903
1749263062,0.09570000,574.00000000,0.0903
1749263062,0.09580000,479.00000000,0.0903
1749263062,0.09590000,677.00000000,0.0903
1749263062,0.09600000,4657.00000000,0.0903
1749263062,0.09610000,3606.00000000,0.0903
1749263062,0.09620000,319.00000000,0.0903
1749263062,0.09630000,182.00000000,0.0903
1749263062,0.09640000,112.00000000,0.0903
1749263062,0.09650000,1510.00000000,0.0903
1749263062,0.09660000,1210.00000000,0.0903
1749263062,0.09670000,506.00000000,0.0903
1749263062,0.09680000,169.00000000,0.0903
1749263062,0.09690000,4344.00000000,0.0903
1749263062,0.09700000,899.00000000,0.0903
1749263062,0.09710000,240.00000000,0.0903
1749263062,0.09720000,174.00000000,0.0903
1749263062,0.09730000,383.00000000,0.0903
1749263062,0.09740000,665.00000000,0.0903
1749263062,0.09750000,194.00000000,0.0903
1749263062,0.09760000,758.00000000,0.0903
1749263062,0.09770000,372.00000000,0.0903
1749263062,0.09780000,112.00000000,0.0903
1749263062,0.09790000,482.00000000,0.0903
1749263062,0.09800000,703.00000000,0.0903
1749263062,0.09810000,197.00000000,0.0903
1749263062,0.09820000,61.00000000,0.0903
1749263062,0.09830000,755.00000000,0.0903
1749263062,0.09850000,9127.00000000,0.0903
1749263062,0.09860000,1077.00000000,0.0903
1749263062,0.09880000,381.00000000,0.0903
1749263062,0.09890000,451.00000000,0.0903
1749263062,0.09900000,2182.00000000,0.0903
1749263062,0.09920000,7859.00000000,0.0903
1749263062,0.09930000,194.00000000,0.0903
1749263062,0.09940000,11735.00000000,0.0903
1749263062,0.09950000,1352.00000000,0.0903
1749263062,0.09960000,4016.00000000,0.0903
1749263062,0.09970000,359.00000000,0.0903
1749263062,0.09980000,26609.00000000,0.0903
1749263062,0.09990000,650.00000000,0.0903
1749263062,0.10000000,2732.00000000,0.0903
1749263062,0.10010000,627.00000000,0.0903
1749263062,0.10020000,124.00000000,0.0903
1749263062,0.10030000,305.00000000,0.0903
1749263062,0.10050000,996.00000000,0.0903
1749263062,0.10060000,540.00000000,0.0903
1749263062,0.10070000,140.00000000,0.0903
1749263363,0.09070000,65514.00000000,0.0906
1749263363,0.09080000,214021.00000000,0.0906
1749263363,0.09090000,513095.00000000,0.0906
1749263363,0.09100000,246679.00000000,0.0906
1749263363,0.09110000,97910.00000000,0.0906
1749263363,0.09120000,68400.00000000,0.0906
1749263363,0.09130000,75555.00000000,0.0906
1749263363,0.09140000,38983.00000000,0.0906
1749263363,0.09150000,16805.00000000,0.0906
1749263363,0.09160000,37505.00000000,0.0906
1749263363,0.09170000,14752.00000000,0.0906
1749263363,0.09180000,25030.00000000,0.0906
1749263363,0.09190000,14962.00000000,0.0906
1749263363,0.09200000,15099.00000000,0.0906
1749263363,0.09210000,14735.00000000,0.0906
1749263363,0.09220000,14855.00000000,0.0906
1749263363,0.09230000,9461.00000000,0.0906
1749263363,0.09240000,9261.00000000,0.0906
1749263363,0.09250000,9260.00000000,0.0906
1749263363,0.09260000,529.00000000,0.0906
1749263363,0.09270000,9325.00000000,0.0906
1749263363,0.09280000,70882.00000000,0.0906
1749263363,0.09290000,10560.00000000,0.0906
1749263363,0.09300000,649.00000000,0.0906
1749263363,0.09310000,10745.00000000,0.0906
1749263363,0.09320000,20004.00000000,0.0906
1749263363,0.09330000,11853.00000000,0.0906
1749263363,0.09340000,31085.00000000,0.0906
1749263363,0.09350000,112.00000000,0.0906
1749263363,0.09360000,203.00000000,0.0906
1749263363,0.09370000,374.00000000,0.0906
1749263363,0.09380000,112.00000000,0.0906
1749263363,0.09390000,338.00000000,0.0906
1749263363,0.09400000,620.00000000,0.0906
1749263363,0.09410000,11554.00000000,0.0906
1749263363,0.09420000,507.00000000,0.0906
1749263363,0.09430000,2949.00000000,0.0906
1749263363,0.09440000,985.00000000,0.0906
1749263363,0.09450000,397.00000000,0.0906
1749263363,0.09460000,218.00000000,0.0906
1749263363,0.09470000,1295.00000000,0.0906
1749263363,0.09480000,175.00000000,0.0906
1749263363,0.09490000,682.00000000,0.0906
1749263363,0.09500000,841.00000000,0.0906
1749263363,0.09510000,13708.00000000,0.0906
1749263363,0.09520000,112.00000000,0.0906
1749263363,0.09530000,315.00000000,0.0906
1749263363,0.09540000,2314.00000000,0.0906
1749263363,0.09550000,548.00000000,0.0906
1749263363,0.09560000,112.00000000,0.0906
1749263363,0.09570000,574.00000000,0.0906
1749263363,0.09580000,479.00000000,0.0906
1749263363,0.09590000,677.00000000,0.0906
1749263363,0.09600000,4657.00000000,0.0906
1749263363,0.09610000,3606.00000000,0.0906
1749263363,0.09620000,319.00000000,0.0906
1749263363,0.09630000,182.00000000,0.0906
1749263363,0.09640000,112.00000000,0.0906
1749263363,0.09650000,1510.00000000,0.0906
1749263363,0.09660000,1210.00000000,0.0906
1749263363,0.09670000,506.00000000,0.0906
1749263363,0.09680000,169.00000000,0.0906
1749263363,0.09690000,4344.00000000,0.0906
1749263363,0.09700000,899.00000000,0.0906
1749263363,0.09710000,240.00000000,0.0906
1749263363,0.09720000,174.00000000,0.0906
1749263363,0.09730000,383.00000000,0.0906
1749263363,0.09740000,665.00000000,0.0906
1749263363,0.09750000,194.00000000,0.0906
1749263363,0.09760000,758.00000000,0.0906
1749263363,0.09770000,372.00000000,0.0906
1749263363,0.09780000,112.00000000,0.0906
1749263363,0.09790000,482.00000000,0.0906
1749263363,0.09800000,814.00000000,0.0906
1749263363,0.09810000,308.00000000,0.0906
1749263363,0.09820000,172.00000000,0.0906
1749263363,0.09830000,755.00000000,0.0906
1749263363,0.09850000,9127.00000000,0.0906
1749263363,0.09860000,1077.00000000,0.0906
1749263363,0.09880000,381.00000000,0.0906
1749263363,0.09890000,451.00000000,0.0906
1749263363,0.09900000,2182.00000000,0.0906
1749263363,0.09920000,7859.00000000,0.0906
1749263363,0.09930000,194.00000000,0.0906
1749263363,0.09940000,11735.00000000,0.0906
1749263363,0.09950000,1352.00000000,0.0906
1749263363,0.09960000,4016.00000000,0.0906
1749263363,0.09970000,359.00000000,0.0906
1749263363,0.09980000,26609.00000000,0.0906
1749263363,0.09990000,650.00000000,0.0906
1749263363,0.10000000,2732.00000000,0.0906
1749263363,0.10010000,627.00000000,0.0906
1749263363,0.10020000,124.00000000,0.0906
1749263363,0.10030000,305.00000000,0.0906
1749263363,0.10050000,996.00000000,0.0906
1749263363,0.10060000,540.00000000,0.0906
1749263363,0.10070000,140.00000000,0.0906
1749263363,0.10080000,130.00000000,0.0906
1749263363,0.10100000,510.00000000,0.0906
1749263363,0.10110000,99.00000000,0.0906
1749263665,0.09080000,34647.00000000,0.0907
1749263665,0.09090000,220362.00000000,0.0907
1749263665,0.09100000,404807.00000000,0.0907
1749263665,0.09110000,326534.00000000,0.0907
1749263665,0.09120000,142389.00000000,0.0907
1749263665,0.09130000,82973.00000000,0.0907
1749263665,0.09140000,41477.00000000,0.0907
1749263665,0.09150000,39187.00000000,0.0907
1749263665,0.09160000,17023.00000000,0.0907
1749263665,0.09170000,14752.00000000,0.0907
1749263665,0.09180000,45564.00000000,0.0907
1749263665,0.09190000,14962.00000000,0.0907
1749263665,0.09200000,15099.00000000,0.0907
1749263665,0.09210000,14735.00000000,0.0907
1749263665,0.09220000,14855.00000000,0.0907
1749263665,0.09230000,9461.00000000,0.0907
1749263665,0.09240000,9261.00000000,0.0907
1749263665,0.09250000,9260.00000000,0.0907
1749263665,0.09260000,529.00000000,0.0907
1749263665,0.09270000,9325.00000000,0.0907
1749263665,0.09280000,70882.00000000,0.0907
1749263665,0.09290000,10560.00000000,0.0907
1749263665,0.09300000,649.00000000,0.0907
1749263665,0.09310000,9187.00000000,0.0907
1749263665,0.09320000,9380.00000000,0.0907
1749263665,0.09330000,9302.00000000,0.0907
1749263665,0.09340000,32643.00000000,0.0907
1749263665,0.09350000,19736.00000000,0.0907
1749263665,0.09360000,2754.00000000,0.0907
1749263665,0.09370000,374.00000000,0.0907
1749263665,0.09380000,9112.00000000,0.0907
1749263665,0.09390000,338.00000000,0.0907
1749263665,0.09400000,620.00000000,0.0907
1749263665,0.09410000,500.00000000,0.0907
1749263665,0.09420000,507.00000000,0.0907
1749263665,0.09430000,197.00000000,0.0907
1749263665,0.09440000,12039.00000000,0.0907
1749263665,0.09450000,397.00000000,0.0907
1749263665,0.09460000,2970.00000000,0.0907
1749263665,0.09470000,1295.00000000,0.0907
1749263665,0.09480000,175.00000000,0.0907
1749263665,0.09490000,682.00000000,0.0907
1749263665,0.09500000,841.00000000,0.0907
1749263665,0.09510000,11031.00000000,0.0907
1749263665,0.09520000,112.00000000,0.0907
1749263665,0.09530000,315.00000000,0.0907
1749263665,0.09540000,4991.00000000,0.0907
1749263665,0.09550000,548.00000000,0.0907
1749263665,0.09560000,112.00000000,0.0907
1749263665,0.09570000,574.00000000,0.0907
1749263665,0.09580000,479.00000000,0.0907
1749263665,0.09590000,677.00000000,0.0907
1749263665,0.09600000,4657.00000000,0.0907
1749263665,0.09610000,3606.00000000,0.0907
1749263665,0.09620000,319.00000000,0.0907
1749263665,0.09630000,182.00000000,0.0907
1749263665,0.09640000,112.00000000,0.0907
1749263665,0.09650000,1510.00000000,0.0907
1749263665,0.09660000,1210.00000000,0.0907
1749263665,0.09670000,506.00000000,0.0907
1749263665,0.09680000,169.00000000,0.0907
1749263665,0.09690000,4344.00000000,0.0907
1749263665,0.09700000,899.00000000,0.0907
1749263665,0.09710000,240.00000000,0.0907
1749263665,0.09720000,174.00000000,0.0907
1749263665,0.09730000,383.00000000,0.0907
1749263665,0.09740000,665.00000000,0.0907
1749263665,0.09750000,194.00000000,0.0907
1749263665,0.09760000,758.00000000,0.0907
1749263665,0.09770000,372.00000000,0.0907
1749263665,0.09780000,112.00000000,0.0907
1749263665,0.09790000,482.00000000,0.0907
1749263665,0.09800000,814.00000000,0.0907
1749263665,0.09810000,308.00000000,0.0907
1749263665,0.09820000,172.00000000,0.0907
1749263665,0.09830000,866.00000000,0.0907
1749263665,0.09850000,9127.00000000,0.0907
1749263665,0.09860000,1077.00000000,0.0907
1749263665,0.09880000,381.00000000,0.0907
1749263665,0.09890000,451.00000000,0.0907
1749263665,0.09900000,2182.00000000,0.0907
1749263665,0.09920000,7859.00000000,0.0907
1749263665,0.09930000,194.00000000,0.0907
1749263665,0.09940000,11735.00000000,0.0907
1749263665,0.09950000,1352.00000000,0.0907
1749263665,0.09960000,4016.00000000,0.0907
1749263665,0.09970000,359.00000000,0.0907
1749263665,0.09980000,26609.00000000,0.0907
1749263665,0.09990000,650.00000000,0.0907
1749263665,0.10000000,2732.00000000,0.0907
1749263665,0.10010000,480.00000000,0.0907
1749263665,0.10020000,124.00000000,0.0907
1749263665,0.10030000,305.00000000,0.0907
1749263665,0.10050000,996.00000000,0.0907
1749263665,0.10060000,540.00000000,0.0907
1749263665,0.10070000,140.00000000,0.0907
1749263665,0.10080000,130.00000000,0.0907
1749263665,0.10100000,510.00000000,0.0907
1749263665,0.10110000,99.00000000,0.0907
1749263665,0.10120000,531.00000000,0.0907
1749263966,0.09100000,62248.00000000,0.0909
1749263966,0.09110000,189343.00000000,0.0909
1749263966,0.09120000,357308.00000000,0.0909
1749263966,0.09130000,371043.00000000,0.0909
1749263966,0.09140000,72704.00000000,0.0909
1749263966,0.09150000,160988.00000000,0.0909
1749263966,0.09160000,65057.00000000,0.0909
1749263966,0.09170000,37102.00000000,0.0909
1749263966,0.09180000,16890.00000000,0.0909
1749263966,0.09190000,14962.00000000,0.0909
1749263966,0.09200000,35128.00000000,0.0909
1749263966,0.09210000,14735.00000000,0.0909
1749263966,0.09220000,14790.00000000,0.0909
1749263966,0.09230000,9461.00000000,0.0909
1749263966,0.09240000,9196.00000000,0.0909
1749263966,0.09250000,10228.00000000,0.0909
1749263966,0.09260000,529.00000000,0.0909
1749263966,0.09270000,9325.00000000,0.0909
1749263966,0.09280000,20318.00000000,0.0909
1749263966,0.09290000,10560.00000000,0.0909
1749263966,0.09300000,649.00000000,0.0909
1749263966,0.09310000,69954.00000000,0.0909
1749263966,0.09320000,9380.00000000,0.0909
1749263966,0.09330000,9216.00000000,0.0909
1749263966,0.09340000,32643.00000000,0.0909
1749263966,0.09350000,19736.00000000,0.0909
1749263966,0.09360000,2754.00000000,0.0909
1749263966,0.09370000,374.00000000,0.0909
1749263966,0.09380000,9112.00000000,0.0909
1749263966,0.09390000,338.00000000,0.0909
1749263966,0.09400000,9535.00000000,0.0909
1749263966,0.09410000,500.00000000,0.0909
1749263966,0.09420000,9401.00000000,0.0909
1749263966,0.09430000,112.00000000,0.0909
1749263966,0.09440000,12039.00000000,0.0909
1749263966,0.09450000,397.00000000,0.0909
1749263966,0.09460000,2970.00000000,0.0909
1749263966,0.09470000,1295.00000000,0.0909
1749263966,0.09480000,175.00000000,0.0909
1749263966,0.09490000,682.00000000,0.0909
1749263966,0.09500000,757.00000000,0.0909
1749263966,0.09510000,307.00000000,0.0909
1749263966,0.09520000,112.00000000,0.0909
1749263966,0.09530000,315.00000000,0.0909
1749263966,0.09540000,15715.00000000,0.0909
1749263966,0.09550000,548.00000000,0.0909
1749263966,0.09560000,112.00000000,0.0909
1749263966,0.09570000,574.00000000,0.0909
1749263966,0.09580000,479.00000000,0.0909
1749263966,0.09590000,573.00000000,0.0909
1749263966,0.09600000,4657.00000000,0.0909
1749263966,0.09610000,3606.00000000,0.0909
1749263966,0.09620000,319.00000000,0.0909
1749263966,0.09630000,182.00000000,0.0909
1749263966,0.09640000,112.00000000,0.0909
1749263966,0.09650000,1510.00000000,0.0909
1749263966,0.09660000,1210.00000000,0.0909
1749263966,0.09670000,506.00000000,0.0909
1749263966,0.09680000,169.00000000,0.0909
1749263966,0.09690000,4344.00000000,0.0909
1749263966,0.09700000,899.00000000,0.0909
1749263966,0.09710000,240.00000000,0.0909
1749263966,0.09720000,174.00000000,0.0909
1749263966,0.09730000,383.00000000,0.0909
1749263966,0.09740000,665.00000000,0.0909
1749263966,0.09750000,194.00000000,0.0909
1749263966,0.09760000,758.00000000,0.0909
1749263966,0.09770000,372.00000000,0.0909
1749263966,0.09780000,112.00000000,0.0909
1749263966,0.09790000,482.00000000,0.0909
1749263966,0.09800000,814.00000000,0.0909
1749263966,0.09810000,308.00000000,0.0909
1749263966,0.09820000,172.00000000,0.0909
1749263966,0.09830000,866.00000000,0.0909
1749263966,0.09840000,111.00000000,0.0909
1749263966,0.09850000,9238.00000000,0.0909
1749263966,0.09860000,1077.00000000,0.0909
1749263966,0.09880000,381.00000000,0.0909
1749263966,0.09890000,451.00000000,0.0909
1749263966,0.09900000,2182.00000000,0.0909
1749263966,0.09920000,7859.00000000,0.0909
1749263966,0.09930000,194.00000000,0.0909
1749263966,0.09940000,11735.00000000,0.0909
1749263966,0.09950000,1352.00000000,0.0909
1749263966,0.09960000,4016.00000000,0.0909
1749263966,0.09970000,359.00000000,0.0909
1749263966,0.09980000,26609.00000000,0.0909
1749263966,0.09990000,650.00000000,0.0909
1749263966,0.10000000,2732.00000000,0.0909
1749263966,0.10010000,480.00000000,0.0909
1749263966,0.10020000,124.00000000,0.0909
1749263966,0.10030000,305.00000000,0.0909
1749263966,0.10050000,996.00000000,0.0909
1749263966,0.10060000,540.00000000,0.0909
1749263966,0.10070000,140.00000000,0.0909
1749263966,0.10080000,130.00000000,0.0909
1749263966,0.10100000,510.00000000,0.0909
1749263966,0.10110000,99.00000000,0.0909
1749263966,0.10120000,531.00000000,0.0909
1749263966,0.10130000,252.00000000,0.0909
1749264268,0.09070000,91871.00000000,0.0906
1749264268,0.09080000,224548.00000000,0.0906
1749264268,0.09090000,232950.00000000,0.0906
1749264268,0.09100000,419320.00000000,0.0906
1749264268,0.09110000,125308.00000000,0.0906
1749264268,0.09120000,137964.00000000,0.0906
1749264268,0.09130000,147639.00000000,0.0906
1749264268,0.09140000,54778.00000000,0.0906
1749264268,0.09150000,38219.00000000,0.0906
1749264268,0.09160000,62634.00000000,0.0906
1749264268,0.09170000,37102.00000000,0.0906
1749264268,0.09180000,47549.00000000,0.0906
1749264268,0.09190000,14962.00000000,0.0906
1749264268,0.09200000,15099.00000000,0.0906
1749264268,0.09210000,14735.00000000,0.0906
1749264268,0.09220000,14790.00000000,0.0906
1749264268,0.09230000,9461.00000000,0.0906
1749264268,0.09240000,9196.00000000,0.0906
1749264268,0.09250000,9260.00000000,0.0906
1749264268,0.09260000,529.00000000,0.0906
1749264268,0.09270000,9325.00000000,0.0906
1749264268,0.09280000,70882.00000000,0.0906
1749264268,0.09290000,10560.00000000,0.0906
1749264268,0.09300000,649.00000000,0.0906
1749264268,0.09310000,9112.00000000,0.0906
1749264268,0.09320000,9380.00000000,0.0906
1749264268,0.09330000,9216.00000000,0.0906
1749264268,0.09340000,32643.00000000,0.0906
1749264268,0.09350000,19736.00000000,0.0906
1749264268,0.09360000,2754.00000000,0.0906
1749264268,0.09370000,374.00000000,0.0906
1749264268,0.09380000,9112.00000000,0.0906
1749264268,0.09390000,338.00000000,0.0906
1749264268,0.09400000,535.00000000,0.0906
1749264268,0.09410000,500.00000000,0.0906
1749264268,0.09420000,401.00000000,0.0906
1749264268,0.09430000,112.00000000,0.0906
1749264268,0.09440000,12039.00000000,0.0906
1749264268,0.09450000,397.00000000,0.0906
1749264268,0.09460000,2970.00000000,0.0906
1749264268,0.09470000,1295.00000000,0.0906
1749264268,0.09480000,175.00000000,0.0906
1749264268,0.09490000,682.00000000,0.0906
1749264268,0.09500000,757.00000000,0.0906
1749264268,0.09510000,11031.00000000,0.0906
1749264268,0.09520000,112.00000000,0.0906
1749264268,0.09530000,315.00000000,0.0906
1749264268,0.09540000,4991.00000000,0.0906
1749264268,0.09550000,548.00000000,0.0906
1749264268,0.09560000,112.00000000,0.0906
1749264268,0.09570000,574.00000000,0.0906
1749264268,0.09580000,479.00000000,0.0906
1749264268,0.09590000,573.00000000,0.0906
1749264268,0.09600000,4657.00000000,0.0906
1749264268,0.09610000,3606.00000000,0.0906
1749264268,0.09620000,319.00000000,0.0906
1749264268,0.09630000,182.00000000,0.0906
1749264268,0.09640000,112.00000000,0.0906
1749264268,0.09650000,1510.00000000,0.0906
1749264268,0.09660000,1210.00000000,0.0906
1749264268,0.09670000,506.00000000,0.0906
1749264268,0.09680000,169.00000000,0.0906
1749264268,0.09690000,4344.00000000,0.0906
1749264268,0.09700000,899.00000000,0.0906
1749264268,0.09710000,240.00000000,0.0906
1749264268,0.09720000,174.00000000,0.0906
1749264268,0.09730000,383.00000000,0.0906
1749264268,0.09740000,665.00000000,0.0906
1749264268,0.09750000,194.00000000,0.0906
1749264268,0.09760000,758.00000000,0.0906
1749264268,0.09770000,372.00000000,0.0906
1749264268,0.09780000,112.00000000,0.0906
1749264268,0.09790000,482.00000000,0.0906
1749264268,0.09800000,814.00000000,0.0906
1749264268,0.09810000,308.00000000,0.0906
1749264268,0.09820000,172.00000000,0.0906
1749264268,0.09830000,755.00000000,0.0906
1749264268,0.09850000,9127.00000000,0.0906
1749264268,0.09860000,1077.00000000,0.0906
1749264268,0.09880000,381.00000000,0.0906
1749264268,0.09890000,451.00000000,0.0906
1749264268,0.09900000,2182.00000000,0.0906
1749264268,0.09920000,7859.00000000,0.0906
1749264268,0.09930000,194.00000000,0.0906
1749264268,0.09940000,11735.00000000,0.0906
1749264268,0.09950000,1352.00000000,0.0906
1749264268,0.09960000,4016.00000000,0.0906
1749264268,0.09970000,359.00000000,0.0906
1749264268,0.09980000,26609.00000000,0.0906
1749264268,0.09990000,650.00000000,0.0906
1749264268,0.10000000,2732.00000000,0.0906
1749264268,0.10010000,480.00000000,0.0906
1749264268,0.10020000,124.00000000,0.0906
1749264268,0.10030000,305.00000000,0.0906
1749264268,0.10050000,996.00000000,0.0906
1749264268,0.10060000,540.00000000,0.0906
1749264268,0.10070000,140.00000000,0.0906
1749264268,0.10080000,130.00000000,0.0906
1749264268,0.10100000,510.00000000,0.0906
1749264268,0.10110000,99.00000000,0.0906
1749264570,0.09080000,29655.00000000,0.0908
1749264570,0.09090000,210594.00000000,0.0908
1749264570,0.09100000,255431.00000000,0.0908
1749264570,0.09110000,356799.00000000,0.0908
1749264570,0.09120000,129488.00000000,0.0908
1749264570,0.09130000,136656.00000000,0.0908
1749264570,0.09140000,97678.00000000,0.0908
1749264570,0.09150000,38219.00000000,0.0908
1749264570,0.09160000,62634.00000000,0.0908
1749264570,0.09170000,37102.00000000,0.0908
1749264570,0.09180000,47549.00000000,0.0908
1749264570,0.09190000,14962.00000000,0.0908
1749264570,0.09200000,15099.00000000,0.0908
1749264570,0.09210000,14735.00000000,0.0908
1749264570,0.09220000,14790.00000000,0.0908
1749264570,0.09230000,9461.00000000,0.0908
1749264570,0.09240000,9196.00000000,0.0908
1749264570,0.09250000,9260.00000000,0.0908
1749264570,0.09260000,529.00000000,0.0908
1749264570,0.09270000,9325.00000000,0.0908
1749264570,0.09280000,70882.00000000,0.0908
1749264570,0.09290000,10560.00000000,0.0908
1749264570,0.09300000,649.00000000,0.0908
1749264570,0.09310000,9112.00000000,0.0908
1749264570,0.09320000,9380.00000000,0.0908
1749264570,0.09330000,9216.00000000,0.0908
1749264570,0.09340000,32643.00000000,0.0908
1749264570,0.09350000,19736.00000000,0.0908
1749264570,0.09360000,11754.00000000,0.0908
1749264570,0.09370000,374.00000000,0.0908
1749264570,0.09380000,112.00000000,0.0908
1749264570,0.09390000,338.00000000,0.0908
1749264570,0.09400000,9535.00000000,0.0908
1749264570,0.09410000,500.00000000,0.0908
1749264570,0.09420000,401.00000000,0.0908
1749264570,0.09430000,112.00000000,0.0908
1749264570,0.09440000,12039.00000000,0.0908
1749264570,0.09450000,397.00000000,0.0908
1749264570,0.09460000,2970.00000000,0.0908
1749264570,0.09470000,1295.00000000,0.0908
1749264570,0.09480000,175.00000000,0.0908
1749264570,0.09490000,682.00000000,0.0908
1749264570,0.09500000,757.00000000,0.0908
1749264570,0.09510000,11031.00000000,0.0908
1749264570,0.09520000,112.00000000,0.0908
1749264570,0.09530000,315.00000000,0.0908
1749264570,0.09540000,4991.00000000,0.0908
1749264570,0.09550000,548.00000000,0.0908
1749264570,0.09560000,112.00000000,0.0908
1749264570,0.09570000,574.00000000,0.0908
1749264570,0.09580000,479.00000000,0.0908
1749264570,0.09590000,573.00000000,0.0908
1749264570,0.09600000,4657.00000000,0.0908
1749264570,0.09610000,3606.00000000,0.0908
1749264570,0.09620000,319.00000000,0.0908
1749264570,0.09630000,182.00000000,0.0908
1749264570,0.09640000,112.00000000,0.0908
1749264570,0.09650000,1510.00000000,0.0908
1749264570,0.09660000,1210.00000000,0.0908
1749264570,0.09670000,506.00000000,0.0908
1749264570,0.09680000,169.00000000,0.0908
1749264570,0.09690000,4344.00000000,0.0908
1749264570,0.09700000,899.00000000,0.0908
1749264570,0.09710000,240.00000000,0.0908
1749264570,0.09720000,174.00000000,0.0908
1749264570,0.09730000,383.00000000,0.0908
1749264570,0.09740000,665.00000000,0.0908
1749264570,0.09750000,194.00000000,0.0908
1749264570,0.09760000,758.00000000,0.0908
1749264570,0.09770000,372.00000000,0.0908
1749264570,0.09780000,112.00000000,0.0908
1749264570,0.09790000,482.00000000,0.0908
1749264570,0.09800000,814.00000000,0.0908
1749264570,0.09810000,308.00000000,0.0908
1749264570,0.09820000,172.00000000,0.0908
1749264570,0.09830000,866.00000000,0.0908
1749264570,0.09850000,9127.00000000,0.0908
1749264570,0.09860000,1077.00000000,0.0908
1749264570,0.09880000,381.00000000,0.0908
1749264570,0.09890000,451.00000000,0.0908
1749264570,0.09900000,2182.00000000,0.0908
1749264570,0.09920000,7859.00000000,0.0908
1749264570,0.09930000,194.00000000,0.0908
1749264570,0.09940000,11735.00000000,0.0908
1749264570,0.09950000,1352.00000000,0.0908
1749264570,0.09960000,4016.00000000,0.0908
1749264570,0.09970000,359.00000000,0.0908
1749264570,0.09980000,26609.00000000,0.0908
1749264570,0.09990000,650.00000000,0.0908
1749264570,0.10000000,2732.00000000,0.0908
1749264570,0.10010000,480.00000000,0.0908
1749264570,0.10020000,124.00000000,0.0908
1749264570,0.10030000,305.00000000,0.0908
1749264570,0.10050000,996.00000000,0.0908
1749264570,0.10060000,540.00000000,0.0908
1749264570,0.10070000,140.00000000,0.0908
1749264570,0.10080000,130.00000000,0.0908
1749264570,0.10100000,510.00000000,0.0908
1749264570,0.10110000,99.00000000,0.0908
1749264570,0.10120000,531.00000000,0.0908
1749264871,0.09120000,99463.00000000,0.0911
1749264871,0.09130000,245589.00000000,0.0911
1749264871,0.09140000,500515.00000000,0.0911
1749264871,0.09150000,183783.00000000,0.0911
1749264871,0.09160000,155232.00000000,0.0911
1749264871,0.09170000,76932.00000000,0.0911
1749264871,0.09180000,56713.00000000,0.0911
1749264871,0.09190000,60517.00000000,0.0911
1749264871,0.09200000,35114.00000000,0.0911
1749264871,0.09210000,14818.00000000,0.0911
1749264871,0.09220000,14725.00000000,0.0911
1749264871,0.09230000,9461.00000000,0.0911
1749264871,0.09240000,9196.00000000,0.0911
1749264871,0.09250000,10228.00000000,0.0911
1749264871,0.09260000,529.00000000,0.0911
1749264871,0.09270000,9325.00000000,0.0911
1749264871,0.09280000,20232.00000000,0.0911
1749264871,0.09290000,10560.00000000,0.0911
1749264871,0.09300000,649.00000000,0.0911
1749264871,0.09310000,70037.00000000,0.0911
1749264871,0.09320000,9463.00000000,0.0911
1749264871,0.09330000,9216.00000000,0.0911
1749264871,0.09340000,31085.00000000,0.0911
1749264871,0.09350000,9112.00000000,0.0911
1749264871,0.09360000,9203.00000000,0.0911
1749264871,0.09370000,1932.00000000,0.0911
1749264871,0.09380000,10736.00000000,0.0911
1749264871,0.09390000,2889.00000000,0.0911
1749264871,0.09400000,9439.00000000,0.0911
1749264871,0.09410000,500.00000000,0.0911
1749264871,0.09420000,401.00000000,0.0911
1749264871,0.09430000,9112.00000000,0.0911
1749264871,0.09440000,9985.00000000,0.0911
1749264871,0.09450000,397.00000000,0.0911
1749264871,0.09460000,112.00000000,0.0911
1749264871,0.09470000,12349.00000000,0.0911
1749264871,0.09480000,175.00000000,0.0911
1749264871,0.09490000,3434.00000000,0.0911
1749264871,0.09500000,757.00000000,0.0911
1749264871,0.09510000,307.00000000,0.0911
1749264871,0.09520000,112.00000000,0.0911
1749264871,0.09530000,315.00000000,0.0911
1749264871,0.09540000,13038.00000000,0.0911
1749264871,0.09550000,548.00000000,0.0911
1749264871,0.09560000,112.00000000,0.0911
1749264871,0.09570000,3332.00000000,0.0911
1749264871,0.09580000,479.00000000,0.0911
1749264871,0.09590000,448.00000000,0.0911
1749264871,0.09600000,4657.00000000,0.0911
1749264871,0.09610000,3606.00000000,0.0911
1749264871,0.09620000,319.00000000,0.0911
1749264871,0.09630000,182.00000000,0.0911
1749264871,0.09640000,112.00000000,0.0911
1749264871,0.09650000,1510.00000000,0.0911
1749264871,0.09660000,1210.00000000,0.0911
1749264871,0.09670000,506.00000000,0.0911
1749264871,0.09680000,169.00000000,0.0911
1749264871,0.09690000,4344.00000000,0.0911
1749264871,0.09700000,899.00000000,0.0911
1749264871,0.09710000,240.00000000,0.0911
1749264871,0.09720000,174.00000000,0.0911
1749264871,0.09730000,383.00000000,0.0911
1749264871,0.09740000,665.00000000,0.0911
1749264871,0.09750000,194.00000000,0.0911
1749264871,0.09760000,758.00000000,0.0911
1749264871,0.09770000,372.00000000,0.0911
1749264871,0.09780000,112.00000000,0.0911
1749264871,0.09790000,482.00000000,0.0911
1749264871,0.09800000,814.00000000,0.0911
1749264871,0.09810000,308.00000000,0.0911
1749264871,0.09820000,172.00000000,0.0911
1749264871,0.09830000,866.00000000,0.0911
1749264871,0.09840000,111.00000000,0.0911
1749264871,0.09850000,9238.00000000,0.0911
1749264871,0.09860000,1188.00000000,0.0911
1749264871,0.09870000,110.00000000,0.0911
1749264871,0.09880000,381.00000000,0.0911
1749264871,0.09890000,451.00000000,0.0911
1749264871,0.09900000,2048.00000000,0.0911
1749264871,0.09920000,7859.00000000,0.0911
1749264871,0.09930000,194.00000000,0.0911
1749264871,0.09940000,11735.00000000,0.0911
1749264871,0.09950000,1352.00000000,0.0911
1749264871,0.09960000,4016.00000000,0.0911
1749264871,0.09970000,359.00000000,0.0911
1749264871,0.09980000,26609.00000000,0.0911
1749264871,0.09990000,650.00000000,0.0911
1749264871,0.10000000,2732.00000000,0.0911
1749264871,0.10010000,480.00000000,0.0911
1749264871,0.10020000,124.00000000,0.0911
1749264871,0.10030000,305.00000000,0.0911
1749264871,0.10050000,996.00000000,0.0911
1749264871,0.10060000,540.00000000,0.0911
1749264871,0.10070000,140.00000000,0.0911
1749264871,0.10080000,130.00000000,0.0911
1749264871,0.10100000,510.00000000,0.0911
1749264871,0.10110000,99.00000000,0.0911
1749264871,0.10120000,531.00000000,0.0911
1749264871,0.10130000,252.00000000,0.0911
1749264871,0.10150000,610.00000000,0.0911
1749265173,0.09120000,68659.00000000,0.0911
1749265173,0.09130000,169783.00000000,0.0911
1749265173,0.09140000,273564.00000000,0.0911
1749265173,0.09150000,262463.00000000,0.0911
1749265173,0.09160000,208807.00000000,0.0911
1749265173,0.09170000,75569.00000000,0.0911
1749265173,0.09180000,68596.00000000,0.0911
1749265173,0.09190000,60517.00000000,0.0911
1749265173,0.09200000,37511.00000000,0.0911
1749265173,0.09210000,15112.00000000,0.0911
1749265173,0.09220000,35155.00000000,0.0911
1749265173,0.09230000,15017.00000000,0.0911
1749265173,0.09240000,9196.00000000,0.0911
1749265173,0.09250000,10228.00000000,0.0911
1749265173,0.09260000,529.00000000,0.0911
1749265173,0.09270000,9325.00000000,0.0911
1749265173,0.09280000,20232.00000000,0.0911
1749265173,0.09290000,10560.00000000,0.0911
1749265173,0.09300000,649.00000000,0.0911
1749265173,0.09310000,9195.00000000,0.0911
1749265173,0.09320000,9463.00000000,0.0911
1749265173,0.09330000,9299.00000000,0.0911
1749265173,0.09340000,91927.00000000,0.0911
1749265173,0.09350000,9112.00000000,0.0911
1749265173,0.09360000,9203.00000000,0.0911
1749265173,0.09370000,10932.00000000,0.0911
1749265173,0.09380000,10736.00000000,0.0911
1749265173,0.09390000,2889.00000000,0.0911
1749265173,0.09400000,9439.00000000,0.0911
1749265173,0.09410000,500.00000000,0.0911
1749265173,0.09420000,401.00000000,0.0911
1749265173,0.09430000,9112.00000000,0.0911
1749265173,0.09440000,9985.00000000,0.0911
1749265173,0.09450000,397.00000000,0.0911
1749265173,0.09460000,112.00000000,0.0911
1749265173,0.09470000,12349.00000000,0.0911
1749265173,0.09480000,175.00000000,0.0911
1749265173,0.09490000,3434.00000000,0.0911
1749265173,0.09500000,757.00000000,0.0911
1749265173,0.09510000,307.00000000,0.0911
1749265173,0.09520000,112.00000000,0.0911
1749265173,0.09530000,315.00000000,0.0911
1749265173,0.09540000,2314.00000000,0.0911
1749265173,0.09550000,548.00000000,0.0911
1749265173,0.09560000,112.00000000,0.0911
1749265173,0.09570000,14056.00000000,0.0911
1749265173,0.09580000,479.00000000,0.0911
1749265173,0.09590000,448.00000000,0.0911
1749265173,0.09600000,4657.00000000,0.0911
1749265173,0.09610000,3606.00000000,0.0911
1749265173,0.09620000,319.00000000,0.0911
1749265173,0.09630000,182.00000000,0.0911
1749265173,0.09640000,112.00000000,0.0911
1749265173,0.09650000,1510.00000000,0.0911
1749265173,0.09660000,1210.00000000,0.0911
1749265173,0.09670000,506.00000000,0.0911
1749265173,0.09680000,169.00000000,0.0911
1749265173,0.09690000,4344.00000000,0.0911
1749265173,0.09700000,899.00000000,0.0911
1749265173,0.09710000,240.00000000,0.0911
1749265173,0.09720000,174.00000000,0.0911
1749265173,0.09730000,383.00000000,0.0911
1749265173,0.09740000,665.00000000,0.0911
1749265173,0.09750000,194.00000000,0.0911
1749265173,0.09760000,758.00000000,0.0911
1749265173,0.09770000,372.00000000,0.0911
1749265173,0.09780000,112.00000000,0.0911
1749265173,0.09790000,482.00000000,0.0911
1749265173,0.09800000,814.00000000,0.0911
1749265173,0.09810000,308.00000000,0.0911
1749265173,0.09820000,172.00000000,0.0911
1749265173,0.09830000,866.00000000,0.0911
1749265173,0.09840000,111.00000000,0.0911
1749265173,0.09850000,9238.00000000,0.0911
1749265173,0.09860000,1188.00000000,0.0911
1749265173,0.09870000,110.00000000,0.0911
1749265173,0.09880000,381.00000000,0.0911
1749265173,0.09890000,451.00000000,0.0911
1749265173,0.09900000,2048.00000000,0.0911
1749265173,0.09920000,7859.00000000,0.0911
1749265173,0.09930000,194.00000000,0.0911
1749265173,0.09940000,11735.00000000,0.0911
1749265173,0.09950000,1352.00000000,0.0911
1749265173,0.09960000,4016.00000000,0.0911
1749265173,0.09970000,359.00000000,0.0911
1749265173,0.09980000,26609.00000000,0.0911
1749265173,0.09990000,650.00000000,0.0911
1749265173,0.10000000,2732.00000000,0.0911
1749265173,0.10010000,480.00000000,0.0911
1749265173,0.10020000,124.00000000,0.0911
1749265173,0.10030000,305.00000000,0.0911
1749265173,0.10040000,3774.00000000,0.0911
1749265173,0.10050000,996.00000000,0.0911
1749265173,0.10060000,540.00000000,0.0911
1749265173,0.10070000,140.00000000,0.0911
1749265173,0.10080000,130.00000000,0.0911
1749265173,0.10100000,510.00000000,0.0911
1749265173,0.10110000,99.00000000,0.0911
1749265173,0.10120000,531.00000000,0.0911
1749265173,0.10130000,252.00000000,0.0911
1749265475,0.09150000,67870.00000000,0.0914
1749265475,0.09160000,183147.00000000,0.0914
1749265475,0.09170000,227004.00000000,0.0914
1749265475,0.09180000,378649.00000000,0.0914
1749265475,0.09190000,130292.00000000,0.0914
1749265475,0.09200000,166083.00000000,0.0914
1749265475,0.09210000,56154.00000000,0.0914
1749265475,0.09220000,68046.00000000,0.0914
1749265475,0.09230000,37375.00000000,0.0914
1749265475,0.09240000,34960.00000000,0.0914
1749265475,0.09250000,15784.00000000,0.0914
1749265475,0.09260000,6002.00000000,0.0914
1749265475,0.09270000,9325.00000000,0.0914
1749265475,0.09280000,20232.00000000,0.0914
1749265475,0.09290000,10560.00000000,0.0914
1749265475,0.09300000,649.00000000,0.0914
1749265475,0.09310000,9292.00000000,0.0914
1749265475,0.09320000,9463.00000000,0.0914
1749265475,0.09330000,9299.00000000,0.0914
1749265475,0.09340000,92010.00000000,0.0914
1749265475,0.09350000,9195.00000000,0.0914
1749265475,0.09360000,9203.00000000,0.0914
1749265475,0.09370000,9374.00000000,0.0914
1749265475,0.09380000,9112.00000000,0.0914
1749265475,0.09390000,338.00000000,0.0914
1749265475,0.09400000,10997.00000000,0.0914
1749265475,0.09410000,20124.00000000,0.0914
1749265475,0.09420000,2952.00000000,0.0914
1749265475,0.09430000,9112.00000000,0.0914
1749265475,0.09440000,9985.00000000,0.0914
1749265475,0.09450000,397.00000000,0.0914
1749265475,0.09460000,112.00000000,0.0914
1749265475,0.09470000,10295.00000000,0.0914
1749265475,0.09480000,175.00000000,0.0914
1749265475,0.09490000,682.00000000,0.0914
1749265475,0.09500000,11937.00000000,0.0914
1749265475,0.09510000,307.00000000,0.0914
1749265475,0.09520000,2864.00000000,0.0914
1749265475,0.09530000,315.00000000,0.0914
1749265475,0.09540000,2314.00000000,0.0914
1749265475,0.09550000,548.00000000,0.0914
1749265475,0.09560000,112.00000000,0.0914
1749265475,0.09570000,14056.00000000,0.0914
1749265475,0.09580000,479.00000000,0.0914
1749265475,0.09590000,448.00000000,0.0914
1749265475,0.09600000,4657.00000000,0.0914
1749265475,0.09610000,3606.00000000,0.0914
1749265475,0.09620000,319.00000000,0.0914
1749265475,0.09630000,182.00000000,0.0914
1749265475,0.09640000,112.00000000,0.0914
1749265475,0.09650000,1510.00000000,0.0914
1749265475,0.09660000,1210.00000000,0.0914
1749265475,0.09670000,506.00000000,0.0914
1749265475,0.09680000,324.00000000,0.0914
1749265475,0.09690000,4344.00000000,0.0914
1749265475,0.09700000,899.00000000,0.0914
1749265475,0.09710000,240.00000000,0.0914
1749265475,0.09720000,174.00000000,0.0914
1749265475,0.09730000,383.00000000,0.0914
1749265475,0.09740000,665.00000000,0.0914
1749265475,0.09750000,194.00000000,0.0914
1749265475,0.09760000,758.00000000,0.0914
1749265475,0.09770000,372.00000000,0.0914
1749265475,0.09780000,112.00000000,0.0914
1749265475,0.09790000,482.00000000,0.0914
1749265475,0.09800000,814.00000000,0.0914
1749265475,0.09810000,308.00000000,0.0914
1749265475,0.09820000,172.00000000,0.0914
1749265475,0.09830000,866.00000000,0.0914
1749265475,0.09840000,111.00000000,0.0914
1749265475,0.09850000,9238.00000000,0.0914
1749265475,0.09860000,1188.00000000,0.0914
1749265475,0.09870000,110.00000000,0.0914
1749265475,0.09880000,491.00000000,0.0914
1749265475,0.09890000,561.00000000,0.0914
1749265475,0.09900000,2158.00000000,0.0914
1749265475,0.09920000,7859.00000000,0.0914
1749265475,0.09930000,194.00000000,0.0914
1749265475,0.09940000,11735.00000000,0.0914
1749265475,0.09950000,1352.00000000,0.0914
1749265475,0.09960000,4016.00000000,0.0914
1749265475,0.09970000,359.00000000,0.0914
1749265475,0.09980000,26609.00000000,0.0914
1749265475,0.09990000,650.00000000,0.0914
1749265475,0.10000000,2732.00000000,0.0914
1749265475,0.10010000,480.00000000,0.0914
1749265475,0.10020000,124.00000000,0.0914
1749265475,0.10030000,305.00000000,0.0914
1749265475,0.10050000,996.00000000,0.0914
1749265475,0.10060000,540.00000000,0.0914
1749265475,0.10070000,140.00000000,0.0914
1749265475,0.10080000,130.00000000,0.0914
1749265475,0.10100000,510.00000000,0.0914
1749265475,0.10110000,99.00000000,0.0914
1749265475,0.10120000,531.00000000,0.0914
1749265475,0.10130000,252.00000000,0.0914
1749265475,0.10150000,610.00000000,0.0914
1749265475,0.10160000,1252.00000000,0.0914
1749265475,0.10170000,62.00000000,0.0914
1749265475,0.10180000,124.00000000,0.0914
1749265776,0.09150000,122041.00000000,0.0914
1749265776,0.09160000,264280.00000000,0.0914
1749265776,0.09170000,421217.00000000,0.0914
1749265776,0.09180000,175797.00000000,0.0914
1749265776,0.09190000,148881.00000000,0.0914
1749265776,0.09200000,82002.00000000,0.0914
1749265776,0.09210000,60176.00000000,0.0914
1749265776,0.09220000,68046.00000000,0.0914
1749265776,0.09230000,37375.00000000,0.0914
1749265776,0.09240000,34960.00000000,0.0914
1749265776,0.09250000,15784.00000000,0.0914
1749265776,0.09260000,6056.00000000,0.0914
1749265776,0.09270000,9325.00000000,0.0914
1749265776,0.09280000,20232.00000000,0.0914
1749265776,0.09290000,10560.00000000,0.0914
1749265776,0.09300000,649.00000000,0.0914
1749265776,0.09310000,9292.00000000,0.0914
1749265776,0.09320000,9463.00000000,0.0914
1749265776,0.09330000,9299.00000000,0.0914
1749265776,0.09340000,92010.00000000,0.0914
1749265776,0.09350000,9195.00000000,0.0914
1749265776,0.09360000,9203.00000000,0.0914
1749265776,0.09370000,9374.00000000,0.0914
1749265776,0.09380000,9112.00000000,0.0914
1749265776,0.09390000,338.00000000,0.0914
1749265776,0.09400000,10943.00000000,0.0914
1749265776,0.09410000,20124.00000000,0.0914
1749265776,0.09420000,2952.00000000,0.0914
1749265776,0.09430000,9112.00000000,0.0914
1749265776,0.09440000,9985.00000000,0.0914
1749265776,0.09450000,397.00000000,0.0914
1749265776,0.09460000,112.00000000,0.0914
1749265776,0.09470000,1295.00000000,0.0914
1749265776,0.09480000,175.00000000,0.0914
1749265776,0.09490000,682.00000000,0.0914
1749265776,0.09500000,11937.00000000,0.0914
1749265776,0.09510000,307.00000000,0.0914
1749265776,0.09520000,2864.00000000,0.0914
1749265776,0.09530000,315.00000000,0.0914
1749265776,0.09540000,2314.00000000,0.0914
1749265776,0.09550000,548.00000000,0.0914
1749265776,0.09560000,112.00000000,0.0914
1749265776,0.09570000,11379.00000000,0.0914
1749265776,0.09580000,479.00000000,0.0914
1749265776,0.09590000,448.00000000,0.0914
1749265776,0.09600000,7334.00000000,0.0914
1749265776,0.09610000,3606.00000000,0.0914
1749265776,0.09620000,319.00000000,0.0914
1749265776,0.09630000,182.00000000,0.0914
1749265776,0.09640000,112.00000000,0.0914
1749265776,0.09650000,1510.00000000,0.0914
1749265776,0.09660000,1210.00000000,0.0914
1749265776,0.09670000,506.00000000,0.0914
1749265776,0.09680000,324.00000000,0.0914
1749265776,0.09690000,4344.00000000,0.0914
1749265776,0.09700000,899.00000000,0.0914
1749265776,0.09710000,240.00000000,0.0914
1749265776,0.09720000,174.00000000,0.0914
1749265776,0.09730000,383.00000000,0.0914
1749265776,0.09740000,665.00000000,0.0914
1749265776,0.09750000,194.00000000,0.0914
1749265776,0.09760000,758.00000000,0.0914
1749265776,0.09770000,372.00000000,0.0914
1749265776,0.09780000,112.00000000,0.0914
1749265776,0.09790000,482.00000000,0.0914
1749265776,0.09800000,814.00000000,0.0914
1749265776,0.09810000,308.00000000,0.0914
1749265776,0.09820000,172.00000000,0.0914
1749265776,0.09830000,866.00000000,0.0914
1749265776,0.09840000,111.00000000,0.0914
1749265776,0.09850000,9238.00000000,0.0914
1749265776,0.09860000,1188.00000000,0.0914
1749265776,0.09870000,110.00000000,0.0914
1749265776,0.09880000,491.00000000,0.0914
1749265776,0.09890000,561.00000000,0.0914
1749265776,0.09900000,2158.00000000,0.0914
1749265776,0.09920000,7859.00000000,0.0914
1749265776,0.09930000,194.00000000,0.0914
1749265776,0.09940000,11735.00000000,0.0914
1749265776,0.09950000,1352.00000000,0.0914
1749265776,0.09960000,4016.00000000,0.0914
1749265776,0.09970000,359.00000000,0.0914
1749265776,0.09980000,26609.00000000,0.0914
1749265776,0.09990000,650.00000000,0.0914
1749265776,0.10000000,2732.00000000,0.0914
1749265776,0.10010000,480.00000000,0.0914
1749265776,0.10020000,124.00000000,0.0914
1749265776,0.10030000,305.00000000,0.0914
1749265776,0.10050000,996.00000000,0.0914
1749265776,0.10060000,540.00000000,0.0914
1749265776,0.10070000,140.00000000,0.0914
1749265776,0.10080000,130.00000000,0.0914
1749265776,0.10100000,510.00000000,0.0914
1749265776,0.10110000,99.00000000,0.0914
1749265776,0.10120000,531.00000000,0.0914
1749265776,0.10130000,252.00000000,0.0914
1749265776,0.10150000,610.00000000,0.0914
1749265776,0.10160000,1252.00000000,0.0914
1749265776,0.10170000,62.00000000,0.0914
1749265776,0.10180000,124.00000000,0.0914
1749266078,0.09190000,87298.00000000,0.0918
1749266078,0.09200000,162864.00000000,0.0918
1749266078,0.09210000,402384.00000000,0.0918
1749266078,0.09220000,427866.00000000,0.0918
1749266078,0.09230000,59009.00000000,0.0918
1749266078,0.09240000,79470.00000000,0.0918
1749266078,0.09250000,75880.00000000,0.0918
1749266078,0.09260000,39710.00000000,0.0918
1749266078,0.09270000,14880.00000000,0.0918
1749266078,0.09280000,46517.00000000,0.0918
1749266078,0.09290000,16115.00000000,0.0918
1749266078,0.09300000,649.00000000,0.0918
1749266078,0.09310000,9292.00000000,0.0918
1749266078,0.09320000,9463.00000000,0.0918
1749266078,0.09330000,9299.00000000,0.0918
1749266078,0.09340000,31168.00000000,0.0918
1749266078,0.09350000,9195.00000000,0.0918
1749266078,0.09360000,9285.00000000,0.0918
1749266078,0.09370000,70298.00000000,0.0918
1749266078,0.09380000,9194.00000000,0.0918
1749266078,0.09390000,420.00000000,0.0918
1749266078,0.09400000,9385.00000000,0.0918
1749266078,0.09410000,9500.00000000,0.0918
1749266078,0.09420000,401.00000000,0.0918
1749266078,0.09430000,10670.00000000,0.0918
1749266078,0.09440000,20609.00000000,0.0918
1749266078,0.09450000,11948.00000000,0.0918
1749266078,0.09460000,112.00000000,0.0918
1749266078,0.09470000,10224.00000000,0.0918
1749266078,0.09480000,175.00000000,0.0918
1749266078,0.09490000,682.00000000,0.0918
1749266078,0.09500000,9883.00000000,0.0918
1749266078,0.09510000,307.00000000,0.0918
1749266078,0.09520000,2864.00000000,0.0918
1749266078,0.09530000,11369.00000000,0.0918
1749266078,0.09540000,2314.00000000,0.0918
1749266078,0.09550000,548.00000000,0.0918
1749266078,0.09560000,112.00000000,0.0918
1749266078,0.09570000,655.00000000,0.0918
1749266078,0.09580000,479.00000000,0.0918
1749266078,0.09590000,448.00000000,0.0918
1749266078,0.09600000,18058.00000000,0.0918
1749266078,0.09610000,3606.00000000,0.0918
1749266078,0.09620000,319.00000000,0.0918
1749266078,0.09630000,182.00000000,0.0918
1749266078,0.09640000,112.00000000,0.0918
1749266078,0.09650000,1510.00000000,0.0918
1749266078,0.09660000,1210.00000000,0.0918
1749266078,0.09670000,506.00000000,0.0918
1749266078,0.09680000,324.00000000,0.0918
1749266078,0.09690000,4344.00000000,0.0918
1749266078,0.09700000,899.00000000,0.0918
1749266078,0.09710000,240.00000000,0.0918
1749266078,0.09720000,174.00000000,0.0918
1749266078,0.09730000,383.00000000,0.0918
1749266078,0.09740000,665.00000000,0.0918
1749266078,0.09750000,194.00000000,0.0918
1749266078,0.09760000,758.00000000,0.0918
1749266078,0.09770000,372.00000000,0.0918
1749266078,0.09780000,112.00000000,0.0918
1749266078,0.09790000,482.00000000,0.0918
1749266078,0.09800000,814.00000000,0.0918
1749266078,0.09810000,308.00000000,0.0918
1749266078,0.09820000,172.00000000,0.0918
1749266078,0.09830000,866.00000000,0.0918
1749266078,0.09840000,111.00000000,0.0918
1749266078,0.09850000,9238.00000000,0.0918
1749266078,0.09860000,1188.00000000,0.0918
1749266078,0.09870000,110.00000000,0.0918
1749266078,0.09880000,491.00000000,0.0918
1749266078,0.09890000,561.00000000,0.0918
1749266078,0.09900000,2158.00000000,0.0918
1749266078,0.09910000,110.00000000,0.0918
1749266078,0.09920000,7969.00000000,0.0918
1749266078,0.09930000,304.00000000,0.0918
1749266078,0.09940000,11845.00000000,0.0918
1749266078,0.09950000,1352.00000000,0.0918
1749266078,0.09960000,4016.00000000,0.0918
1749266078,0.09970000,359.00000000,0.0918
1749266078,0.09980000,26609.00000000,0.0918
1749266078,0.09990000,650.00000000,0.0918
1749266078,0.10000000,2732.00000000,0.0918
1749266078,0.10010000,480.00000000,0.0918
1749266078,0.10020000,124.00000000,0.0918
1749266078,0.10030000,305.00000000,0.0918
1749266078,0.10050000,996.00000000,0.0918
1749266078,0.10060000,540.00000000,0.0918
1749266078,0.10070000,140.00000000,0.0918
1749266078,0.10080000,130.00000000,0.0918
1749266078,0.10100000,510.00000000,0.0918
1749266078,0.10110000,99.00000000,0.0918
1749266078,0.10120000,531.00000000,0.0918
1749266078,0.10130000,252.00000000,0.0918
1749266078,0.10150000,610.00000000,0.0918
1749266078,0.10160000,1252.00000000,0.0918
1749266078,0.10170000,62.00000000,0.0918
1749266078,0.10180000,124.00000000,0.0918
1749266078,0.10200000,18120.00000000,0.0918
1749266078,0.10210000,99.00000000,0.0918
1749266078,0.10220000,1051.00000000,0.0918
1749266380,0.09170000,140238.00000000,0.0916
1749266380,0.09180000,150578.00000000,0.0916
1749266380,0.09190000,263026.00000000,0.0916
1749266380,0.09200000,440412.00000000,0.0916
1749266380,0.09210000,122466.00000000,0.0916
1749266380,0.09220000,82871.00000000,0.0916
1749266380,0.09230000,143313.00000000,0.0916
1749266380,0.09240000,37272.00000000,0.0916
1749266380,0.09250000,72320.00000000,0.0916
1749266380,0.09260000,41886.00000000,0.0916
1749266380,0.09270000,37268.00000000,0.0916
1749266380,0.09280000,46228.00000000,0.0916
1749266380,0.09290000,16115.00000000,0.0916
1749266380,0.09300000,6122.00000000,0.0916
1749266380,0.09310000,9292.00000000,0.0916
1749266380,0.09320000,9463.00000000,0.0916
1749266380,0.09330000,9299.00000000,0.0916
1749266380,0.09340000,31168.00000000,0.0916
1749266380,0.09350000,9195.00000000,0.0916
1749266380,0.09360000,9285.00000000,0.0916
1749266380,0.09370000,70298.00000000,0.0916
1749266380,0.09380000,9194.00000000,0.0916
1749266380,0.09390000,420.00000000,0.0916
1749266380,0.09400000,9385.00000000,0.0916
1749266380,0.09410000,9500.00000000,0.0916
1749266380,0.09420000,401.00000000,0.0916
1749266380,0.09430000,10670.00000000,0.0916
1749266380,0.09440000,20609.00000000,0.0916
1749266380,0.09450000,11948.00000000,0.0916
1749266380,0.09460000,112.00000000,0.0916
1749266380,0.09470000,10224.00000000,0.0916
1749266380,0.09480000,175.00000000,0.0916
1749266380,0.09490000,682.00000000,0.0916
1749266380,0.09500000,9883.00000000,0.0916
1749266380,0.09510000,307.00000000,0.0916
1749266380,0.09520000,112.00000000,0.0916
1749266380,0.09530000,11369.00000000,0.0916
1749266380,0.09540000,2314.00000000,0.0916
1749266380,0.09550000,3300.00000000,0.0916
1749266380,0.09560000,112.00000000,0.0916
1749266380,0.09570000,655.00000000,0.0916
1749266380,0.09580000,479.00000000,0.0916
1749266380,0.09590000,448.00000000,0.0916
1749266380,0.09600000,15381.00000000,0.0916
1749266380,0.09610000,3606.00000000,0.0916
1749266380,0.09620000,319.00000000,0.0916
1749266380,0.09630000,2859.00000000,0.0916
1749266380,0.09640000,112.00000000,0.0916
1749266380,0.09650000,1510.00000000,0.0916
1749266380,0.09660000,1210.00000000,0.0916
1749266380,0.09670000,506.00000000,0.0916
1749266380,0.09680000,324.00000000,0.0916
1749266380,0.09690000,4344.00000000,0.0916
1749266380,0.09700000,899.00000000,0.0916
1749266380,0.09710000,240.00000000,0.0916
1749266380,0.09720000,174.00000000,0.0916
1749266380,0.09730000,383.00000000,0.0916
1749266380,0.09740000,665.00000000,0.0916
1749266380,0.09750000,194.00000000,0.0916
1749266380,0.09760000,758.00000000,0.0916
1749266380,0.09770000,372.00000000,0.0916
1749266380,0.09780000,112.00000000,0.0916
1749266380,0.09790000,482.00000000,0.0916
1749266380,0.09800000,814.00000000,0.0916
1749266380,0.09810000,308.00000000,0.0916
1749266380,0.09820000,172.00000000,0.0916
1749266380,0.09830000,866.00000000,0.0916
1749266380,0.09840000,111.00000000,0.0916
1749266380,0.09850000,9238.00000000,0.0916
1749266380,0.09860000,1188.00000000,0.0916
1749266380,0.09870000,110.00000000,0.0916
1749266380,0.09880000,491.00000000,0.0916
1749266380,0.09890000,561.00000000,0.0916
1749266380,0.09900000,2158.00000000,0.0916
1749266380,0.09910000,110.00000000,0.0916
1749266380,0.09920000,7969.00000000,0.0916
1749266380,0.09930000,194.00000000,0.0916
1749266380,0.09940000,11735.00000000,0.0916
1749266380,0.09950000,1352.00000000,0.0916
1749266380,0.09960000,4016.00000000,0.0916
1749266380,0.09970000,359.00000000,0.0916
1749266380,0.09980000,26609.00000000,0.0916
1749266380,0.09990000,650.00000000,0.0916
1749266380,0.10000000,2732.00000000,0.0916
1749266380,0.10010000,480.00000000,0.0916
1749266380,0.10020000,124.00000000,0.0916
1749266380,0.10030000,305.00000000,0.0916
1749266380,0.10050000,996.00000000,0.0916
1749266380,0.10060000,540.00000000,0.0916
1749266380,0.10070000,140.00000000,0.0916
1749266380,0.10080000,130.00000000,0.0916
1749266380,0.10100000,510.00000000,0.0916
1749266380,0.10110000,99.00000000,0.0916
1749266380,0.10120000,531.00000000,0.0916
1749266380,0.10130000,252.00000000,0.0916
1749266380,0.10150000,610.00000000,0.0916
1749266380,0.10160000,1252.00000000,0.0916
1749266380,0.10170000,62.00000000,0.0916
1749266380,0.10180000,124.00000000,0.0916
1749266380,0.10200000,18120.00000000,0.0916
1749266682,0.09190000,62550.00000000,0.0918
1749266682,0.09200000,242053.00000000,0.0918
1749266682,0.09210000,371096.00000000,0.0918
1749266682,0.09220000,309109.00000000,0.0918
1749266682,0.09230000,61624.00000000,0.0918
1749266682,0.09240000,163712.00000000,0.0918
1749266682,0.09250000,86980.00000000,0.0918
1749266682,0.09260000,41886.00000000,0.0918
1749266682,0.09270000,14880.00000000,0.0918
1749266682,0.09280000,46569.00000000,0.0918
1749266682,0.09290000,16115.00000000,0.0918
1749266682,0.09300000,6122.00000000,0.0918
1749266682,0.09310000,9292.00000000,0.0918
1749266682,0.09320000,9463.00000000,0.0918
1749266682,0.09330000,9299.00000000,0.0918
1749266682,0.09340000,31168.00000000,0.0918
1749266682,0.09350000,9195.00000000,0.0918
1749266682,0.09360000,9285.00000000,0.0918
1749266682,0.09370000,70298.00000000,0.0918
1749266682,0.09380000,9194.00000000,0.0918
1749266682,0.09390000,420.00000000,0.0918
1749266682,0.09400000,9385.00000000,0.0918
1749266682,0.09410000,9500.00000000,0.0918
1749266682,0.09420000,401.00000000,0.0918
1749266682,0.09430000,10755.00000000,0.0918
1749266682,0.09440000,20609.00000000,0.0918
1749266682,0.09450000,11948.00000000,0.0918
1749266682,0.09460000,112.00000000,0.0918
1749266682,0.09470000,10224.00000000,0.0918
1749266682,0.09480000,175.00000000,0.0918
1749266682,0.09490000,682.00000000,0.0918
1749266682,0.09500000,9883.00000000,0.0918
1749266682,0.09510000,307.00000000,0.0918
1749266682,0.09520000,112.00000000,0.0918
1749266682,0.09530000,11369.00000000,0.0918
1749266682,0.09540000,2314.00000000,0.0918
1749266682,0.09550000,3300.00000000,0.0918
1749266682,0.09560000,112.00000000,0.0918
1749266682,0.09570000,655.00000000,0.0918
1749266682,0.09580000,479.00000000,0.0918
1749266682,0.09590000,448.00000000,0.0918
1749266682,0.09600000,18058.00000000,0.0918
1749266682,0.09610000,3606.00000000,0.0918
1749266682,0.09620000,423.00000000,0.0918
1749266682,0.09630000,182.00000000,0.0918
1749266682,0.09640000,112.00000000,0.0918
1749266682,0.09650000,1510.00000000,0.0918
1749266682,0.09660000,1210.00000000,0.0918
1749266682,0.09670000,506.00000000,0.0918
1749266682,0.09680000,324.00000000,0.0918
1749266682,0.09690000,4344.00000000,0.0918
1749266682,0.09700000,899.00000000,0.0918
1749266682,0.09710000,240.00000000,0.0918
1749266682,0.09720000,174.00000000,0.0918
1749266682,0.09730000,383.00000000,0.0918
1749266682,0.09740000,665.00000000,0.0918
1749266682,0.09750000,194.00000000,0.0918
1749266682,0.09760000,758.00000000,0.0918
1749266682,0.09770000,372.00000000,0.0918
1749266682,0.09780000,112.00000000,0.0918
1749266682,0.09790000,482.00000000,0.0918
1749266682,0.09800000,814.00000000,0.0918
1749266682,0.09810000,308.00000000,0.0918
1749266682,0.09820000,172.00000000,0.0918
1749266682,0.09830000,866.00000000,0.0918
1749266682,0.09840000,111.00000000,0.0918
1749266682,0.09850000,9238.00000000,0.0918
1749266682,0.09860000,1188.00000000,0.0918
1749266682,0.09870000,110.00000000,0.0918
1749266682,0.09880000,491.00000000,0.0918
1749266682,0.09890000,561.00000000,0.0918
1749266682,0.09900000,2158.00000000,0.0918
1749266682,0.09910000,110.00000000,0.0918
1749266682,0.09920000,7969.00000000,0.0918
1749266682,0.09930000,304.00000000,0.0918
1749266682,0.09940000,11845.00000000,0.0918
1749266682,0.09950000,1352.00000000,0.0918
1749266682,0.09960000,4016.00000000,0.0918
1749266682,0.09970000,359.00000000,0.0918
1749266682,0.09980000,26609.00000000,0.0918
1749266682,0.09990000,650.00000000,0.0918
1749266682,0.10000000,2732.00000000,0.0918
1749266682,0.10010000,480.00000000,0.0918
1749266682,0.10020000,124.00000000,0.0918
1749266682,0.10030000,305.00000000,0.0918
1749266682,0.10050000,996.00000000,0.0918
1749266682,0.10060000,540.00000000,0.0918
1749266682,0.10070000,140.00000000,0.0918
1749266682,0.10080000,130.00000000,0.0918
1749266682,0.10100000,510.00000000,0.0918
1749266682,0.10110000,99.00000000,0.0918
1749266682,0.10120000,531.00000000,0.0918
1749266682,0.10130000,252.00000000,0.0918
1749266682,0.10150000,610.00000000,0.0918
1749266682,0.10160000,1252.00000000,0.0918
1749266682,0.10170000,62.00000000,0.0918
1749266682,0.10180000,124.00000000,0.0918
1749266682,0.10200000,18120.00000000,0.0918
1749266682,0.10210000,99.00000000,0.0918
1749266682,0.10220000,1051.00000000,0.0918
1749266984,0.09170000,105756.00000000,0.0916
1749266984,0.09180000,163164.00000000,0.0916
1749266984,0.09190000,222895.00000000,0.0916
1749266984,0.09200000,342714.00000000,0.0916
1749266984,0.09210000,119827.00000000,0.0916
1749266984,0.09220000,151557.00000000,0.0916
1749266984,0.09230000,60717.00000000,0.0916
1749266984,0.09240000,51726.00000000,0.0916
1749266984,0.09250000,72385.00000000,0.0916
1749266984,0.09260000,41886.00000000,0.0916
1749266984,0.09270000,14880.00000000,0.0916
1749266984,0.09280000,46569.00000000,0.0916
1749266984,0.09290000,16115.00000000,0.0916
1749266984,0.09300000,6122.00000000,0.0916
1749266984,0.09310000,9292.00000000,0.0916
1749266984,0.09320000,9463.00000000,0.0916
1749266984,0.09330000,9299.00000000,0.0916
1749266984,0.09340000,31168.00000000,0.0916
1749266984,0.09350000,9195.00000000,0.0916
1749266984,0.09360000,9285.00000000,0.0916
1749266984,0.09370000,70298.00000000,0.0916
1749266984,0.09380000,9194.00000000,0.0916
1749266984,0.09390000,420.00000000,0.0916
1749266984,0.09400000,9385.00000000,0.0916
1749266984,0.09410000,9500.00000000,0.0916
1749266984,0.09420000,401.00000000,0.0916
1749266984,0.09430000,10755.00000000,0.0916
1749266984,0.09440000,20609.00000000,0.0916
1749266984,0.09450000,11948.00000000,0.0916
1749266984,0.09460000,112.00000000,0.0916
1749266984,0.09470000,10224.00000000,0.0916
1749266984,0.09480000,175.00000000,0.0916
1749266984,0.09490000,682.00000000,0.0916
1749266984,0.09500000,9883.00000000,0.0916
1749266984,0.09510000,307.00000000,0.0916
1749266984,0.09520000,112.00000000,0.0916
1749266984,0.09530000,11369.00000000,0.0916
1749266984,0.09540000,2314.00000000,0.0916
1749266984,0.09550000,3300.00000000,0.0916
1749266984,0.09560000,112.00000000,0.0916
1749266984,0.09570000,655.00000000,0.0916
1749266984,0.09580000,479.00000000,0.0916
1749266984,0.09590000,448.00000000,0.0916
1749266984,0.09600000,18058.00000000,0.0916
1749266984,0.09610000,3606.00000000,0.0916
1749266984,0.09620000,423.00000000,0.0916
1749266984,0.09630000,182.00000000,0.0916
1749266984,0.09640000,112.00000000,0.0916
1749266984,0.09650000,1510.00000000,0.0916
1749266984,0.09660000,1210.00000000,0.0916
1749266984,0.09670000,506.00000000,0.0916
1749266984,0.09680000,324.00000000,0.0916
1749266984,0.09690000,4344.00000000,0.0916
1749266984,0.09700000,899.00000000,0.0916
1749266984,0.09710000,240.00000000,0.0916
1749266984,0.09720000,174.00000000,0.0916
1749266984,0.09730000,383.00000000,0.0916
1749266984,0.09740000,665.00000000,0.0916
1749266984,0.09750000,194.00000000,0.0916
1749266984,0.09760000,758.00000000,0.0916
1749266984,0.09770000,372.00000000,0.0916
1749266984,0.09780000,112.00000000,0.0916
1749266984,0.09790000,482.00000000,0.0916
1749266984,0.09800000,814.00000000,0.0916
1749266984,0.09810000,308.00000000,0.0916
1749266984,0.09820000,172.00000000,0.0916
1749266984,0.09830000,866.00000000,0.0916
1749266984,0.09840000,111.00000000,0.0916
1749266984,0.09850000,9238.00000000,0.0916
1749266984,0.09860000,1188.00000000,0.0916
1749266984,0.09870000,110.00000000,0.0916
1749266984,0.09880000,491.00000000,0.0916
1749266984,0.09890000,561.00000000,0.0916
1749266984,0.09900000,2158.00000000,0.0916
1749266984,0.09910000,110.00000000,0.0916
1749266984,0.09920000,7969.00000000,0.0916
1749266984,0.09930000,194.00000000,0.0916
1749266984,0.09940000,11735.00000000,0.0916
1749266984,0.09950000,1352.00000000,0.0916
1749266984,0.09960000,4016.00000000,0.0916
1749266984,0.09970000,359.00000000,0.0916
1749266984,0.09980000,26609.00000000,0.0916
1749266984,0.09990000,650.00000000,0.0916
1749266984,0.10000000,2732.00000000,0.0916
1749266984,0.10010000,480.00000000,0.0916
1749266984,0.10020000,124.00000000,0.0916
1749266984,0.10030000,305.00000000,0.0916
1749266984,0.10050000,996.00000000,0.0916
1749266984,0.10060000,540.00000000,0.0916
1749266984,0.10070000,140.00000000,0.0916
1749266984,0.10080000,130.00000000,0.0916
1749266984,0.10100000,510.00000000,0.0916
1749266984,0.10110000,99.00000000,0.0916
1749266984,0.10120000,531.00000000,0.0916
1749266984,0.10130000,252.00000000,0.0916
1749266984,0.10150000,610.00000000,0.0916
1749266984,0.10160000,1252.00000000,0.0916
1749266984,0.10170000,62.00000000,0.0916
1749266984,0.10180000,124.00000000,0.0916
1749266984,0.10200000,18120.00000000,0.0916
1749267286,0.09180000,125706.00000000,0.0916
1749267286,0.09190000,459002.00000000,0.0916
1749267286,0.09200000,209193.00000000,0.0916
1749267286,0.09210000,285846.00000000,0.0916
1749267286,0.09220000,80908.00000000,0.0916
1749267286,0.09230000,62342.00000000,0.0916
1749267286,0.09240000,53492.00000000,0.0916
1749267286,0.09250000,72385.00000000,0.0916
1749267286,0.09260000,61846.00000000,0.0916
1749267286,0.09270000,14880.00000000,0.0916
1749267286,0.09280000,26081.00000000,0.0916
1749267286,0.09290000,16115.00000000,0.0916
1749267286,0.09300000,6122.00000000,0.0916
1749267286,0.09310000,9292.00000000,0.0916
1749267286,0.09320000,9463.00000000,0.0916
1749267286,0.09330000,9299.00000000,0.0916
1749267286,0.09340000,31168.00000000,0.0916
1749267286,0.09350000,9195.00000000,0.0916
1749267286,0.09360000,9285.00000000,0.0916
1749267286,0.09370000,70298.00000000,0.0916
1749267286,0.09380000,9194.00000000,0.0916
1749267286,0.09390000,420.00000000,0.0916
1749267286,0.09400000,10943.00000000,0.0916
1749267286,0.09410000,20124.00000000,0.0916
1749267286,0.09420000,2952.00000000,0.0916
1749267286,0.09430000,9197.00000000,0.0916
1749267286,0.09440000,9985.00000000,0.0916
1749267286,0.09450000,9397.00000000,0.0916
1749267286,0.09460000,112.00000000,0.0916
1749267286,0.09470000,10224.00000000,0.0916
1749267286,0.09480000,175.00000000,0.0916
1749267286,0.09490000,682.00000000,0.0916
1749267286,0.09500000,11937.00000000,0.0916
1749267286,0.09510000,307.00000000,0.0916
1749267286,0.09520000,2864.00000000,0.0916
1749267286,0.09530000,315.00000000,0.0916
1749267286,0.09540000,2314.00000000,0.0916
1749267286,0.09550000,548.00000000,0.0916
1749267286,0.09560000,112.00000000,0.0916
1749267286,0.09570000,655.00000000,0.0916
1749267286,0.09580000,479.00000000,0.0916
1749267286,0.09590000,448.00000000,0.0916
1749267286,0.09600000,18058.00000000,0.0916
1749267286,0.09610000,3606.00000000,0.0916
1749267286,0.09620000,423.00000000,0.0916
1749267286,0.09630000,182.00000000,0.0916
1749267286,0.09640000,112.00000000,0.0916
1749267286,0.09650000,1510.00000000,0.0916
1749267286,0.09660000,1210.00000000,0.0916
1749267286,0.09670000,506.00000000,0.0916
1749267286,0.09680000,324.00000000,0.0916
1749267286,0.09690000,4344.00000000,0.0916
1749267286,0.09700000,899.00000000,0.0916
1749267286,0.09710000,240.00000000,0.0916
1749267286,0.09720000,174.00000000,0.0916
1749267286,0.09730000,383.00000000,0.0916
1749267286,0.09740000,665.00000000,0.0916
1749267286,0.09750000,194.00000000,0.0916
1749267286,0.09760000,758.00000000,0.0916
1749267286,0.09770000,372.00000000,0.0916
1749267286,0.09780000,112.00000000,0.0916
1749267286,0.09790000,482.00000000,0.0916
1749267286,0.09800000,814.00000000,0.0916
1749267286,0.09810000,308.00000000,0.0916
1749267286,0.09820000,172.00000000,0.0916
1749267286,0.09830000,866.00000000,0.0916
1749267286,0.09840000,111.00000000,0.0916
1749267286,0.09850000,9238.00000000,0.0916
1749267286,0.09860000,1188.00000000,0.0916
1749267286,0.09870000,110.00000000,0.0916
1749267286,0.09880000,491.00000000,0.0916
1749267286,0.09890000,561.00000000,0.0916
1749267286,0.09900000,2158.00000000,0.0916
1749267286,0.09910000,110.00000000,0.0916
1749267286,0.09920000,7969.00000000,0.0916
1749267286,0.09930000,304.00000000,0.0916
1749267286,0.09940000,11735.00000000,0.0916
1749267286,0.09950000,1352.00000000,0.0916
1749267286,0.09960000,4016.00000000,0.0916
1749267286,0.09970000,359.00000000,0.0916
1749267286,0.09980000,26609.00000000,0.0916
1749267286,0.09990000,650.00000000,0.0916
1749267286,0.10000000,2732.00000000,0.0916
1749267286,0.10010000,480.00000000,0.0916
1749267286,0.10020000,124.00000000,0.0916
