timestamp,price,volume,current_price
1749258263,4.99600000,288.65000000,4.995
1749258263,4.99700000,368.44000000,4.995
1749258263,4.99800000,730.27000000,4.995
1749258263,4.99900000,762.51000000,4.995
1749258263,5.00000000,976.81000000,4.995
1749258263,5.00100000,1135.79000000,4.995
1749258263,5.00200000,739.00000000,4.995
1749258263,5.00300000,1433.93000000,4.995
1749258263,5.00400000,2439.40000000,4.995
1749258263,5.00500000,2583.83000000,4.995
1749258263,5.00600000,1649.05000000,4.995
1749258263,5.00700000,1817.94000000,4.995
1749258263,5.00800000,1622.74000000,4.995
1749258263,5.00900000,57.54000000,4.995
1749258263,5.01000000,612.71000000,4.995
1749258263,5.01100000,156.90000000,4.995
1749258263,5.01200000,725.48000000,4.995
1749258263,5.01300000,213.44000000,4.995
1749258263,5.01400000,266.81000000,4.995
1749258263,5.01500000,1075.76000000,4.995
1749258263,5.01600000,213.55000000,4.995
1749258263,5.01700000,180.90000000,4.995
1749258263,5.01800000,110.09000000,4.995
1749258263,5.01900000,163.36000000,4.995
1749258263,5.02000000,64.53000000,4.995
1749258263,5.02100000,212.29000000,4.995
1749258263,5.02200000,795.68000000,4.995
1749258263,5.02300000,179.21000000,4.995
1749258263,5.02400000,167.80000000,4.995
1749258263,5.02500000,393.90000000,4.995
1749258263,5.02600000,57.12000000,4.995
1749258263,5.02700000,170.29000000,4.995
1749258263,5.02800000,1715.53000000,4.995
1749258263,5.02900000,954.61000000,4.995
1749258263,5.03000000,5.53000000,4.995
1749258263,5.03100000,115.31000000,4.995
1749258263,5.03200000,38.13000000,4.995
1749258263,5.03300000,58.49000000,4.995
1749258263,5.03400000,274.61000000,4.995
1749258263,5.03500000,6.64000000,4.995
1749258263,5.03600000,90.48000000,4.995
1749258263,5.03700000,4.02000000,4.995
1749258263,5.03800000,220.04000000,4.995
1749258263,5.03900000,4.02000000,4.995
1749258263,5.04000000,1052.78000000,4.995
1749258263,5.04100000,103.39000000,4.995
1749258263,5.04200000,5.52000000,4.995
1749258263,5.04300000,73.96000000,4.995
1749258263,5.04400000,5.52000000,4.995
1749258263,5.04500000,4.12000000,4.995
1749258263,5.04600000,2797.50000000,4.995
1749258263,5.04700000,4.02000000,4.995
1749258263,5.04800000,3.02000000,4.995
1749258263,5.04900000,5.63000000,4.995
1749258263,5.05000000,154.02000000,4.995
1749258263,5.05100000,865.13000000,4.995
1749258263,5.05200000,314.42000000,4.995
1749258263,5.05300000,4.01000000,4.995
1749258263,5.05400000,6.63000000,4.995
1749258263,5.05500000,4.01000000,4.995
1749258263,5.05600000,35.75000000,4.995
1749258263,5.05700000,90.73000000,4.995
1749258263,5.05800000,3.01000000,4.995
1749258263,5.05900000,124.13000000,4.995
1749258263,5.06000000,3.01000000,4.995
1749258263,5.06100000,1003.01000000,4.995
1749258263,5.06200000,20.22000000,4.995
1749258263,5.06300000,3.01000000,4.995
1749258263,5.06400000,3.01000000,4.995
1749258263,5.06500000,2.01000000,4.995
1749258263,5.06600000,151.85000000,4.995
1749258263,5.06700000,2.01000000,4.995
1749258263,5.06800000,2.01000000,4.995
1749258263,5.06900000,53.85000000,4.995
1749258263,5.07000000,9.93000000,4.995
1749258263,5.07100000,2.01000000,4.995
1749258263,5.07300000,179.41000000,4.995
1749258263,5.07400000,16.11000000,4.995
1749258263,5.07600000,1.60000000,4.995
1749258263,5.07700000,8.26000000,4.995
1749258263,5.07800000,16.48000000,4.995
1749258263,5.07900000,84.87000000,4.995
1749258263,5.08000000,155.11000000,4.995
1749258263,5.08100000,3.60000000,4.995
1749258263,5.08600000,4.95000000,4.995
1749258263,5.08800000,25.90000000,4.995
1749258263,5.08900000,1.06000000,4.995
1749258263,5.09000000,20.08000000,4.995
1749258263,5.09100000,9.94000000,4.995
1749258263,5.09200000,5212.52000000,4.995
1749258263,5.09800000,5.47000000,4.995
1749258263,5.10000000,55.98000000,4.995
1749258263,5.10200000,1.97000000,4.995
1749258263,5.10300000,11.56000000,4.995
1749258263,5.10400000,58.76000000,4.995
1749258263,5.10500000,32.60000000,4.995
1749258263,5.10800000,3.13000000,4.995
1749258263,5.11000000,2.62000000,4.995
1749258263,5.11300000,3.60000000,4.995
1749258263,5.11400000,2.56000000,4.995
1749258577,4.99600000,119.73000000,4.995
1749258577,4.99700000,315.50000000,4.995
1749258577,4.99800000,1097.01000000,4.995
1749258577,4.99900000,737.57000000,4.995
1749258577,5.00000000,264.19000000,4.995
1749258577,5.00100000,849.35000000,4.995
1749258577,5.00200000,1548.30000000,4.995
1749258577,5.00300000,1800.89000000,4.995
1749258577,5.00400000,1651.22000000,4.995
1749258577,5.00500000,295.84000000,4.995
1749258577,5.00600000,616.56000000,4.995
1749258577,5.00700000,1350.13000000,4.995
1749258577,5.00800000,1531.00000000,4.995
1749258577,5.00900000,554.84000000,4.995
1749258577,5.01000000,110.41000000,4.995
1749258577,5.01100000,879.42000000,4.995
1749258577,5.01200000,336.73000000,4.995
1749258577,5.01300000,206.94000000,4.995
1749258577,5.01400000,265.31000000,4.995
1749258577,5.01500000,1455.72000000,4.995
1749258577,5.01600000,208.54000000,4.995
1749258577,5.01700000,180.90000000,4.995
1749258577,5.01800000,141.91000000,4.995
1749258577,5.01900000,1153.93000000,4.995
1749258577,5.02000000,178.79000000,4.995
1749258577,5.02100000,212.29000000,4.995
1749258577,5.02200000,111.11000000,4.995
1749258577,5.02300000,1720.74000000,4.995
1749258577,5.02400000,492.22000000,4.995
1749258577,5.02500000,67.76000000,4.995
1749258577,5.02600000,57.12000000,4.995
1749258577,5.02700000,170.29000000,4.995
1749258577,5.02800000,2049.20000000,4.995
1749258577,5.02900000,4.02000000,4.995
1749258577,5.03000000,5.53000000,4.995
1749258577,5.03100000,302.11000000,4.995
1749258577,5.03200000,38.13000000,4.995
1749258577,5.03300000,58.49000000,4.995
1749258577,5.03400000,274.61000000,4.995
1749258577,5.03500000,6.64000000,4.995
1749258577,5.03600000,90.48000000,4.995
1749258577,5.03700000,4.02000000,4.995
1749258577,5.03800000,104.90000000,4.995
1749258577,5.03900000,54.43000000,4.995
1749258577,5.04000000,124.78000000,4.995
1749258577,5.04100000,103.39000000,4.995
1749258577,5.04200000,5.52000000,4.995
1749258577,5.04300000,271.89000000,4.995
1749258577,5.04400000,5.52000000,4.995
1749258577,5.04500000,4.12000000,4.995
1749258577,5.04600000,2797.50000000,4.995
1749258577,5.04700000,4.02000000,4.995
1749258577,5.04800000,3.02000000,4.995
1749258577,5.04900000,5.63000000,4.995
1749258577,5.05000000,154.02000000,4.995
1749258577,5.05100000,162.71000000,4.995
1749258577,5.05200000,135.86000000,4.995
1749258577,5.05300000,4.01000000,4.995
1749258577,5.05400000,6.63000000,4.995
1749258577,5.05500000,4.01000000,4.995
1749258577,5.05600000,35.75000000,4.995
1749258577,5.05700000,90.73000000,4.995
1749258577,5.05800000,3.01000000,4.995
1749258577,5.05900000,124.13000000,4.995
1749258577,5.06000000,3.01000000,4.995
1749258577,5.06100000,1003.01000000,4.995
1749258577,5.06200000,20.22000000,4.995
1749258577,5.06300000,3.01000000,4.995
1749258577,5.06400000,3.01000000,4.995
1749258577,5.06500000,2.01000000,4.995
1749258577,5.06600000,151.85000000,4.995
1749258577,5.06700000,53.86000000,4.995
1749258577,5.06800000,2.01000000,4.995
1749258577,5.06900000,2.01000000,4.995
1749258577,5.07000000,9.93000000,4.995
1749258577,5.07100000,2.01000000,4.995
1749258577,5.07300000,179.41000000,4.995
1749258577,5.07400000,16.11000000,4.995
1749258577,5.07600000,1.60000000,4.995
1749258577,5.07700000,8.26000000,4.995
1749258577,5.07800000,16.48000000,4.995
1749258577,5.07900000,84.87000000,4.995
1749258577,5.08000000,155.11000000,4.995
1749258577,5.08100000,3.60000000,4.995
1749258577,5.08600000,4.95000000,4.995
1749258577,5.08800000,25.90000000,4.995
1749258577,5.08900000,1.06000000,4.995
1749258577,5.09000000,20.08000000,4.995
1749258577,5.09100000,9.94000000,4.995
1749258577,5.09200000,5212.52000000,4.995
1749258577,5.09800000,5.47000000,4.995
1749258577,5.10000000,55.98000000,4.995
1749258577,5.10200000,1.97000000,4.995
1749258577,5.10300000,11.56000000,4.995
1749258577,5.10400000,58.76000000,4.995
1749258577,5.10500000,32.60000000,4.995
1749258577,5.10800000,3.13000000,4.995
1749258577,5.11000000,88.33000000,4.995
1749258577,5.11300000,3.60000000,4.995
1749258577,5.11400000,2.56000000,4.995
1749258892,4.99800000,213.68000000,4.997
1749258892,4.99900000,286.50000000,4.997
1749258892,5.00000000,809.56000000,4.997
1749258892,5.00100000,1699.53000000,4.997
1749258892,5.00200000,1652.61000000,4.997
1749258892,5.00300000,703.72000000,4.997
1749258892,5.00400000,874.73000000,4.997
1749258892,5.00500000,1635.40000000,4.997
1749258892,5.00600000,2003.39000000,4.997
1749258892,5.00700000,1245.82000000,4.997
1749258892,5.00800000,2186.62000000,4.997
1749258892,5.00900000,262.80000000,4.997
1749258892,5.01000000,244.60000000,4.997
1749258892,5.01100000,156.90000000,4.997
1749258892,5.01200000,635.82000000,4.997
1749258892,5.01300000,900.60000000,4.997
1749258892,5.01400000,606.49000000,4.997
1749258892,5.01500000,554.73000000,4.997
1749258892,5.01600000,1275.31000000,4.997
1749258892,5.01700000,180.90000000,4.997
1749258892,5.01800000,141.91000000,4.997
1749258892,5.01900000,1153.93000000,4.997
1749258892,5.02000000,178.79000000,4.997
1749258892,5.02100000,212.29000000,4.997
1749258892,5.02200000,111.11000000,4.997
1749258892,5.02300000,563.12000000,4.997
1749258892,5.02400000,551.22000000,4.997
1749258892,5.02500000,67.76000000,4.997
1749258892,5.02600000,57.12000000,4.997
1749258892,5.02700000,170.29000000,4.997
1749258892,5.02800000,175.24000000,4.997
1749258892,5.02900000,912.21000000,4.997
1749258892,5.03000000,5.53000000,4.997
1749258892,5.03100000,302.11000000,4.997
1749258892,5.03200000,2531.27000000,4.997
1749258892,5.03300000,58.49000000,4.997
1749258892,5.03400000,274.61000000,4.997
1749258892,5.03500000,6.64000000,4.997
1749258892,5.03600000,90.48000000,4.997
1749258892,5.03700000,4.02000000,4.997
1749258892,5.03800000,104.90000000,4.997
1749258892,5.03900000,4.02000000,4.997
1749258892,5.04000000,129.78000000,4.997
1749258892,5.04100000,103.39000000,4.997
1749258892,5.04200000,5.52000000,4.997
1749258892,5.04300000,73.96000000,4.997
1749258892,5.04400000,229.41000000,4.997
1749258892,5.04500000,4.12000000,4.997
1749258892,5.04600000,2797.50000000,4.997
1749258892,5.04700000,4.02000000,4.997
1749258892,5.04800000,8.02000000,4.997
1749258892,5.04900000,5.63000000,4.997
1749258892,5.05000000,154.02000000,4.997
1749258892,5.05100000,866.54000000,4.997
1749258892,5.05200000,135.86000000,4.997
1749258892,5.05300000,4.01000000,4.997
1749258892,5.05400000,6.63000000,4.997
1749258892,5.05500000,4.01000000,4.997
1749258892,5.05600000,40.75000000,4.997
1749258892,5.05700000,90.73000000,4.997
1749258892,5.05800000,3.01000000,4.997
1749258892,5.05900000,124.13000000,4.997
1749258892,5.06000000,3.01000000,4.997
1749258892,5.06100000,3.01000000,4.997
1749258892,5.06200000,20.22000000,4.997
1749258892,5.06300000,3.01000000,4.997
1749258892,5.06400000,8.01000000,4.997
1749258892,5.06500000,2.01000000,4.997
1749258892,5.06600000,151.85000000,4.997
1749258892,5.06700000,1002.01000000,4.997
1749258892,5.06800000,2.01000000,4.997
1749258892,5.06900000,2.01000000,4.997
1749258892,5.07000000,9.93000000,4.997
1749258892,5.07100000,2.01000000,4.997
1749258892,5.07200000,58.82000000,4.997
1749258892,5.07300000,181.42000000,4.997
1749258892,5.07400000,16.11000000,4.997
1749258892,5.07600000,1.60000000,4.997
1749258892,5.07700000,8.26000000,4.997
1749258892,5.07800000,16.48000000,4.997
1749258892,5.07900000,84.87000000,4.997
1749258892,5.08000000,160.11000000,4.997
1749258892,5.08100000,3.60000000,4.997
1749258892,5.08600000,4.95000000,4.997
1749258892,5.08800000,25.90000000,4.997
1749258892,5.08900000,1.06000000,4.997
1749258892,5.09000000,20.08000000,4.997
1749258892,5.09100000,9.94000000,4.997
1749258892,5.09200000,5212.52000000,4.997
1749258892,5.09800000,5.47000000,4.997
1749258892,5.10000000,55.98000000,4.997
1749258892,5.10200000,1.97000000,4.997
1749258892,5.10300000,11.56000000,4.997
1749258892,5.10400000,58.76000000,4.997
1749258892,5.10500000,32.60000000,4.997
1749258892,5.10800000,3.13000000,4.997
1749258892,5.11000000,88.33000000,4.997
1749258892,5.11300000,3.60000000,4.997
1749258892,5.11400000,2.56000000,4.997
1749258892,5.11500000,15.35000000,4.997
1749259193,4.99000000,155.63000000,4.989
1749259193,4.99100000,393.14000000,4.989
1749259193,4.99200000,794.72000000,4.989
1749259193,4.99300000,584.98000000,4.989
1749259193,4.99400000,590.54000000,4.989
1749259193,4.99500000,1599.69000000,4.989
1749259193,4.99600000,2561.65000000,4.989
1749259193,4.99700000,1776.05000000,4.989
1749259193,4.99800000,2304.85000000,4.989
1749259193,4.99900000,1443.21000000,4.989
1749259193,5.00000000,935.95000000,4.989
1749259193,5.00100000,960.18000000,4.989
1749259193,5.00200000,739.81000000,4.989
1749259193,5.00300000,506.92000000,4.989
1749259193,5.00400000,228.67000000,4.989
1749259193,5.00500000,90.54000000,4.989
1749259193,5.00600000,57.50000000,4.989
1749259193,5.00700000,1787.42000000,4.989
1749259193,5.00800000,613.74000000,4.989
1749259193,5.00900000,56.03000000,4.989
1749259193,5.01000000,108.90000000,4.989
1749259193,5.01100000,485.67000000,4.989
1749259193,5.01200000,1881.72000000,4.989
1749259193,5.01300000,263.27000000,4.989
1749259193,5.01400000,1105.74000000,4.989
1749259193,5.01500000,2.03000000,4.989
1749259193,5.01600000,993.47000000,4.989
1749259193,5.01700000,180.90000000,4.989
1749259193,5.01800000,170.90000000,4.989
1749259193,5.01900000,492.98000000,4.989
1749259193,5.02000000,124.79000000,4.989
1749259193,5.02100000,158.29000000,4.989
1749259193,5.02200000,57.11000000,4.989
1749259193,5.02300000,125.21000000,4.989
1749259193,5.02400000,1012.62000000,4.989
1749259193,5.02500000,167.13000000,4.989
1749259193,5.02600000,57.12000000,4.989
1749259193,5.02700000,113.96000000,4.989
1749259193,5.02800000,175.24000000,4.989
1749259193,5.02900000,912.21000000,4.989
1749259193,5.03000000,56.05000000,4.989
1749259193,5.03100000,309.36000000,4.989
1749259193,5.03200000,43.13000000,4.989
1749259193,5.03300000,8.02000000,4.989
1749259193,5.03400000,224.15000000,4.989
1749259193,5.03500000,6.64000000,4.989
1749259193,5.03600000,2710.72000000,4.989
1749259193,5.03700000,4.02000000,4.989
1749259193,5.03800000,5.53000000,4.989
1749259193,5.03900000,4.02000000,4.989
1749259193,5.04000000,838.43000000,4.989
1749259193,5.04100000,4.02000000,4.989
1749259193,5.04200000,5.52000000,4.989
1749259193,5.04300000,73.96000000,4.989
1749259193,5.04400000,229.41000000,4.989
1749259193,5.04500000,4.12000000,4.989
1749259193,5.04600000,125.76000000,4.989
1749259193,5.04700000,4.02000000,4.989
1749259193,5.04800000,8.02000000,4.989
1749259193,5.04900000,5.63000000,4.989
1749259193,5.05000000,154.02000000,4.989
1749259193,5.05100000,162.71000000,4.989
1749259193,5.05200000,135.86000000,4.989
1749259193,5.05300000,4.01000000,4.989
1749259193,5.05400000,6.63000000,4.989
1749259193,5.05500000,4.01000000,4.989
1749259193,5.05600000,40.75000000,4.989
1749259193,5.05700000,4.01000000,4.989
1749259193,5.05800000,3.01000000,4.989
1749259193,5.05900000,124.13000000,4.989
1749259193,5.06000000,1003.01000000,4.989
1749259193,5.06100000,3.01000000,4.989
1749259193,5.06200000,20.22000000,4.989
1749259193,5.06300000,3.01000000,4.989
1749259193,5.06400000,59.91000000,4.989
1749259193,5.06500000,2.01000000,4.989
1749259193,5.06600000,149.84000000,4.989
1749259193,5.07000000,7.92000000,4.989
1749259193,5.07200000,5.01000000,4.989
1749259193,5.07300000,179.41000000,4.989
1749259193,5.07400000,16.11000000,4.989
1749259193,5.07600000,1.60000000,4.989
1749259193,5.07700000,8.26000000,4.989
1749259193,5.07800000,16.48000000,4.989
1749259193,5.07900000,84.87000000,4.989
1749259193,5.08000000,155.11000000,4.989
1749259193,5.08100000,3.60000000,4.989
1749259193,5.08200000,5207.81000000,4.989
1749259193,5.08600000,4.95000000,4.989
1749259193,5.08800000,25.90000000,4.989
1749259193,5.08900000,1.06000000,4.989
1749259193,5.09000000,20.08000000,4.989
1749259193,5.09100000,9.94000000,4.989
1749259193,5.09200000,2.62000000,4.989
1749259193,5.09800000,5.47000000,4.989
1749259193,5.10000000,55.98000000,4.989
1749259193,5.10200000,1.97000000,4.989
1749259193,5.10300000,11.56000000,4.989
1749259193,5.10400000,58.76000000,4.989
1749259193,5.10500000,32.60000000,4.989
