timestamp,price,volume,current_price
1749260687,4.96800000,149.11000000,4.967
1749260687,4.96900000,501.90000000,4.967
1749260687,4.97000000,927.60000000,4.967
1749260687,4.97100000,706.53000000,4.967
1749260687,4.97200000,421.82000000,4.967
1749260687,4.97300000,513.98000000,4.967
1749260687,4.97400000,495.97000000,4.967
1749260687,4.97500000,550.91000000,4.967
1749260687,4.97600000,1620.96000000,4.967
1749260687,4.97700000,1518.10000000,4.967
1749260687,4.97800000,1682.13000000,4.967
1749260687,4.97900000,604.98000000,4.967
1749260687,4.98000000,775.80000000,4.967
1749260687,4.98100000,603.95000000,4.967
1749260687,4.98200000,921.96000000,4.967
1749260687,4.98300000,175.26000000,4.967
1749260687,4.98400000,448.67000000,4.967
1749260687,4.98500000,1607.76000000,4.967
1749260687,4.98600000,658.64000000,4.967
1749260687,4.98700000,748.73000000,4.967
1749260687,4.98800000,108.10000000,4.967
1749260687,4.98900000,282.04000000,4.967
1749260687,4.99000000,241.25000000,4.967
1749260687,4.99100000,437.10000000,4.967
1749260687,4.99200000,176.77000000,4.967
1749260687,4.99300000,106.54000000,4.967
1749260687,4.99400000,209.02000000,4.967
1749260687,4.99500000,1729.46000000,4.967
1749260687,4.99600000,242.21000000,4.967
1749260687,4.99700000,106.49000000,4.967
1749260687,4.99800000,230.22000000,4.967
1749260687,4.99900000,220.11000000,4.967
1749260687,5.00000000,108.29000000,4.967
1749260687,5.00100000,1132.45000000,4.967
1749260687,5.00200000,1015.49000000,4.967
1749260687,5.00300000,156.47000000,4.967
1749260687,5.00400000,176.75000000,4.967
1749260687,5.00500000,52.72000000,4.967
1749260687,5.00600000,141.98000000,4.967
1749260687,5.00700000,164.75000000,4.967
1749260687,5.00800000,126.14000000,4.967
1749260687,5.00900000,2.03000000,4.967
1749260687,5.01000000,36.29000000,4.967
1749260687,5.01100000,2.03000000,4.967
1749260687,5.01200000,281.23000000,4.967
1749260687,5.01300000,3.09000000,4.967
1749260687,5.01400000,4.54000000,4.967
1749260687,5.01500000,2.03000000,4.967
1749260687,5.01600000,3407.05000000,4.967
1749260687,5.01700000,126.90000000,4.967
1749260687,5.01800000,5.54000000,4.967
1749260687,5.01900000,4.98000000,4.967
1749260687,5.02000000,5.54000000,4.967
1749260687,5.02100000,8.33000000,4.967
1749260687,5.02200000,6.54000000,4.967
1749260687,5.02300000,5.96000000,4.967
1749260687,5.02400000,5.54000000,4.967
1749260687,5.02500000,3.03000000,4.967
1749260687,5.02600000,158.49000000,4.967
1749260687,5.02700000,14.59000000,4.967
1749260687,5.02800000,5.53000000,4.967
1749260687,5.02900000,4.02000000,4.967
1749260687,5.03000000,5.53000000,4.967
1749260687,5.03100000,4.02000000,4.967
1749260687,5.03200000,38.13000000,4.967
1749260687,5.03300000,8.02000000,4.967
1749260687,5.03400000,1004.02000000,4.967
1749260687,5.03500000,6.64000000,4.967
1749260687,5.03600000,6.79000000,4.967
1749260687,5.03700000,4.02000000,4.967
1749260687,5.03800000,4.02000000,4.967
1749260687,5.03900000,4.02000000,4.967
1749260687,5.04000000,56.17000000,4.967
1749260687,5.04100000,4.02000000,4.967
1749260687,5.04200000,4.02000000,4.967
1749260687,5.04300000,73.96000000,4.967
1749260687,5.04400000,2.00000000,4.967
1749260687,5.04500000,2.10000000,4.967
1749260687,5.04600000,2.99000000,4.967
1749260687,5.04700000,2.00000000,4.967
1749260687,5.04800000,1.00000000,4.967
1749260687,5.04900000,3.61000000,4.967
1749260687,5.05000000,152.00000000,4.967
1749260687,5.05100000,8.78000000,4.967
1749260687,5.05200000,14.59000000,4.967
1749260687,5.05300000,2.00000000,4.967
1749260687,5.05400000,4.62000000,4.967
1749260687,5.05500000,2.00000000,4.967
1749260687,5.05600000,33.74000000,4.967
1749260687,5.05700000,2.00000000,4.967
1749260687,5.05800000,1.00000000,4.967
1749260687,5.05900000,2.87000000,4.967
1749260687,5.06000000,1.00000000,4.967
1749260687,5.06100000,1.00000000,4.967
1749260687,5.06200000,5263.85000000,4.967
1749260687,5.06300000,1.00000000,4.967
1749260687,5.06400000,1.00000000,4.967
1749260687,5.06600000,30.59000000,4.967
1749260687,5.07000000,7.92000000,4.967
1749260687,5.07300000,60.16000000,4.967
1749261005,4.96800000,215.31000000,4.967
1749261005,4.96900000,387.05000000,4.967
1749261005,4.97000000,707.53000000,4.967
1749261005,4.97100000,582.44000000,4.967
1749261005,4.97200000,2000.50000000,4.967
1749261005,4.97300000,2959.34000000,4.967
1749261005,4.97400000,2212.31000000,4.967
1749261005,4.97500000,745.60000000,4.967
1749261005,4.97600000,1163.79000000,4.967
1749261005,4.97700000,2733.25000000,4.967
1749261005,4.97800000,443.25000000,4.967
1749261005,4.97900000,769.78000000,4.967
1749261005,4.98000000,1005.20000000,4.967
1749261005,4.98100000,1257.07000000,4.967
1749261005,4.98200000,914.63000000,4.967
1749261005,4.98300000,176.77000000,4.967
1749261005,4.98400000,215.15000000,4.967
1749261005,4.98500000,1220.10000000,4.967
1749261005,4.98600000,660.15000000,4.967
1749261005,4.98700000,57.52000000,4.967
1749261005,4.98800000,788.26000000,4.967
1749261005,4.98900000,175.26000000,4.967
1749261005,4.99000000,209.43000000,4.967
1749261005,4.99100000,56.01000000,4.967
1749261005,4.99200000,675.47000000,4.967
1749261005,4.99300000,1107.38000000,4.967
1749261005,4.99400000,209.02000000,4.967
1749261005,4.99500000,175.26000000,4.967
1749261005,4.99600000,701.81000000,4.967
1749261005,4.99700000,106.49000000,4.967
1749261005,4.99800000,230.22000000,4.967
1749261005,4.99900000,220.11000000,4.967
1749261005,5.00000000,108.29000000,4.967
1749261005,5.00100000,1728.60000000,4.967
1749261005,5.00200000,1075.61000000,4.967
1749261005,5.00300000,1123.69000000,4.967
1749261005,5.00400000,176.75000000,4.967
1749261005,5.00500000,106.72000000,4.967
1749261005,5.00600000,195.98000000,4.967
1749261005,5.00700000,2.00000000,4.967
1749261005,5.00800000,126.14000000,4.967
1749261005,5.00900000,81.70000000,4.967
1749261005,5.01000000,36.29000000,4.967
1749261005,5.01100000,52.71000000,4.967
1749261005,5.01200000,281.23000000,4.967
1749261005,5.01300000,3.09000000,4.967
1749261005,5.01400000,4.54000000,4.967
1749261005,5.01500000,2.03000000,4.967
1749261005,5.01600000,4.54000000,4.967
1749261005,5.01700000,2805.62000000,4.967
1749261005,5.01800000,123.30000000,4.967
1749261005,5.01900000,4.98000000,4.967
1749261005,5.02000000,5.54000000,4.967
1749261005,5.02100000,8.33000000,4.967
1749261005,5.02200000,6.54000000,4.967
1749261005,5.02300000,5.96000000,4.967
1749261005,5.02400000,5.54000000,4.967
1749261005,5.02500000,3.03000000,4.967
1749261005,5.02600000,158.49000000,4.967
1749261005,5.02700000,717.46000000,4.967
1749261005,5.02800000,5.53000000,4.967
1749261005,5.02900000,4.02000000,4.967
1749261005,5.03000000,5.53000000,4.967
1749261005,5.03100000,4.02000000,4.967
1749261005,5.03200000,38.13000000,4.967
1749261005,5.03300000,8.02000000,4.967
1749261005,5.03400000,1004.02000000,4.967
1749261005,5.03500000,6.64000000,4.967
1749261005,5.03600000,6.79000000,4.967
1749261005,5.03700000,4.02000000,4.967
1749261005,5.03800000,4.02000000,4.967
1749261005,5.03900000,4.02000000,4.967
1749261005,5.04000000,56.16000000,4.967
1749261005,5.04100000,4.02000000,4.967
1749261005,5.04200000,4.02000000,4.967
1749261005,5.04300000,73.96000000,4.967
1749261005,5.04400000,2.00000000,4.967
1749261005,5.04500000,2.10000000,4.967
1749261005,5.04600000,2.99000000,4.967
1749261005,5.04700000,2.00000000,4.967
1749261005,5.04800000,1.00000000,4.967
1749261005,5.04900000,3.61000000,4.967
1749261005,5.05000000,152.00000000,4.967
1749261005,5.05100000,8.78000000,4.967
1749261005,5.05200000,14.59000000,4.967
1749261005,5.05300000,2.00000000,4.967
1749261005,5.05400000,4.62000000,4.967
1749261005,5.05500000,2.00000000,4.967
1749261005,5.05600000,33.74000000,4.967
1749261005,5.05700000,2.00000000,4.967
1749261005,5.05800000,1.00000000,4.967
1749261005,5.05900000,2.87000000,4.967
1749261005,5.06000000,1.00000000,4.967
1749261005,5.06100000,1.00000000,4.967
1749261005,5.06200000,5263.85000000,4.967
1749261005,5.06300000,1.00000000,4.967
1749261005,5.06400000,1.00000000,4.967
1749261005,5.06600000,30.59000000,4.967
1749261005,5.07000000,7.92000000,4.967
1749261005,5.07300000,60.16000000,4.967
1749261307,4.96400000,105.66000000,4.963
1749261307,4.96500000,193.04000000,4.963
1749261307,4.96600000,648.40000000,4.963
1749261307,4.96700000,859.11000000,4.963
1749261307,4.96800000,1434.50000000,4.963
1749261307,4.96900000,323.96000000,4.963
1749261307,4.97000000,781.87000000,4.963
1749261307,4.97100000,1619.97000000,4.963
1749261307,4.97200000,1298.85000000,4.963
1749261307,4.97300000,913.55000000,4.963
1749261307,4.97400000,965.77000000,4.963
1749261307,4.97500000,974.40000000,4.963
1749261307,4.97600000,870.31000000,4.963
1749261307,4.97700000,1258.81000000,4.963
1749261307,4.97800000,59.03000000,4.963
1749261307,4.97900000,110.81000000,4.963
1749261307,4.98000000,378.54000000,4.963
1749261307,4.98100000,57.52000000,4.963
1749261307,4.98200000,1271.39000000,4.963
1749261307,4.98300000,176.77000000,4.963
1749261307,4.98400000,213.64000000,4.963
1749261307,4.98500000,827.43000000,4.963
1749261307,4.98600000,658.64000000,4.963
1749261307,4.98700000,1164.80000000,4.963
1749261307,4.98800000,788.26000000,4.963
1749261307,4.98900000,207.08000000,4.963
1749261307,4.99000000,209.43000000,4.963
1749261307,4.99100000,440.85000000,4.963
1749261307,4.99200000,176.77000000,4.963
1749261307,4.99300000,106.54000000,4.963
1749261307,4.99400000,209.02000000,4.963
1749261307,4.99500000,175.26000000,4.963
1749261307,4.99600000,2724.69000000,4.963
1749261307,4.99700000,106.49000000,4.963
1749261307,4.99800000,230.22000000,4.963
1749261307,4.99900000,220.11000000,4.963
1749261307,5.00000000,108.29000000,4.963
1749261307,5.00100000,176.26000000,4.963
1749261307,5.00200000,119.79000000,4.963
1749261307,5.00300000,1037.87000000,4.963
1749261307,5.00400000,122.75000000,4.963
1749261307,5.00500000,52.72000000,4.963
1749261307,5.00600000,141.98000000,4.963
1749261307,5.00700000,2.00000000,4.963
1749261307,5.00800000,126.14000000,4.963
1749261307,5.00900000,31.02000000,4.963
1749261307,5.01000000,36.29000000,4.963
1749261307,5.01100000,2.03000000,4.963
1749261307,5.01200000,281.23000000,4.963
1749261307,5.01300000,3.09000000,4.963
1749261307,5.01400000,4.54000000,4.963
1749261307,5.01500000,2.03000000,4.963
1749261307,5.01600000,702.51000000,4.963
1749261307,5.01700000,2805.62000000,4.963
1749261307,5.01800000,123.30000000,4.963
1749261307,5.01900000,4.98000000,4.963
1749261307,5.02000000,5.54000000,4.963
1749261307,5.02100000,8.33000000,4.963
1749261307,5.02200000,6.54000000,4.963
1749261307,5.02300000,5.96000000,4.963
1749261307,5.02400000,5.54000000,4.963
1749261307,5.02500000,3.03000000,4.963
1749261307,5.02600000,158.49000000,4.963
1749261307,5.02700000,14.59000000,4.963
1749261307,5.02800000,5.53000000,4.963
1749261307,5.02900000,4.02000000,4.963
1749261307,5.03000000,5.53000000,4.963
1749261307,5.03100000,4.02000000,4.963
1749261307,5.03200000,38.13000000,4.963
1749261307,5.03300000,8.02000000,4.963
1749261307,5.03400000,1004.02000000,4.963
1749261307,5.03500000,6.64000000,4.963
1749261307,5.03600000,6.79000000,4.963
1749261307,5.03700000,56.19000000,4.963
1749261307,5.03800000,4.02000000,4.963
1749261307,5.03900000,4.02000000,4.963
1749261307,5.04000000,2.00000000,4.963
1749261307,5.04100000,2.00000000,4.963
1749261307,5.04200000,2.00000000,4.963
1749261307,5.04300000,71.94000000,4.963
1749261307,5.04400000,2.00000000,4.963
1749261307,5.04500000,2.10000000,4.963
1749261307,5.04600000,2.99000000,4.963
1749261307,5.04700000,2.00000000,4.963
1749261307,5.04800000,1.00000000,4.963
1749261307,5.04900000,3.61000000,4.963
1749261307,5.05000000,152.00000000,4.963
1749261307,5.05100000,8.78000000,4.963
1749261307,5.05200000,14.59000000,4.963
1749261307,5.05300000,2.00000000,4.963
1749261307,5.05400000,4.62000000,4.963
1749261307,5.05500000,2.00000000,4.963
1749261307,5.05600000,33.74000000,4.963
1749261307,5.05700000,2.00000000,4.963
1749261307,5.05800000,1.00000000,4.963
1749261307,5.05900000,2.87000000,4.963
1749261307,5.06000000,1.00000000,4.963
1749261307,5.06100000,1.00000000,4.963
1749261307,5.06200000,5263.85000000,4.963
1749261307,5.06300000,1.00000000,4.963
1749261608,4.96400000,64.09000000,4.963
1749261608,4.96500000,339.84000000,4.963
1749261608,4.96600000,373.71000000,4.963
1749261608,4.96700000,932.72000000,4.963
1749261608,4.96800000,1571.61000000,4.963
1749261608,4.96900000,1056.44000000,4.963
1749261608,4.97000000,1162.16000000,4.963
1749261608,4.97100000,1296.60000000,4.963
1749261608,4.97200000,1393.79000000,4.963
1749261608,4.97300000,1863.12000000,4.963
1749261608,4.97400000,1437.28000000,4.963
1749261608,4.97500000,957.63000000,4.963
1749261608,4.97600000,643.50000000,4.963
1749261608,4.97700000,2065.95000000,4.963
1749261608,4.97800000,319.83000000,4.963
1749261608,4.97900000,361.23000000,4.963
1749261608,4.98000000,327.89000000,4.963
1749261608,4.98100000,108.24000000,4.963
1749261608,4.98200000,549.71000000,4.963
1749261608,4.98300000,262.03000000,4.963
1749261608,4.98400000,108.24000000,4.963
1749261608,4.98500000,554.71000000,4.963
1749261608,4.98600000,658.78000000,4.963
1749261608,4.98700000,1058.02000000,4.963
1749261608,4.98800000,737.68000000,4.963
1749261608,4.98900000,257.80000000,4.963
1749261608,4.99000000,209.62000000,4.963
1749261608,4.99100000,440.85000000,4.963
1749261608,4.99200000,176.77000000,4.963
1749261608,4.99300000,213.51000000,4.963
1749261608,4.99400000,209.23000000,4.963
1749261608,4.99500000,1729.90000000,4.963
1749261608,4.99600000,213.22000000,4.963
1749261608,4.99700000,1063.35000000,4.963
1749261608,4.99800000,230.11000000,4.963
1749261608,4.99900000,220.11000000,4.963
1749261608,5.00000000,108.23000000,4.963
1749261608,5.00100000,176.26000000,4.963
1749261608,5.00200000,65.79000000,4.963
1749261608,5.00300000,1037.87000000,4.963
1749261608,5.00400000,122.75000000,4.963
1749261608,5.00500000,2.00000000,4.963
1749261608,5.00600000,91.26000000,4.963
1749261608,5.00700000,52.72000000,4.963
1749261608,5.00800000,126.14000000,4.963
1749261608,5.00900000,31.02000000,4.963
1749261608,5.01000000,36.29000000,4.963
1749261608,5.01100000,2.03000000,4.963
1749261608,5.01200000,281.23000000,4.963
1749261608,5.01300000,3.09000000,4.963
1749261608,5.01400000,4.54000000,4.963
1749261608,5.01500000,2.03000000,4.963
1749261608,5.01600000,702.51000000,4.963
1749261608,5.01700000,2805.62000000,4.963
1749261608,5.01800000,123.30000000,4.963
1749261608,5.01900000,4.98000000,4.963
1749261608,5.02000000,5.54000000,4.963
1749261608,5.02100000,8.33000000,4.963
1749261608,5.02200000,6.54000000,4.963
1749261608,5.02300000,5.96000000,4.963
1749261608,5.02400000,5.54000000,4.963
1749261608,5.02500000,3.03000000,4.963
1749261608,5.02600000,158.49000000,4.963
1749261608,5.02700000,14.59000000,4.963
1749261608,5.02800000,5.53000000,4.963
1749261608,5.02900000,4.02000000,4.963
1749261608,5.03000000,5.53000000,4.963
1749261608,5.03100000,4.02000000,4.963
1749261608,5.03200000,38.13000000,4.963
1749261608,5.03300000,8.02000000,4.963
1749261608,5.03400000,1004.02000000,4.963
1749261608,5.03500000,6.64000000,4.963
1749261608,5.03600000,6.79000000,4.963
1749261608,5.03700000,4.02000000,4.963
1749261608,5.03800000,56.19000000,4.963
1749261608,5.03900000,4.02000000,4.963
1749261608,5.04000000,2.00000000,4.963
1749261608,5.04100000,2.00000000,4.963
1749261608,5.04200000,2.00000000,4.963
1749261608,5.04300000,71.94000000,4.963
1749261608,5.04400000,2.00000000,4.963
1749261608,5.04500000,2.10000000,4.963
1749261608,5.04600000,2.99000000,4.963
1749261608,5.04700000,2.00000000,4.963
1749261608,5.04800000,1.00000000,4.963
1749261608,5.04900000,3.61000000,4.963
1749261608,5.05000000,152.00000000,4.963
1749261608,5.05100000,8.78000000,4.963
1749261608,5.05200000,14.59000000,4.963
1749261608,5.05300000,2.00000000,4.963
1749261608,5.05400000,4.62000000,4.963
1749261608,5.05500000,2.00000000,4.963
1749261608,5.05600000,33.74000000,4.963
1749261608,5.05700000,2.00000000,4.963
1749261608,5.05800000,1.00000000,4.963
1749261608,5.05900000,2.87000000,4.963
1749261608,5.06000000,1.00000000,4.963
1749261608,5.06100000,1.00000000,4.963
1749261608,5.06200000,5263.85000000,4.963
1749261608,5.06300000,1.00000000,4.963
1749261914,4.96100000,154.29000000,4.96
1749261914,4.96200000,217.70000000,4.96
1749261914,4.96300000,718.47000000,4.96
1749261914,4.96400000,1361.28000000,4.96
1749261914,4.96500000,827.65000000,4.96
1749261914,4.96600000,752.03000000,4.96
1749261914,4.96700000,1249.21000000,4.96
1749261914,4.96800000,1592.23000000,4.96
1749261914,4.96900000,1561.13000000,4.96
1749261914,4.97000000,2061.24000000,4.96
1749261914,4.97100000,721.96000000,4.96
1749261914,4.97200000,671.74000000,4.96
1749261914,4.97300000,1288.26000000,4.96
1749261914,4.97400000,479.62000000,4.96
1749261914,4.97500000,108.25000000,4.96
1749261914,4.97600000,209.13000000,4.96
1749261914,4.97700000,1568.65000000,4.96
1749261914,4.97800000,109.75000000,4.96
1749261914,4.97900000,451.58000000,4.96
1749261914,4.98000000,326.38000000,4.96
1749261914,4.98100000,106.73000000,4.96
1749261914,4.98200000,156.89000000,4.96
1749261914,4.98300000,225.98000000,4.96
1749261914,4.98400000,1110.86000000,4.96
1749261914,4.98500000,942.24000000,4.96
1749261914,4.98600000,658.78000000,4.96
1749261914,4.98700000,56.01000000,4.96
1749261914,4.98800000,737.68000000,4.96
1749261914,4.98900000,257.80000000,4.96
1749261914,4.99000000,1766.25000000,4.96
1749261914,4.99100000,162.79000000,4.96
1749261914,4.99200000,176.77000000,4.96
1749261914,4.99300000,106.73000000,4.96
1749261914,4.99400000,209.23000000,4.96
1749261914,4.99500000,1132.16000000,4.96
1749261914,4.99600000,242.21000000,4.96
1749261914,4.99700000,106.73000000,4.96
1749261914,4.99800000,176.11000000,4.96
1749261914,4.99900000,166.11000000,4.96
1749261914,5.00000000,54.23000000,4.96
1749261914,5.00100000,122.26000000,4.96
1749261914,5.00200000,65.79000000,4.96
1749261914,5.00300000,1037.87000000,4.96
1749261914,5.00400000,122.75000000,4.96
1749261914,5.00500000,2.00000000,4.96
1749261914,5.00600000,162.45000000,4.96
1749261914,5.00700000,2688.28000000,4.96
1749261914,5.00800000,126.14000000,4.96
1749261914,5.00900000,2.03000000,4.96
1749261914,5.01000000,36.29000000,4.96
1749261914,5.01100000,2.03000000,4.96
1749261914,5.01200000,281.23000000,4.96
1749261914,5.01300000,3.09000000,4.96
1749261914,5.01400000,4.54000000,4.96
1749261914,5.01500000,2.03000000,4.96
1749261914,5.01600000,702.51000000,4.96
1749261914,5.01700000,126.90000000,4.96
1749261914,5.01800000,65.77000000,4.96
1749261914,5.01900000,4.98000000,4.96
1749261914,5.02000000,5.54000000,4.96
1749261914,5.02100000,8.33000000,4.96
1749261914,5.02200000,6.54000000,4.96
1749261914,5.02300000,5.96000000,4.96
1749261914,5.02400000,5.54000000,4.96
1749261914,5.02500000,3.03000000,4.96
1749261914,5.02600000,158.49000000,4.96
1749261914,5.02700000,14.59000000,4.96
1749261914,5.02800000,1005.53000000,4.96
1749261914,5.02900000,4.02000000,4.96
1749261914,5.03000000,5.53000000,4.96
1749261914,5.03100000,4.02000000,4.96
1749261914,5.03200000,38.13000000,4.96
1749261914,5.03300000,8.02000000,4.96
1749261914,5.03400000,56.23000000,4.96
1749261914,5.03500000,6.64000000,4.96
1749261914,5.03600000,6.79000000,4.96
1749261914,5.03700000,2.00000000,4.96
1749261914,5.03800000,2.00000000,4.96
1749261914,5.03900000,2.00000000,4.96
1749261914,5.04000000,2.00000000,4.96
1749261914,5.04100000,2.00000000,4.96
1749261914,5.04200000,2.00000000,4.96
1749261914,5.04300000,71.94000000,4.96
1749261914,5.04400000,2.00000000,4.96
1749261914,5.04500000,2.10000000,4.96
1749261914,5.04600000,2.99000000,4.96
1749261914,5.04700000,2.00000000,4.96
1749261914,5.04800000,1.00000000,4.96
1749261914,5.04900000,3.61000000,4.96
1749261914,5.05000000,152.00000000,4.96
1749261914,5.05100000,8.78000000,4.96
1749261914,5.05200000,14.59000000,4.96
1749261914,5.05300000,2.00000000,4.96
1749261914,5.05400000,4.62000000,4.96
1749261914,5.05500000,2.00000000,4.96
1749261914,5.05600000,33.74000000,4.96
1749261914,5.05700000,2.00000000,4.96
1749261914,5.05800000,1.00000000,4.96
1749261914,5.05900000,2.87000000,4.96
1749261914,5.06000000,1.00000000,4.96
1749262216,4.96500000,197.24000000,4.964
1749262216,4.96600000,591.27000000,4.964
1749262216,4.96700000,887.21000000,4.964
1749262216,4.96800000,787.84000000,4.964
1749262216,4.96900000,1301.87000000,4.964
1749262216,4.97000000,1492.73000000,4.964
1749262216,4.97100000,1881.82000000,4.964
1749262216,4.97200000,1533.73000000,4.964
1749262216,4.97300000,1671.45000000,4.964
1749262216,4.97400000,847.76000000,4.964
1749262216,4.97500000,527.65000000,4.964
1749262216,4.97600000,621.06000000,4.964
1749262216,4.97700000,2546.62000000,4.964
1749262216,4.97800000,144.30000000,4.964
1749262216,4.97900000,58.63000000,4.964
1749262216,4.98000000,326.38000000,4.964
1749262216,4.98100000,1109.75000000,4.964
1749262216,4.98200000,548.30000000,4.964
1749262216,4.98300000,225.98000000,4.964
1749262216,4.98400000,108.24000000,4.964
1749262216,4.98500000,56.01000000,4.964
1749262216,4.98600000,326.86000000,4.964
1749262216,4.98700000,56.01000000,4.964
1749262216,4.98800000,737.68000000,4.964
1749262216,4.98900000,257.80000000,4.964
1749262216,4.99000000,700.58000000,4.964
1749262216,4.99100000,1611.89000000,4.964
1749262216,4.99200000,176.77000000,4.964
1749262216,4.99300000,106.73000000,4.964
1749262216,4.99400000,209.23000000,4.964
1749262216,4.99500000,175.26000000,4.964
1749262216,4.99600000,242.21000000,4.964
1749262216,4.99700000,1063.65000000,4.964
1749262216,4.99800000,230.11000000,4.964
1749262216,4.99900000,220.11000000,4.964
1749262216,5.00000000,108.23000000,4.964
1749262216,5.00100000,176.26000000,4.964
1749262216,5.00200000,65.79000000,4.964
1749262216,5.00300000,1037.87000000,4.964
1749262216,5.00400000,429.18000000,4.964
1749262216,5.00500000,2.00000000,4.964
1749262216,5.00600000,91.26000000,4.964
1749262216,5.00700000,2688.28000000,4.964
1749262216,5.00800000,126.14000000,4.964
1749262216,5.00900000,2.03000000,4.964
1749262216,5.01000000,36.29000000,4.964
1749262216,5.01100000,2.03000000,4.964
1749262216,5.01200000,281.23000000,4.964
1749262216,5.01300000,3.09000000,4.964
1749262216,5.01400000,4.54000000,4.964
1749262216,5.01500000,2.03000000,4.964
1749262216,5.01600000,702.51000000,4.964
1749262216,5.01700000,126.90000000,4.964
1749262216,5.01800000,65.77000000,4.964
1749262216,5.01900000,4.98000000,4.964
1749262216,5.02000000,5.54000000,4.964
1749262216,5.02100000,8.33000000,4.964
1749262216,5.02200000,6.54000000,4.964
1749262216,5.02300000,5.96000000,4.964
1749262216,5.02400000,5.54000000,4.964
1749262216,5.02500000,3.03000000,4.964
1749262216,5.02600000,158.49000000,4.964
1749262216,5.02700000,14.59000000,4.964
1749262216,5.02800000,1005.53000000,4.964
1749262216,5.02900000,4.02000000,4.964
1749262216,5.03000000,5.53000000,4.964
1749262216,5.03100000,4.02000000,4.964
1749262216,5.03200000,38.13000000,4.964
1749262216,5.03300000,8.02000000,4.964
1749262216,5.03400000,4.02000000,4.964
1749262216,5.03500000,6.64000000,4.964
1749262216,5.03600000,58.99000000,4.964
1749262216,5.03700000,4.02000000,4.964
1749262216,5.03800000,4.02000000,4.964
1749262216,5.03900000,4.02000000,4.964
1749262216,5.04000000,4.02000000,4.964
1749262216,5.04100000,2.00000000,4.964
1749262216,5.04200000,2.00000000,4.964
1749262216,5.04300000,71.94000000,4.964
1749262216,5.04400000,2.00000000,4.964
1749262216,5.04500000,2.10000000,4.964
1749262216,5.04600000,2.99000000,4.964
1749262216,5.04700000,2.00000000,4.964
1749262216,5.04800000,1.00000000,4.964
1749262216,5.04900000,3.61000000,4.964
1749262216,5.05000000,152.00000000,4.964
1749262216,5.05100000,8.78000000,4.964
1749262216,5.05200000,5257.05000000,4.964
1749262216,5.05300000,2.00000000,4.964
1749262216,5.05400000,4.62000000,4.964
1749262216,5.05500000,2.00000000,4.964
1749262216,5.05600000,33.74000000,4.964
1749262216,5.05700000,2.00000000,4.964
1749262216,5.05800000,1.00000000,4.964
1749262216,5.05900000,2.87000000,4.964
1749262216,5.06000000,1.00000000,4.964
1749262216,5.06100000,1.00000000,4.964
1749262216,5.06200000,18.21000000,4.964
1749262216,5.06300000,1.00000000,4.964
1749262216,5.06400000,1.00000000,4.964
1749262517,4.96700000,262.82000000,4.966
1749262517,4.96800000,359.34000000,4.966
1749262517,4.96900000,603.96000000,4.966
1749262517,4.97000000,323.79000000,4.966
1749262517,4.97100000,813.94000000,4.966
1749262517,4.97200000,1334.69000000,4.966
1749262517,4.97300000,943.23000000,4.966
1749262517,4.97400000,829.93000000,4.966
1749262517,4.97500000,1146.12000000,4.966
1749262517,4.97600000,1692.17000000,4.966
1749262517,4.97700000,1376.81000000,4.966
1749262517,4.97800000,892.17000000,4.966
1749262517,4.97900000,1424.52000000,4.966
1749262517,4.98000000,809.77000000,4.966
1749262517,4.98100000,108.24000000,4.966
1749262517,4.98200000,829.46000000,4.966
1749262517,4.98300000,227.49000000,4.966
1749262517,4.98400000,499.14000000,4.966
1749262517,4.98500000,589.26000000,4.966
1749262517,4.98600000,658.78000000,4.966
1749262517,4.98700000,56.01000000,4.966
1749262517,4.98800000,737.68000000,4.966
1749262517,4.98900000,257.80000000,4.966
1749262517,4.99000000,209.62000000,4.966
1749262517,4.99100000,56.01000000,4.966
1749262517,4.99200000,675.47000000,4.966
1749262517,4.99300000,487.42000000,4.966
1749262517,4.99400000,1209.69000000,4.966
1749262517,4.99500000,175.26000000,4.966
1749262517,4.99600000,242.21000000,4.966
1749262517,4.99700000,213.51000000,4.966
1749262517,4.99800000,1783.52000000,4.966
1749262517,4.99900000,1175.86000000,4.966
1749262517,5.00000000,108.23000000,4.966
1749262517,5.00100000,176.26000000,4.966
1749262517,5.00200000,119.79000000,4.966
1749262517,5.00300000,1091.87000000,4.966
1749262517,5.00400000,483.18000000,4.966
1749262517,5.00500000,2.00000000,4.966
1749262517,5.00600000,145.26000000,4.966
1749262517,5.00700000,106.75000000,4.966
1749262517,5.00800000,180.14000000,4.966
1749262517,5.00900000,2.03000000,4.966
1749262517,5.01000000,36.29000000,4.966
1749262517,5.01100000,2.03000000,4.966
1749262517,5.01200000,281.23000000,4.966
1749262517,5.01300000,3.09000000,4.966
1749262517,5.01400000,4.54000000,4.966
1749262517,5.01500000,2.03000000,4.966
1749262517,5.01600000,702.51000000,4.966
1749262517,5.01700000,126.90000000,4.966
1749262517,5.01800000,65.77000000,4.966
1749262517,5.01900000,2691.26000000,4.966
1749262517,5.02000000,5.54000000,4.966
1749262517,5.02100000,8.33000000,4.966
1749262517,5.02200000,6.54000000,4.966
1749262517,5.02300000,5.96000000,4.966
1749262517,5.02400000,5.54000000,4.966
1749262517,5.02500000,3.03000000,4.966
1749262517,5.02600000,158.49000000,4.966
1749262517,5.02700000,14.59000000,4.966
1749262517,5.02800000,5.53000000,4.966
1749262517,5.02900000,4.02000000,4.966
1749262517,5.03000000,5.53000000,4.966
1749262517,5.03100000,4.02000000,4.966
1749262517,5.03200000,38.13000000,4.966
1749262517,5.03300000,8.02000000,4.966
1749262517,5.03400000,1004.02000000,4.966
1749262517,5.03500000,6.64000000,4.966
1749262517,5.03600000,6.79000000,4.966
1749262517,5.03700000,4.02000000,4.966
1749262517,5.03800000,4.02000000,4.966
1749262517,5.03900000,4.02000000,4.966
1749262517,5.04000000,56.16000000,4.966
1749262517,5.04100000,4.02000000,4.966
1749262517,5.04200000,4.02000000,4.966
1749262517,5.04300000,71.94000000,4.966
1749262517,5.04400000,2.00000000,4.966
1749262517,5.04500000,2.10000000,4.966
1749262517,5.04600000,2.99000000,4.966
1749262517,5.04700000,2.00000000,4.966
1749262517,5.04800000,1.00000000,4.966
1749262517,5.04900000,3.61000000,4.966
1749262517,5.05000000,152.00000000,4.966
1749262517,5.05100000,8.78000000,4.966
1749262517,5.05200000,14.59000000,4.966
1749262517,5.05300000,2.00000000,4.966
1749262517,5.05400000,4.62000000,4.966
1749262517,5.05500000,2.00000000,4.966
1749262517,5.05600000,33.74000000,4.966
1749262517,5.05700000,2.00000000,4.966
1749262517,5.05800000,1.00000000,4.966
1749262517,5.05900000,2.87000000,4.966
1749262517,5.06000000,1.00000000,4.966
1749262517,5.06100000,1.00000000,4.966
1749262517,5.06200000,18.21000000,4.966
1749262517,5.06300000,1.00000000,4.966
1749262517,5.06400000,10.94000000,4.966
1749262517,5.06500000,5238.24000000,4.966
1749262517,5.06600000,30.59000000,4.966
1749262820,4.97000000,186.47000000,4.969
1749262820,4.97100000,157.07000000,4.969
1749262820,4.97200000,469.10000000,4.969
1749262820,4.97300000,316.02000000,4.969
1749262820,4.97400000,421.20000000,4.969
1749262820,4.97500000,268.61000000,4.969
1749262820,4.97600000,518.27000000,4.969
1749262820,4.97700000,341.15000000,4.969
1749262820,4.97800000,385.95000000,4.969
1749262820,4.97900000,725.14000000,4.969
1749262820,4.98000000,708.30000000,4.969
1749262820,4.98100000,1023.84000000,4.969
1749262820,4.98200000,468.61000000,4.969
1749262820,4.98300000,1696.98000000,4.969
1749262820,4.98400000,360.02000000,4.969
1749262820,4.98500000,1243.08000000,4.969
1749262820,4.98600000,660.29000000,4.969
1749262820,4.98700000,57.52000000,4.969
1749262820,4.98800000,448.02000000,4.969
1749262820,4.98900000,225.98000000,4.969
1749262820,4.99000000,209.62000000,4.969
1749262820,4.99100000,56.01000000,4.969
1749262820,4.99200000,1376.53000000,4.969
1749262820,4.99300000,106.73000000,4.969
1749262820,4.99400000,1209.69000000,4.969
1749262820,4.99500000,1728.89000000,4.969
1749262820,4.99600000,242.21000000,4.969
1749262820,4.99700000,213.51000000,4.969
1749262820,4.99800000,613.55000000,4.969
1749262820,4.99900000,155.38000000,4.969
1749262820,5.00000000,108.23000000,4.969
1749262820,5.00100000,176.26000000,4.969
1749262820,5.00200000,151.61000000,4.969
1749262820,5.00300000,156.47000000,4.969
1749262820,5.00400000,1131.66000000,4.969
1749262820,5.00500000,998.52000000,4.969
1749262820,5.00600000,145.26000000,4.969
1749262820,5.00700000,106.75000000,4.969
1749262820,5.00800000,180.14000000,4.969
1749262820,5.00900000,106.72000000,4.969
1749262820,5.01000000,36.29000000,4.969
1749262820,5.01100000,52.74000000,4.969
1749262820,5.01200000,345.96000000,4.969
1749262820,5.01300000,3.09000000,4.969
1749262820,5.01400000,4.54000000,4.969
1749262820,5.01500000,2.03000000,4.969
1749262820,5.01600000,55.20000000,4.969
1749262820,5.01700000,433.33000000,4.969
1749262820,5.01800000,5.54000000,4.969
1749262820,5.01900000,2691.26000000,4.969
1749262820,5.02000000,5.54000000,4.969
1749262820,5.02100000,8.33000000,4.969
1749262820,5.02200000,6.54000000,4.969
1749262820,5.02300000,5.96000000,4.969
1749262820,5.02400000,5.54000000,4.969
1749262820,5.02500000,3.03000000,4.969
1749262820,5.02600000,158.49000000,4.969
1749262820,5.02700000,730.23000000,4.969
1749262820,5.02800000,5.53000000,4.969
1749262820,5.02900000,4.02000000,4.969
1749262820,5.03000000,5.53000000,4.969
1749262820,5.03100000,4.02000000,4.969
1749262820,5.03200000,38.13000000,4.969
1749262820,5.03300000,8.02000000,4.969
1749262820,5.03400000,4.02000000,4.969
1749262820,5.03500000,6.64000000,4.969
1749262820,5.03600000,6.79000000,4.969
1749262820,5.03700000,4.02000000,4.969
1749262820,5.03800000,4.02000000,4.969
1749262820,5.03900000,4.02000000,4.969
1749262820,5.04000000,1004.02000000,4.969
1749262820,5.04100000,4.02000000,4.969
1749262820,5.04200000,56.11000000,4.969
1749262820,5.04300000,73.96000000,4.969
1749262820,5.04400000,4.02000000,4.969
1749262820,5.04500000,4.12000000,4.969
1749262820,5.04600000,2.99000000,4.969
1749262820,5.04700000,2.00000000,4.969
1749262820,5.04800000,1.00000000,4.969
1749262820,5.04900000,3.61000000,4.969
1749262820,5.05000000,152.00000000,4.969
1749262820,5.05100000,8.78000000,4.969
1749262820,5.05200000,14.59000000,4.969
1749262820,5.05300000,2.00000000,4.969
1749262820,5.05400000,4.62000000,4.969
1749262820,5.05500000,2.00000000,4.969
1749262820,5.05600000,33.74000000,4.969
1749262820,5.05700000,2.00000000,4.969
1749262820,5.05800000,1.00000000,4.969
1749262820,5.05900000,2.87000000,4.969
1749262820,5.06000000,1.00000000,4.969
1749262820,5.06100000,1.00000000,4.969
1749262820,5.06200000,18.21000000,4.969
1749262820,5.06300000,1.00000000,4.969
1749262820,5.06400000,10.94000000,4.969
1749262820,5.06500000,5238.24000000,4.969
1749262820,5.06600000,30.59000000,4.969
1749262820,5.07000000,7.92000000,4.969
1749262820,5.07300000,60.16000000,4.969
1749262820,5.07400000,16.11000000,4.969
1749263121,4.98200000,360.71000000,4.981
1749263121,4.98300000,182.04000000,4.981
1749263121,4.98400000,558.56000000,4.981
1749263121,4.98500000,550.06000000,4.981
1749263121,4.98600000,797.07000000,4.981
1749263121,4.98700000,512.78000000,4.981
1749263121,4.98800000,1029.04000000,4.981
1749263121,4.98900000,917.96000000,4.981
1749263121,4.99000000,1369.67000000,4.981
1749263121,4.99100000,1725.14000000,4.981
1749263121,4.99200000,1440.49000000,4.981
1749263121,4.99300000,178.86000000,4.981
1749263121,4.99400000,454.61000000,4.981
1749263121,4.99500000,1376.14000000,4.981
1749263121,4.99600000,156.89000000,4.981
1749263121,4.99700000,496.80000000,4.981
1749263121,4.99800000,230.11000000,4.981
1749263121,4.99900000,856.44000000,4.981
1749263121,5.00000000,1107.53000000,4.981
1749263121,5.00100000,176.26000000,4.981
1749263121,5.00200000,1808.69000000,4.981
1749263121,5.00300000,536.68000000,4.981
1749263121,5.00400000,176.75000000,4.981
1749263121,5.00500000,998.52000000,4.981
1749263121,5.00600000,58.54000000,4.981
1749263121,5.00700000,206.12000000,4.981
1749263121,5.00800000,180.14000000,4.981
1749263121,5.00900000,206.09000000,4.981
1749263121,5.01000000,90.29000000,4.981
1749263121,5.01100000,163.07000000,4.981
1749263121,5.01200000,399.96000000,4.981
1749263121,5.01300000,1061.07000000,4.981
1749263121,5.01400000,87.53000000,4.981
1749263121,5.01500000,106.66000000,4.981
1749263121,5.01600000,109.20000000,4.981
1749263121,5.01700000,487.33000000,4.981
1749263121,5.01800000,56.17000000,4.981
1749263121,5.01900000,4.98000000,4.981
1749263121,5.02000000,5.54000000,4.981
1749263121,5.02100000,8.33000000,4.981
1749263121,5.02200000,6.54000000,4.981
1749263121,5.02300000,5.96000000,4.981
1749263121,5.02400000,5.54000000,4.981
1749263121,5.02500000,3.03000000,4.981
1749263121,5.02600000,158.49000000,4.981
1749263121,5.02700000,816.95000000,4.981
1749263121,5.02800000,5.53000000,4.981
1749263121,5.02900000,4.02000000,4.981
1749263121,5.03000000,5.53000000,4.981
1749263121,5.03100000,2684.36000000,4.981
1749263121,5.03200000,38.13000000,4.981
1749263121,5.03300000,8.02000000,4.981
1749263121,5.03400000,4.02000000,4.981
1749263121,5.03500000,6.64000000,4.981
1749263121,5.03600000,6.79000000,4.981
1749263121,5.03700000,4.02000000,4.981
1749263121,5.03800000,4.02000000,4.981
1749263121,5.03900000,4.02000000,4.981
1749263121,5.04000000,4.02000000,4.981
1749263121,5.04100000,4.02000000,4.981
1749263121,5.04200000,4.02000000,4.981
1749263121,5.04300000,73.96000000,4.981
1749263121,5.04400000,4.02000000,4.981
1749263121,5.04500000,4.12000000,4.981
1749263121,5.04600000,1005.01000000,4.981
1749263121,5.04700000,4.02000000,4.981
1749263121,5.04800000,3.02000000,4.981
1749263121,5.04900000,5.63000000,4.981
1749263121,5.05000000,154.02000000,4.981
1749263121,5.05100000,10.80000000,4.981
1749263121,5.05200000,16.61000000,4.981
1749263121,5.05300000,56.01000000,4.981
1749263121,5.05400000,6.63000000,4.981
1749263121,5.05500000,4.01000000,4.981
1749263121,5.05600000,35.75000000,4.981
1749263121,5.05700000,4.01000000,4.981
1749263121,5.05800000,1.00000000,4.981
1749263121,5.05900000,2.87000000,4.981
1749263121,5.06000000,1.00000000,4.981
1749263121,5.06100000,1.00000000,4.981
1749263121,5.06200000,18.21000000,4.981
1749263121,5.06300000,1.00000000,4.981
1749263121,5.06400000,10.94000000,4.981
1749263121,5.06600000,30.59000000,4.981
1749263121,5.07000000,7.92000000,4.981
1749263121,5.07300000,60.16000000,4.981
1749263121,5.07400000,16.11000000,4.981
1749263121,5.07600000,1.60000000,4.981
1749263121,5.07700000,5234.92000000,4.981
1749263121,5.07800000,16.48000000,4.981
1749263121,5.07900000,84.87000000,4.981
1749263121,5.08000000,155.11000000,4.981
1749263121,5.08100000,3.60000000,4.981
1749263121,5.08600000,4.95000000,4.981
1749263121,5.08800000,25.90000000,4.981
1749263121,5.08900000,1.06000000,4.981
1749263121,5.09000000,20.08000000,4.981
1749263121,5.09200000,2.62000000,4.981
1749263121,5.09800000,5.47000000,4.981
1749263121,5.10000000,24.95000000,4.981
1749263423,4.97800000,203.46000000,4.977
1749263423,4.97900000,319.79000000,4.977
1749263423,4.98000000,460.38000000,4.977
1749263423,4.98100000,240.93000000,4.977
1749263423,4.98200000,494.06000000,4.977
1749263423,4.98300000,517.34000000,4.977
1749263423,4.98400000,128.20000000,4.977
1749263423,4.98500000,491.20000000,4.977
1749263423,4.98600000,811.51000000,4.977
1749263423,4.98700000,334.12000000,4.977
1749263423,4.98800000,614.27000000,4.977
1749263423,4.98900000,1000.50000000,4.977
1749263423,4.99000000,1669.05000000,4.977
1749263423,4.99100000,1433.00000000,4.977
1749263423,4.99200000,711.55000000,4.977
1749263423,4.99300000,108.24000000,4.977
1749263423,4.99400000,708.04000000,4.977
1749263423,4.99500000,878.84000000,4.977
1749263423,4.99600000,878.15000000,4.977
1749263423,4.99700000,106.73000000,4.977
1749263423,4.99800000,230.11000000,4.977
1749263423,4.99900000,1855.89000000,4.977
1749263423,5.00000000,108.23000000,4.977
1749263423,5.00100000,176.26000000,4.977
1749263423,5.00200000,258.39000000,4.977
1749263423,5.00300000,1706.32000000,4.977
1749263423,5.00400000,176.75000000,4.977
1749263423,5.00500000,56.00000000,4.977
1749263423,5.00600000,58.54000000,4.977
1749263423,5.00700000,206.12000000,4.977
1749263423,5.00800000,570.43000000,4.977
1749263423,5.00900000,206.09000000,4.977
1749263423,5.01000000,90.29000000,4.977
1749263423,5.01100000,163.07000000,4.977
1749263423,5.01200000,399.96000000,4.977
1749263423,5.01300000,1061.06000000,4.977
1749263423,5.01400000,87.53000000,4.977
1749263423,5.01500000,106.66000000,4.977
1749263423,5.01600000,1051.72000000,4.977
1749263423,5.01700000,487.33000000,4.977
1749263423,5.01800000,110.17000000,4.977
1749263423,5.01900000,4.98000000,4.977
1749263423,5.02000000,5.54000000,4.977
1749263423,5.02100000,58.89000000,4.977
1749263423,5.02200000,57.12000000,4.977
1749263423,5.02300000,125.21000000,4.977
1749263423,5.02400000,5.54000000,4.977
1749263423,5.02500000,3.03000000,4.977
1749263423,5.02600000,158.49000000,4.977
1749263423,5.02700000,816.95000000,4.977
1749263423,5.02800000,5.53000000,4.977
1749263423,5.02900000,4.02000000,4.977
1749263423,5.03000000,5.53000000,4.977
1749263423,5.03100000,2684.36000000,4.977
1749263423,5.03200000,38.13000000,4.977
1749263423,5.03300000,8.02000000,4.977
1749263423,5.03400000,4.02000000,4.977
1749263423,5.03500000,6.64000000,4.977
1749263423,5.03600000,6.79000000,4.977
1749263423,5.03700000,4.02000000,4.977
1749263423,5.03800000,4.02000000,4.977
1749263423,5.03900000,4.02000000,4.977
1749263423,5.04000000,4.02000000,4.977
1749263423,5.04100000,4.02000000,4.977
1749263423,5.04200000,4.02000000,4.977
1749263423,5.04300000,73.96000000,4.977
1749263423,5.04400000,4.02000000,4.977
1749263423,5.04500000,4.12000000,4.977
1749263423,5.04600000,1005.01000000,4.977
1749263423,5.04700000,4.02000000,4.977
1749263423,5.04800000,3.02000000,4.977
1749263423,5.04900000,5.63000000,4.977
1749263423,5.05000000,154.02000000,4.977
1749263423,5.05100000,62.80000000,4.977
1749263423,5.05200000,16.61000000,4.977
1749263423,5.05300000,4.02000000,4.977
1749263423,5.05400000,4.62000000,4.977
1749263423,5.05500000,2.00000000,4.977
1749263423,5.05600000,33.74000000,4.977
1749263423,5.05700000,2.00000000,4.977
1749263423,5.05800000,1.00000000,4.977
1749263423,5.05900000,2.87000000,4.977
1749263423,5.06000000,1.00000000,4.977
1749263423,5.06100000,1.00000000,4.977
1749263423,5.06200000,18.21000000,4.977
1749263423,5.06300000,1.00000000,4.977
1749263423,5.06400000,10.94000000,4.977
1749263423,5.06600000,30.59000000,4.977
1749263423,5.07000000,7.92000000,4.977
1749263423,5.07300000,60.16000000,4.977
1749263423,5.07400000,16.11000000,4.977
1749263423,5.07600000,1.60000000,4.977
1749263423,5.07700000,5234.92000000,4.977
1749263423,5.07800000,16.48000000,4.977
1749263423,5.07900000,84.87000000,4.977
1749263423,5.08000000,155.11000000,4.977
1749263423,5.08100000,3.60000000,4.977
1749263423,5.08600000,4.95000000,4.977
1749263423,5.08800000,25.90000000,4.977
1749263423,5.08900000,1.06000000,4.977
1749263725,4.97400000,195.22000000,4.973
1749263725,4.97500000,220.79000000,4.973
1749263725,4.97600000,473.63000000,4.973
1749263725,4.97700000,472.40000000,4.973
1749263725,4.97800000,268.64000000,4.973
1749263725,4.97900000,513.44000000,4.973
1749263725,4.98000000,223.96000000,4.973
1749263725,4.98100000,378.90000000,4.973
1749263725,4.98200000,547.36000000,4.973
1749263725,4.98300000,741.19000000,4.973
1749263725,4.98400000,711.65000000,4.973
1749263725,4.98500000,1138.39000000,4.973
1749263725,4.98600000,1112.55000000,4.973
1749263725,4.98700000,1002.29000000,4.973
1749263725,4.98800000,1033.00000000,4.973
1749263725,4.98900000,863.63000000,4.973
1749263725,4.99000000,1306.36000000,4.973
1749263725,4.99100000,57.52000000,4.973
1749263725,4.99200000,676.98000000,4.973
1749263725,4.99300000,108.24000000,4.973
1749263725,4.99400000,210.74000000,4.973
1749263725,4.99500000,191.98000000,4.973
1749263725,4.99600000,488.15000000,4.973
1749263725,4.99700000,1659.30000000,4.973
1749263725,4.99800000,230.11000000,4.973
1749263725,4.99900000,1855.89000000,4.973
1749263725,5.00000000,108.23000000,4.973
1749263725,5.00100000,176.26000000,4.973
1749263725,5.00200000,258.39000000,4.973
1749263725,5.00300000,540.89000000,4.973
1749263725,5.00400000,176.75000000,4.973
1749263725,5.00500000,56.00000000,4.973
1749263725,5.00600000,1013.17000000,4.973
1749263725,5.00700000,206.12000000,4.973
1749263725,5.00800000,180.14000000,4.973
1749263725,5.00900000,206.09000000,4.973
1749263725,5.01000000,90.29000000,4.973
1749263725,5.01100000,163.07000000,4.973
1749263725,5.01200000,399.96000000,4.973
1749263725,5.01300000,107.73000000,4.973
1749263725,5.01400000,87.53000000,4.973
1749263725,5.01500000,52.66000000,4.973
1749263725,5.01600000,997.72000000,4.973
1749263725,5.01700000,433.33000000,4.973
1749263725,5.01800000,56.17000000,4.973
1749263725,5.01900000,4.98000000,4.973
1749263725,5.02000000,5.54000000,4.973
1749263725,5.02100000,58.89000000,4.973
1749263725,5.02200000,6.54000000,4.973
1749263725,5.02300000,125.21000000,4.973
1749263725,5.02400000,5.54000000,4.973
1749263725,5.02500000,3.03000000,4.973
1749263725,5.02600000,158.49000000,4.973
1749263725,5.02700000,816.95000000,4.973
1749263725,5.02800000,5.53000000,4.973
1749263725,5.02900000,4.02000000,4.973
1749263725,5.03000000,5.53000000,4.973
1749263725,5.03100000,2684.36000000,4.973
1749263725,5.03200000,38.13000000,4.973
1749263725,5.03300000,8.02000000,4.973
1749263725,5.03400000,4.02000000,4.973
1749263725,5.03500000,6.64000000,4.973
1749263725,5.03600000,6.79000000,4.973
1749263725,5.03700000,4.02000000,4.973
1749263725,5.03800000,4.02000000,4.973
1749263725,5.03900000,4.02000000,4.973
1749263725,5.04000000,4.02000000,4.973
1749263725,5.04100000,4.02000000,4.973
1749263725,5.04200000,4.02000000,4.973
1749263725,5.04300000,73.96000000,4.973
1749263725,5.04400000,4.02000000,4.973
1749263725,5.04500000,4.12000000,4.973
1749263725,5.04600000,1005.01000000,4.973
1749263725,5.04700000,4.02000000,4.973
1749263725,5.04800000,3.02000000,4.973
1749263725,5.04900000,57.66000000,4.973
1749263725,5.05000000,152.00000000,4.973
1749263725,5.05100000,8.78000000,4.973
1749263725,5.05200000,14.59000000,4.973
1749263725,5.05300000,2.00000000,4.973
1749263725,5.05400000,4.62000000,4.973
1749263725,5.05500000,2.00000000,4.973
1749263725,5.05600000,33.74000000,4.973
1749263725,5.05700000,2.00000000,4.973
1749263725,5.05800000,1.00000000,4.973
1749263725,5.05900000,2.87000000,4.973
1749263725,5.06000000,1.00000000,4.973
1749263725,5.06100000,1.00000000,4.973
1749263725,5.06200000,18.21000000,4.973
1749263725,5.06300000,1.00000000,4.973
1749263725,5.06400000,10.94000000,4.973
1749263725,5.06600000,30.59000000,4.973
1749263725,5.07000000,7.92000000,4.973
1749263725,5.07300000,60.16000000,4.973
1749263725,5.07400000,16.11000000,4.973
1749263725,5.07600000,1.60000000,4.973
1749263725,5.07700000,5234.92000000,4.973
1749263725,5.07800000,16.48000000,4.973
1749263725,5.07900000,84.87000000,4.973
1749263725,5.08000000,155.11000000,4.973
1749264027,4.97600000,100.69000000,4.975
1749264027,4.97700000,326.00000000,4.975
1749264027,4.97800000,460.60000000,4.975
1749264027,4.97900000,294.42000000,4.975
1749264027,4.98000000,289.03000000,4.975
1749264027,4.98100000,487.50000000,4.975
1749264027,4.98200000,648.72000000,4.975
1749264027,4.98300000,1008.00000000,4.975
1749264027,4.98400000,805.74000000,4.975
1749264027,4.98500000,1426.39000000,4.975
1749264027,4.98600000,512.70000000,4.975
1749264027,4.98700000,678.63000000,4.975
1749264027,4.98800000,570.22000000,4.975
1749264027,4.98900000,1790.77000000,4.975
1749264027,4.99000000,725.15000000,4.975
1749264027,4.99100000,57.52000000,4.975
1749264027,4.99200000,178.28000000,4.975
1749264027,4.99300000,108.24000000,4.975
1749264027,4.99400000,600.94000000,4.975
1749264027,4.99500000,191.98000000,4.975
1749264027,4.99600000,488.15000000,4.975
1749264027,4.99700000,106.73000000,4.975
1749264027,4.99800000,230.11000000,4.975
1749264027,4.99900000,1855.89000000,4.975
1749264027,5.00000000,108.23000000,4.975
1749264027,5.00100000,176.26000000,4.975
1749264027,5.00200000,1808.84000000,4.975
1749264027,5.00300000,540.89000000,4.975
1749264027,5.00400000,176.75000000,4.975
1749264027,5.00500000,56.00000000,4.975
1749264027,5.00600000,58.54000000,4.975
1749264027,5.00700000,206.12000000,4.975
1749264027,5.00800000,180.14000000,4.975
1749264027,5.00900000,1160.03000000,4.975
1749264027,5.01000000,90.29000000,4.975
1749264027,5.01100000,163.07000000,4.975
1749264027,5.01200000,399.96000000,4.975
1749264027,5.01300000,107.73000000,4.975
1749264027,5.01400000,87.53000000,4.975
1749264027,5.01500000,106.66000000,4.975
1749264027,5.01600000,997.72000000,4.975
1749264027,5.01700000,433.33000000,4.975
1749264027,5.01800000,56.17000000,4.975
1749264027,5.01900000,4.98000000,4.975
1749264027,5.02000000,5.54000000,4.975
1749264027,5.02100000,2739.77000000,4.975
1749264027,5.02200000,6.54000000,4.975
1749264027,5.02300000,125.21000000,4.975
1749264027,5.02400000,5.54000000,4.975
1749264027,5.02500000,3.03000000,4.975
1749264027,5.02600000,158.49000000,4.975
1749264027,5.02700000,816.95000000,4.975
1749264027,5.02800000,5.53000000,4.975
1749264027,5.02900000,4.02000000,4.975
1749264027,5.03000000,5.53000000,4.975
1749264027,5.03100000,4.02000000,4.975
1749264027,5.03200000,38.13000000,4.975
1749264027,5.03300000,8.02000000,4.975
1749264027,5.03400000,4.02000000,4.975
1749264027,5.03500000,6.64000000,4.975
1749264027,5.03600000,6.79000000,4.975
1749264027,5.03700000,4.02000000,4.975
1749264027,5.03800000,4.02000000,4.975
1749264027,5.03900000,4.02000000,4.975
1749264027,5.04000000,4.02000000,4.975
1749264027,5.04100000,4.02000000,4.975
1749264027,5.04200000,4.02000000,4.975
1749264027,5.04300000,73.96000000,4.975
1749264027,5.04400000,4.02000000,4.975
1749264027,5.04500000,4.12000000,4.975
1749264027,5.04600000,1005.01000000,4.975
1749264027,5.04700000,4.02000000,4.975
1749264027,5.04800000,3.02000000,4.975
1749264027,5.04900000,5.63000000,4.975
1749264027,5.05000000,206.04000000,4.975
1749264027,5.05100000,10.80000000,4.975
1749264027,5.05200000,14.59000000,4.975
1749264027,5.05300000,2.00000000,4.975
1749264027,5.05400000,4.62000000,4.975
1749264027,5.05500000,2.00000000,4.975
1749264027,5.05600000,33.74000000,4.975
1749264027,5.05700000,2.00000000,4.975
1749264027,5.05800000,1.00000000,4.975
1749264027,5.05900000,2.87000000,4.975
1749264027,5.06000000,1.00000000,4.975
1749264027,5.06100000,1.00000000,4.975
1749264027,5.06200000,18.21000000,4.975
1749264027,5.06300000,1.00000000,4.975
1749264027,5.06400000,10.94000000,4.975
1749264027,5.06600000,30.59000000,4.975
1749264027,5.07000000,7.92000000,4.975
1749264027,5.07300000,60.16000000,4.975
1749264027,5.07400000,16.11000000,4.975
1749264027,5.07600000,1.60000000,4.975
1749264027,5.07700000,5234.92000000,4.975
1749264027,5.07800000,16.48000000,4.975
1749264027,5.07900000,84.87000000,4.975
1749264027,5.08000000,155.11000000,4.975
1749264027,5.08100000,3.60000000,4.975
1749264027,5.08600000,4.95000000,4.975
1749264333,4.97600000,187.79000000,4.976
1749264333,4.97700000,461.57000000,4.976
1749264333,4.97800000,692.80000000,4.976
1749264333,4.97900000,713.76000000,4.976
1749264333,4.98000000,355.52000000,4.976
1749264333,4.98100000,578.38000000,4.976
1749264333,4.98200000,518.11000000,4.976
1749264333,4.98300000,732.46000000,4.976
1749264333,4.98400000,960.41000000,4.976
1749264333,4.98500000,2236.28000000,4.976
1749264333,4.98600000,1387.17000000,4.976
1749264333,4.98700000,619.09000000,4.976
1749264333,4.98800000,829.03000000,4.976
1749264333,4.98900000,863.63000000,4.976
1749264333,4.99000000,220.11000000,4.976
1749264333,4.99100000,2003.09000000,4.976
1749264333,4.99200000,676.98000000,4.976
1749264333,4.99300000,106.73000000,4.976
1749264333,4.99400000,209.23000000,4.976
1749264333,4.99500000,192.01000000,4.976
1749264333,4.99600000,488.15000000,4.976
1749264333,4.99700000,1106.74000000,4.976
1749264333,4.99800000,612.49000000,4.976
1749264333,4.99900000,885.43000000,4.976
1749264333,5.00000000,108.23000000,4.976
1749264333,5.00100000,176.26000000,4.976
1749264333,5.00200000,258.39000000,4.976
1749264333,5.00300000,156.47000000,4.976
1749264333,5.00400000,176.75000000,4.976
1749264333,5.00500000,56.00000000,4.976
1749264333,5.00600000,1013.27000000,4.976
1749264333,5.00700000,206.12000000,4.976
1749264333,5.00800000,180.14000000,4.976
1749264333,5.00900000,206.09000000,4.976
1749264333,5.01000000,90.29000000,4.976
1749264333,5.01100000,163.07000000,4.976
1749264333,5.01200000,345.96000000,4.976
1749264333,5.01300000,53.73000000,4.976
1749264333,5.01400000,4.54000000,4.976
1749264333,5.01500000,52.66000000,4.976
1749264333,5.01600000,997.72000000,4.976
1749264333,5.01700000,433.33000000,4.976
1749264333,5.01800000,56.17000000,4.976
1749264333,5.01900000,4.98000000,4.976
1749264333,5.02000000,5.54000000,4.976
1749264333,5.02100000,2689.21000000,4.976
1749264333,5.02200000,6.54000000,4.976
1749264333,5.02300000,125.21000000,4.976
1749264333,5.02400000,5.54000000,4.976
1749264333,5.02500000,3.03000000,4.976
1749264333,5.02600000,158.49000000,4.976
1749264333,5.02700000,816.95000000,4.976
1749264333,5.02800000,5.53000000,4.976
1749264333,5.02900000,4.02000000,4.976
1749264333,5.03000000,5.53000000,4.976
1749264333,5.03100000,4.02000000,4.976
1749264333,5.03200000,38.13000000,4.976
1749264333,5.03300000,8.02000000,4.976
1749264333,5.03400000,4.02000000,4.976
1749264333,5.03500000,6.64000000,4.976
1749264333,5.03600000,6.79000000,4.976
1749264333,5.03700000,4.02000000,4.976
1749264333,5.03800000,4.02000000,4.976
1749264333,5.03900000,4.02000000,4.976
1749264333,5.04000000,1004.02000000,4.976
1749264333,5.04100000,4.02000000,4.976
1749264333,5.04200000,4.02000000,4.976
1749264333,5.04300000,73.96000000,4.976
1749264333,5.04400000,4.02000000,4.976
1749264333,5.04500000,4.12000000,4.976
1749264333,5.04600000,5.01000000,4.976
1749264333,5.04700000,56.09000000,4.976
1749264333,5.04800000,3.02000000,4.976
1749264333,5.04900000,5.63000000,4.976
1749264333,5.05000000,154.02000000,4.976
1749264333,5.05100000,10.80000000,4.976
1749264333,5.05200000,14.59000000,4.976
1749264333,5.05300000,2.00000000,4.976
1749264333,5.05400000,4.62000000,4.976
1749264333,5.05500000,2.00000000,4.976
1749264333,5.05600000,33.74000000,4.976
1749264333,5.05700000,2.00000000,4.976
1749264333,5.05800000,1.00000000,4.976
1749264333,5.05900000,2.87000000,4.976
1749264333,5.06000000,1.00000000,4.976
1749264333,5.06100000,1.00000000,4.976
1749264333,5.06200000,18.21000000,4.976
1749264333,5.06300000,1.00000000,4.976
1749264333,5.06400000,10.94000000,4.976
1749264333,5.06600000,5258.30000000,4.976
1749264333,5.07000000,7.92000000,4.976
1749264333,5.07300000,60.16000000,4.976
1749264333,5.07400000,16.11000000,4.976
1749264333,5.07600000,1.60000000,4.976
1749264333,5.07700000,8.26000000,4.976
1749264333,5.07800000,16.48000000,4.976
1749264333,5.07900000,84.87000000,4.976
1749264333,5.08000000,155.11000000,4.976
1749264333,5.08100000,3.60000000,4.976
1749264333,5.08600000,4.95000000,4.976
1749264634,4.98100000,211.96000000,4.98
1749264634,4.98200000,231.48000000,4.98
1749264634,4.98300000,423.81000000,4.98
1749264634,4.98400000,251.98000000,4.98
1749264634,4.98500000,424.56000000,4.98
1749264634,4.98600000,608.76000000,4.98
1749264634,4.98700000,617.18000000,4.98
1749264634,4.98800000,624.16000000,4.98
1749264634,4.98900000,687.46000000,4.98
1749264634,4.99000000,1801.47000000,4.98
1749264634,4.99100000,557.54000000,4.98
1749264634,4.99200000,720.46000000,4.98
1749264634,4.99300000,1581.15000000,4.98
1749264634,4.99400000,1675.96000000,4.98
1749264634,4.99500000,192.01000000,4.98
1749264634,4.99600000,985.45000000,4.98
1749264634,4.99700000,106.73000000,4.98
1749264634,4.99800000,620.04000000,4.98
1749264634,4.99900000,885.43000000,4.98
1749264634,5.00000000,124.96000000,4.98
1749264634,5.00100000,176.26000000,4.98
1749264634,5.00200000,258.39000000,4.98
1749264634,5.00300000,1155.15000000,4.98
1749264634,5.00400000,176.75000000,4.98
1749264634,5.00500000,56.00000000,4.98
1749264634,5.00600000,58.54000000,4.98
1749264634,5.00700000,206.12000000,4.98
1749264634,5.00800000,2117.78000000,4.98
1749264634,5.00900000,206.09000000,4.98
1749264634,5.01000000,90.29000000,4.98
1749264634,5.01100000,163.07000000,4.98
1749264634,5.01200000,399.96000000,4.98
1749264634,5.01300000,107.73000000,4.98
1749264634,5.01400000,4.54000000,4.98
1749264634,5.01500000,1060.14000000,4.98
1749264634,5.01600000,1051.72000000,4.98
1749264634,5.01700000,487.33000000,4.98
1749264634,5.01800000,110.17000000,4.98
1749264634,5.01900000,4.98000000,4.98
1749264634,5.02000000,59.54000000,4.98
1749264634,5.02100000,58.90000000,4.98
1749264634,5.02200000,60.54000000,4.98
1749264634,5.02300000,125.21000000,4.98
1749264634,5.02400000,5.54000000,4.98
1749264634,5.02500000,3.03000000,4.98
1749264634,5.02600000,158.49000000,4.98
1749264634,5.02700000,816.95000000,4.98
1749264634,5.02800000,5.53000000,4.98
1749264634,5.02900000,4.02000000,4.98
1749264634,5.03000000,5.53000000,4.98
1749264634,5.03100000,4.02000000,4.98
1749264634,5.03200000,2716.31000000,4.98
1749264634,5.03300000,8.02000000,4.98
1749264634,5.03400000,4.02000000,4.98
1749264634,5.03500000,6.64000000,4.98
1749264634,5.03600000,6.79000000,4.98
1749264634,5.03700000,4.02000000,4.98
1749264634,5.03800000,4.02000000,4.98
1749264634,5.03900000,4.02000000,4.98
1749264634,5.04000000,4.02000000,4.98
1749264634,5.04100000,4.02000000,4.98
1749264634,5.04200000,4.02000000,4.98
1749264634,5.04300000,73.96000000,4.98
1749264634,5.04400000,4.02000000,4.98
1749264634,5.04500000,4.12000000,4.98
1749264634,5.04600000,1005.01000000,4.98
1749264634,5.04700000,4.02000000,4.98
1749264634,5.04800000,3.02000000,4.98
1749264634,5.04900000,5.63000000,4.98
1749264634,5.05000000,154.02000000,4.98
1749264634,5.05100000,10.80000000,4.98
1749264634,5.05200000,16.61000000,4.98
1749264634,5.05300000,4.01000000,4.98
1749264634,5.05400000,58.62000000,4.98
1749264634,5.05500000,4.01000000,4.98
1749264634,5.05600000,35.75000000,4.98
1749264634,5.05700000,2.00000000,4.98
1749264634,5.05800000,1.00000000,4.98
1749264634,5.05900000,2.87000000,4.98
1749264634,5.06000000,1.00000000,4.98
1749264634,5.06100000,1.00000000,4.98
1749264634,5.06200000,18.21000000,4.98
1749264634,5.06300000,1.00000000,4.98
1749264634,5.06400000,10.94000000,4.98
1749264634,5.06600000,30.59000000,4.98
1749264634,5.07000000,7.92000000,4.98
1749264634,5.07300000,60.16000000,4.98
1749264634,5.07400000,16.11000000,4.98
1749264634,5.07600000,1.60000000,4.98
1749264634,5.07700000,8.26000000,4.98
1749264634,5.07800000,5238.94000000,4.98
1749264634,5.07900000,84.87000000,4.98
1749264634,5.08000000,155.11000000,4.98
1749264634,5.08100000,3.60000000,4.98
1749264634,5.08600000,4.95000000,4.98
1749264634,5.08800000,25.90000000,4.98
1749264634,5.08900000,1.06000000,4.98
1749264634,5.09000000,18.90000000,4.98
1749264634,5.09200000,2.62000000,4.98
1749264634,5.09800000,5.47000000,4.98
1749264936,4.99300000,123.72000000,4.993
1749264936,4.99400000,248.16000000,4.993
1749264936,4.99500000,486.06000000,4.993
1749264936,4.99600000,297.90000000,4.993
1749264936,4.99700000,300.03000000,4.993
1749264936,4.99800000,656.96000000,4.993
1749264936,4.99900000,560.74000000,4.993
1749264936,5.00000000,451.44000000,4.993
1749264936,5.00100000,543.05000000,4.993
1749264936,5.00200000,700.19000000,4.993
1749264936,5.00300000,592.93000000,4.993
1749264936,5.00400000,1277.13000000,4.993
1749264936,5.00500000,1011.72000000,4.993
1749264936,5.00600000,651.12000000,4.993
1749264936,5.00700000,1630.87000000,4.993
1749264936,5.00800000,677.44000000,4.993
1749264936,5.00900000,1223.35000000,4.993
1749264936,5.01000000,464.30000000,4.993
1749264936,5.01100000,106.74000000,4.993
1749264936,5.01200000,233.01000000,4.993
1749264936,5.01300000,908.16000000,4.993
1749264936,5.01400000,58.54000000,4.993
1749264936,5.01500000,254.54000000,4.993
1749264936,5.01600000,1105.38000000,4.993
1749264936,5.01700000,280.27000000,4.993
1749264936,5.01800000,110.17000000,4.993
1749264936,5.01900000,87.97000000,4.993
1749264936,5.02000000,550.43000000,4.993
1749264936,5.02100000,212.27000000,4.993
1749264936,5.02200000,111.08000000,4.993
1749264936,5.02300000,1720.74000000,4.993
1749264936,5.02400000,215.24000000,4.993
1749264936,5.02500000,1123.23000000,4.993
1749264936,5.02600000,230.39000000,4.993
1749264936,5.02700000,1197.20000000,4.993
1749264936,5.02800000,110.05000000,4.993
1749264936,5.02900000,177.27000000,4.993
1749264936,5.03000000,56.04000000,4.993
1749264936,5.03100000,342.20000000,4.993
1749264936,5.03200000,38.13000000,4.993
1749264936,5.03300000,8.02000000,4.993
1749264936,5.03400000,56.00000000,4.993
1749264936,5.03500000,125.89000000,4.993
1749264936,5.03600000,8.30000000,4.993
1749264936,5.03700000,54.49000000,4.993
1749264936,5.03800000,4.02000000,4.993
1749264936,5.03900000,4.02000000,4.993
1749264936,5.04000000,4.02000000,4.993
1749264936,5.04100000,123.27000000,4.993
1749264936,5.04200000,155.93000000,4.993
1749264936,5.04300000,2744.10000000,4.993
1749264936,5.04400000,4.02000000,4.993
1749264936,5.04500000,4.12000000,4.993
1749264936,5.04600000,5.01000000,4.993
1749264936,5.04700000,4.02000000,4.993
1749264936,5.04800000,3.02000000,4.993
1749264936,5.04900000,720.42000000,4.993
1749264936,5.05000000,154.02000000,4.993
1749264936,5.05100000,10.80000000,4.993
1749264936,5.05200000,16.61000000,4.993
1749264936,5.05300000,4.01000000,4.993
1749264936,5.05400000,6.63000000,4.993
1749264936,5.05500000,4.01000000,4.993
1749264936,5.05600000,35.75000000,4.993
1749264936,5.05700000,4.01000000,4.993
1749264936,5.05800000,1003.01000000,4.993
1749264936,5.05900000,4.88000000,4.993
1749264936,5.06000000,3.01000000,4.993
1749264936,5.06100000,3.01000000,4.993
1749264936,5.06200000,20.22000000,4.993
1749264936,5.06300000,3.01000000,4.993
1749264936,5.06400000,12.95000000,4.993
1749264936,5.06500000,2.01000000,4.993
1749264936,5.06600000,32.60000000,4.993
1749264936,5.06700000,53.87000000,4.993
1749264936,5.06800000,2.01000000,4.993
1749264936,5.07000000,7.92000000,4.993
1749264936,5.07300000,60.16000000,4.993
1749264936,5.07400000,16.11000000,4.993
1749264936,5.07600000,1.60000000,4.993
1749264936,5.07700000,8.26000000,4.993
1749264936,5.07800000,16.48000000,4.993
1749264936,5.07900000,84.87000000,4.993
1749264936,5.08000000,155.11000000,4.993
1749264936,5.08100000,3.60000000,4.993
1749264936,5.08600000,4.95000000,4.993
1749264936,5.08800000,25.90000000,4.993
1749264936,5.08900000,5207.83000000,4.993
1749264936,5.09000000,18.90000000,4.993
1749264936,5.09200000,2.62000000,4.993
1749264936,5.09800000,5.47000000,4.993
1749264936,5.10000000,24.95000000,4.993
1749264936,5.10200000,1.97000000,4.993
1749264936,5.10300000,11.56000000,4.993
1749264936,5.10400000,58.76000000,4.993
1749264936,5.10500000,32.60000000,4.993
1749264936,5.10800000,3.13000000,4.993
1749264936,5.11000000,2.62000000,4.993
1749264936,5.11300000,3.60000000,4.993
1749264936,5.11400000,2.56000000,4.993
1749265237,4.98500000,171.67000000,4.985
1749265237,4.98600000,164.13000000,4.985
1749265237,4.98700000,349.23000000,4.985
1749265237,4.98800000,449.50000000,4.985
1749265237,4.98900000,354.16000000,4.985
1749265237,4.99000000,350.82000000,4.985
1749265237,4.99100000,459.31000000,4.985
1749265237,4.99200000,511.73000000,4.985
1749265237,4.99300000,396.67000000,4.985
1749265237,4.99400000,375.31000000,4.985
1749265237,4.99500000,410.17000000,4.985
1749265237,4.99600000,538.78000000,4.985
1749265237,4.99700000,453.03000000,4.985
1749265237,4.99800000,1254.82000000,4.985
1749265237,4.99900000,2031.04000000,4.985
1749265237,5.00000000,724.35000000,4.985
1749265237,5.00100000,770.05000000,4.985
1749265237,5.00200000,70.58000000,4.985
1749265237,5.00300000,895.28000000,4.985
1749265237,5.00400000,567.61000000,4.985
1749265237,5.00500000,1038.02000000,4.985
1749265237,5.00600000,60.05000000,4.985
1749265237,5.00700000,704.82000000,4.985
1749265237,5.00800000,180.14000000,4.985
1749265237,5.00900000,536.49000000,4.985
1749265237,5.01000000,58.54000000,4.985
1749265237,5.01100000,106.74000000,4.985
1749265237,5.01200000,339.79000000,4.985
1749265237,5.01300000,908.16000000,4.985
1749265237,5.01400000,58.54000000,4.985
1749265237,5.01500000,622.12000000,4.985
1749265237,5.01600000,109.20000000,4.985
1749265237,5.01700000,1824.50000000,4.985
1749265237,5.01800000,1062.13000000,4.985
1749265237,5.01900000,87.97000000,4.985
1749265237,5.02000000,59.54000000,4.985
1749265237,5.02100000,212.27000000,4.985
1749265237,5.02200000,111.08000000,4.985
1749265237,5.02300000,179.21000000,4.985
1749265237,5.02400000,215.24000000,4.985
1749265237,5.02500000,172.30000000,4.985
1749265237,5.02600000,176.39000000,4.985
1749265237,5.02700000,1143.20000000,4.985
1749265237,5.02800000,56.05000000,4.985
1749265237,5.02900000,123.27000000,4.985
1749265237,5.03000000,56.04000000,4.985
1749265237,5.03100000,342.20000000,4.985
1749265237,5.03200000,38.13000000,4.985
1749265237,5.03300000,8.02000000,4.985
1749265237,5.03400000,5.53000000,4.985
1749265237,5.03500000,125.89000000,4.985
1749265237,5.03600000,8.30000000,4.985
1749265237,5.03700000,4.02000000,4.985
1749265237,5.03800000,4.02000000,4.985
1749265237,5.03900000,4.02000000,4.985
1749265237,5.04000000,4.02000000,4.985
1749265237,5.04100000,123.27000000,4.985
1749265237,5.04200000,155.93000000,4.985
1749265237,5.04300000,2744.10000000,4.985
1749265237,5.04400000,4.02000000,4.985
1749265237,5.04500000,4.12000000,4.985
1749265237,5.04600000,5.01000000,4.985
1749265237,5.04700000,4.02000000,4.985
1749265237,5.04800000,3.02000000,4.985
1749265237,5.04900000,720.42000000,4.985
1749265237,5.05000000,154.02000000,4.985
1749265237,5.05100000,10.80000000,4.985
1749265237,5.05200000,1016.61000000,4.985
1749265237,5.05300000,4.01000000,4.985
1749265237,5.05400000,6.63000000,4.985
1749265237,5.05500000,4.01000000,4.985
1749265237,5.05600000,35.75000000,4.985
1749265237,5.05700000,4.01000000,4.985
1749265237,5.05800000,54.94000000,4.985
1749265237,5.05900000,4.88000000,4.985
1749265237,5.06000000,3.01000000,4.985
1749265237,5.06100000,1.00000000,4.985
1749265237,5.06200000,18.21000000,4.985
1749265237,5.06300000,1.00000000,4.985
1749265237,5.06400000,1.00000000,4.985
1749265237,5.06600000,30.59000000,4.985
1749265237,5.07300000,60.16000000,4.985
1749265237,5.07400000,16.11000000,4.985
1749265237,5.07600000,1.60000000,4.985
1749265237,5.07700000,8.26000000,4.985
1749265237,5.07800000,16.48000000,4.985
1749265237,5.07900000,84.87000000,4.985
1749265237,5.08000000,155.11000000,4.985
1749265237,5.08100000,3.60000000,4.985
1749265237,5.08600000,4.95000000,4.985
1749265237,5.08800000,35.84000000,4.985
1749265237,5.08900000,5207.83000000,4.985
1749265237,5.09000000,18.90000000,4.985
1749265237,5.09200000,2.62000000,4.985
1749265237,5.09800000,5.47000000,4.985
1749265237,5.10000000,24.95000000,4.985
1749265237,5.10200000,1.97000000,4.985
1749265237,5.10300000,11.56000000,4.985
1749265237,5.10400000,58.76000000,4.985
1749265237,5.10500000,32.60000000,4.985
1749265539,4.99300000,61.95000000,4.993
1749265539,4.99400000,336.56000000,4.993
1749265539,4.99500000,719.97000000,4.993
1749265539,4.99600000,459.19000000,4.993
1749265539,4.99700000,378.90000000,4.993
1749265539,4.99800000,947.10000000,4.993
1749265539,4.99900000,320.12000000,4.993
1749265539,5.00000000,523.61000000,4.993
1749265539,5.00100000,801.88000000,4.993
1749265539,5.00200000,605.91000000,4.993
1749265539,5.00300000,1046.62000000,4.993
1749265539,5.00400000,643.20000000,4.993
1749265539,5.00500000,433.75000000,4.993
1749265539,5.00600000,780.67000000,4.993
1749265539,5.00700000,2052.41000000,4.993
1749265539,5.00800000,868.51000000,4.993
1749265539,5.00900000,835.76000000,4.993
1749265539,5.01000000,75.22000000,4.993
1749265539,5.01100000,495.63000000,4.993
1749265539,5.01200000,233.01000000,4.993
1749265539,5.01300000,908.16000000,4.993
1749265539,5.01400000,58.54000000,4.993
1749265539,5.01500000,745.69000000,4.993
1749265539,5.01600000,109.20000000,4.993
1749265539,5.01700000,1276.21000000,4.993
1749265539,5.01800000,110.17000000,4.993
1749265539,5.01900000,1630.87000000,4.993
1749265539,5.02000000,440.87000000,4.993
1749265539,5.02100000,375.38000000,4.993
1749265539,5.02200000,111.08000000,4.993
1749265539,5.02300000,179.21000000,4.993
1749265539,5.02400000,158.91000000,4.993
1749265539,5.02500000,172.30000000,4.993
1749265539,5.02600000,1181.40000000,4.993
1749265539,5.02700000,1197.20000000,4.993
1749265539,5.02800000,110.02000000,4.993
1749265539,5.02900000,177.27000000,4.993
1749265539,5.03000000,5.53000000,4.993
1749265539,5.03100000,446.68000000,4.993
1749265539,5.03200000,211.38000000,4.993
1749265539,5.03300000,58.48000000,4.993
1749265539,5.03400000,55.99000000,4.993
1749265539,5.03500000,125.89000000,4.993
1749265539,5.03600000,8.30000000,4.993
1749265539,5.03700000,4.02000000,4.993
1749265539,5.03800000,5.53000000,4.993
1749265539,5.03900000,4.02000000,4.993
1749265539,5.04000000,4.02000000,4.993
1749265539,5.04100000,123.27000000,4.993
1749265539,5.04200000,155.93000000,4.993
1749265539,5.04300000,73.96000000,4.993
1749265539,5.04400000,2674.69000000,4.993
1749265539,5.04500000,4.12000000,4.993
1749265539,5.04600000,5.01000000,4.993
1749265539,5.04700000,4.02000000,4.993
1749265539,5.04800000,3.02000000,4.993
1749265539,5.04900000,709.75000000,4.993
1749265539,5.05000000,4.02000000,4.993
1749265539,5.05100000,10.80000000,4.993
1749265539,5.05200000,16.61000000,4.993
1749265539,5.05300000,4.01000000,4.993
1749265539,5.05400000,6.63000000,4.993
1749265539,5.05500000,4.01000000,4.993
1749265539,5.05600000,35.75000000,4.993
1749265539,5.05700000,4.01000000,4.993
1749265539,5.05800000,3.01000000,4.993
1749265539,5.05900000,4.88000000,4.993
1749265539,5.06000000,3.01000000,4.993
1749265539,5.06100000,3.01000000,4.993
1749265539,5.06200000,20.22000000,4.993
1749265539,5.06300000,3.01000000,4.993
1749265539,5.06400000,3.01000000,4.993
1749265539,5.06500000,1002.01000000,4.993
1749265539,5.06600000,32.60000000,4.993
1749265539,5.06700000,53.87000000,4.993
1749265539,5.06800000,2.01000000,4.993
1749265539,5.07300000,60.16000000,4.993
1749265539,5.07400000,16.11000000,4.993
1749265539,5.07600000,1.60000000,4.993
1749265539,5.07700000,8.26000000,4.993
1749265539,5.07800000,16.48000000,4.993
1749265539,5.07900000,84.87000000,4.993
1749265539,5.08000000,155.11000000,4.993
1749265539,5.08100000,3.60000000,4.993
1749265539,5.08600000,4.95000000,4.993
1749265539,5.08800000,35.84000000,4.993
1749265539,5.08900000,1.06000000,4.993
1749265539,5.09000000,5226.71000000,4.993
1749265539,5.09200000,2.62000000,4.993
1749265539,5.09800000,5.47000000,4.993
1749265539,5.10000000,24.95000000,4.993
1749265539,5.10200000,1.97000000,4.993
1749265539,5.10300000,11.56000000,4.993
1749265539,5.10400000,58.76000000,4.993
1749265539,5.10500000,32.60000000,4.993
1749265539,5.10800000,3.13000000,4.993
1749265539,5.11000000,2.62000000,4.993
1749265539,5.11300000,3.60000000,4.993
1749265539,5.11400000,2.56000000,4.993
1749265539,5.11500000,15.35000000,4.993
1749265840,4.99600000,109.12000000,4.995
1749265840,4.99700000,360.34000000,4.995
1749265840,4.99800000,983.35000000,4.995
1749265840,4.99900000,651.91000000,4.995
1749265840,5.00000000,204.13000000,4.995
1749265840,5.00100000,616.70000000,4.995
1749265840,5.00200000,303.29000000,4.995
1749265840,5.00300000,633.68000000,4.995
1749265840,5.00400000,1665.84000000,4.995
1749265840,5.00500000,1029.28000000,4.995
1749265840,5.00600000,788.17000000,4.995
1749265840,5.00700000,1284.66000000,4.995
1749265840,5.00800000,558.90000000,4.995
1749265840,5.00900000,905.90000000,4.995
1749265840,5.01000000,76.73000000,4.995
1749265840,5.01100000,793.60000000,4.995
1749265840,5.01200000,621.91000000,4.995
1749265840,5.01300000,207.10000000,4.995
1749265840,5.01400000,58.54000000,4.995
1749265840,5.01500000,745.69000000,4.995
1749265840,5.01600000,1105.32000000,4.995
1749265840,5.01700000,280.27000000,4.995
1749265840,5.01800000,110.17000000,4.995
1749265840,5.01900000,1630.73000000,4.995
1749265840,5.02000000,1590.98000000,4.995
1749265840,5.02100000,375.38000000,4.995
1749265840,5.02200000,111.08000000,4.995
1749265840,5.02300000,179.21000000,4.995
1749265840,5.02400000,158.91000000,4.995
1749265840,5.02500000,107.57000000,4.995
1749265840,5.02600000,295.12000000,4.995
1749265840,5.02700000,1197.20000000,4.995
1749265840,5.02800000,110.02000000,4.995
1749265840,5.02900000,1128.44000000,4.995
1749265840,5.03000000,59.53000000,4.995
1749265840,5.03100000,446.68000000,4.995
1749265840,5.03200000,211.38000000,4.995
1749265840,5.03300000,58.48000000,4.995
1749265840,5.03400000,55.99000000,4.995
1749265840,5.03500000,125.89000000,4.995
1749265840,5.03600000,58.72000000,4.995
1749265840,5.03700000,4.02000000,4.995
1749265840,5.03800000,55.94000000,4.995
1749265840,5.03900000,4.02000000,4.995
1749265840,5.04000000,5.53000000,4.995
1749265840,5.04100000,123.27000000,4.995
1749265840,5.04200000,155.93000000,4.995
1749265840,5.04300000,73.96000000,4.995
1749265840,5.04400000,2674.69000000,4.995
1749265840,5.04500000,4.12000000,4.995
1749265840,5.04600000,5.01000000,4.995
1749265840,5.04700000,4.02000000,4.995
1749265840,5.04800000,3.02000000,4.995
1749265840,5.04900000,709.75000000,4.995
1749265840,5.05000000,4.02000000,4.995
1749265840,5.05100000,10.80000000,4.995
1749265840,5.05200000,16.61000000,4.995
1749265840,5.05300000,4.01000000,4.995
1749265840,5.05400000,6.63000000,4.995
1749265840,5.05500000,4.01000000,4.995
1749265840,5.05600000,35.75000000,4.995
1749265840,5.05700000,4.01000000,4.995
1749265840,5.05800000,3.01000000,4.995
1749265840,5.05900000,4.88000000,4.995
1749265840,5.06000000,3.01000000,4.995
1749265840,5.06100000,3.01000000,4.995
1749265840,5.06200000,20.22000000,4.995
1749265840,5.06300000,3.01000000,4.995
1749265840,5.06400000,3.01000000,4.995
1749265840,5.06500000,1002.01000000,4.995
1749265840,5.06600000,32.60000000,4.995
1749265840,5.06700000,2.01000000,4.995
1749265840,5.06800000,2.01000000,4.995
1749265840,5.06900000,53.85000000,4.995
1749265840,5.07000000,2.01000000,4.995
1749265840,5.07100000,2.01000000,4.995
1749265840,5.07300000,60.16000000,4.995
1749265840,5.07400000,16.11000000,4.995
1749265840,5.07600000,1.60000000,4.995
1749265840,5.07700000,8.26000000,4.995
1749265840,5.07800000,16.48000000,4.995
1749265840,5.07900000,84.87000000,4.995
1749265840,5.08000000,155.11000000,4.995
1749265840,5.08100000,3.60000000,4.995
1749265840,5.08600000,4.95000000,4.995
1749265840,5.08800000,35.84000000,4.995
1749265840,5.08900000,1.06000000,4.995
1749265840,5.09000000,5226.71000000,4.995
1749265840,5.09200000,2.62000000,4.995
1749265840,5.09800000,5.47000000,4.995
1749265840,5.10000000,24.95000000,4.995
1749265840,5.10200000,1.97000000,4.995
1749265840,5.10300000,11.56000000,4.995
1749265840,5.10400000,58.76000000,4.995
1749265840,5.10500000,32.60000000,4.995
1749265840,5.10800000,3.13000000,4.995
1749265840,5.11000000,2.62000000,4.995
1749265840,5.11300000,3.60000000,4.995
1749265840,5.11400000,2.56000000,4.995
1749265840,5.11500000,15.35000000,4.995
1749266142,5.00900000,243.84000000,5.009
1749266142,5.01000000,307.04000000,5.009
1749266142,5.01100000,240.79000000,5.009
1749266142,5.01200000,501.48000000,5.009
1749266142,5.01300000,936.29000000,5.009
1749266142,5.01400000,1010.67000000,5.009
1749266142,5.01500000,895.61000000,5.009
1749266142,5.01600000,1844.68000000,5.009
1749266142,5.01700000,803.03000000,5.009
1749266142,5.01800000,1079.11000000,5.009
1749266142,5.01900000,589.95000000,5.009
1749266142,5.02000000,1894.69000000,5.009
1749266142,5.02100000,212.27000000,5.009
1749266142,5.02200000,626.43000000,5.009
1749266142,5.02300000,179.21000000,5.009
1749266142,5.02400000,158.91000000,5.009
1749266142,5.02500000,495.54000000,5.009
1749266142,5.02600000,230.39000000,5.009
1749266142,5.02700000,167.96000000,5.009
1749266142,5.02800000,820.28000000,5.009
1749266142,5.02900000,1202.54000000,5.009
1749266142,5.03000000,265.68000000,5.009
1749266142,5.03100000,855.86000000,5.009
1749266142,5.03200000,1777.71000000,5.009
1749266142,5.03300000,112.48000000,5.009
1749266142,5.03400000,282.32000000,5.009
1749266142,5.03500000,179.89000000,5.009
1749266142,5.03600000,112.72000000,5.009
1749266142,5.03700000,4.02000000,5.009
1749266142,5.03800000,109.94000000,5.009
1749266142,5.03900000,122.75000000,5.009
1749266142,5.04000000,1894.03000000,5.009
1749266142,5.04100000,327.05000000,5.009
1749266142,5.04200000,59.53000000,5.009
1749266142,5.04300000,178.34000000,5.009
1749266142,5.04400000,365.95000000,5.009
1749266142,5.04500000,4.12000000,5.009
1749266142,5.04600000,60.51000000,5.009
1749266142,5.04700000,54.37000000,5.009
1749266142,5.04800000,123.77000000,5.009
1749266142,5.04900000,55.96000000,5.009
1749266142,5.05000000,92.24000000,5.009
1749266142,5.05100000,10.80000000,5.009
1749266142,5.05200000,16.61000000,5.009
1749266142,5.05300000,4.01000000,5.009
1749266142,5.05400000,6.63000000,5.009
1749266142,5.05500000,2790.19000000,5.009
1749266142,5.05600000,35.75000000,5.009
1749266142,5.05700000,4.01000000,5.009
1749266142,5.05800000,154.92000000,5.009
1749266142,5.05900000,4.88000000,5.009
1749266142,5.06000000,719.17000000,5.009
1749266142,5.06100000,3.01000000,5.009
1749266142,5.06200000,139.47000000,5.009
1749266142,5.06300000,3.01000000,5.009
1749266142,5.06400000,3.01000000,5.009
1749266142,5.06500000,2.01000000,5.009
1749266142,5.06600000,32.60000000,5.009
1749266142,5.06700000,2.01000000,5.009
1749266142,5.06800000,2.01000000,5.009
1749266142,5.06900000,121.26000000,5.009
1749266142,5.07000000,2.01000000,5.009
1749266142,5.07100000,2.01000000,5.009
1749266142,5.07200000,2.01000000,5.009
1749266142,5.07300000,62.17000000,5.009
1749266142,5.07400000,1018.12000000,5.009
1749266142,5.07500000,2.01000000,5.009
1749266142,5.07600000,122.86000000,5.009
1749266142,5.07700000,10.27000000,5.009
1749266142,5.07800000,18.48000000,5.009
1749266142,5.07900000,86.87000000,5.009
1749266142,5.08000000,208.84000000,5.009
1749266142,5.08100000,5.60000000,5.009
1749266142,5.08200000,2.00000000,5.009
1749266142,5.08300000,121.25000000,5.009
1749266142,5.08400000,2.00000000,5.009
1749266142,5.08600000,4.95000000,5.009
1749266142,5.08800000,35.84000000,5.009
1749266142,5.08900000,1.06000000,5.009
1749266142,5.09000000,138.15000000,5.009
1749266142,5.09200000,2.62000000,5.009
1749266142,5.09700000,119.25000000,5.009
1749266142,5.09800000,5.47000000,5.009
1749266142,5.10000000,24.95000000,5.009
1749266142,5.10100000,5200.52000000,5.009
1749266142,5.10200000,1.97000000,5.009
1749266142,5.10300000,11.56000000,5.009
1749266142,5.10400000,178.01000000,5.009
1749266142,5.10500000,32.60000000,5.009
1749266142,5.10800000,3.13000000,5.009
1749266142,5.11000000,2.62000000,5.009
1749266142,5.11300000,3.60000000,5.009
1749266142,5.11400000,2.56000000,5.009
1749266142,5.11500000,15.35000000,5.009
1749266142,5.11700000,12.98000000,5.009
1749266142,5.11800000,211.38000000,5.009
1749266142,5.11900000,20.84000000,5.009
1749266142,5.12000000,9.99000000,5.009
1749266142,5.12100000,9.69000000,5.009
1749266142,5.12400000,2.92000000,5.009
1749266443,4.99400000,115.05000000,4.993
1749266443,4.99500000,166.98000000,4.993
1749266443,4.99600000,463.07000000,4.993
1749266443,4.99700000,377.89000000,4.993
1749266443,4.99800000,398.03000000,4.993
1749266443,4.99900000,645.20000000,4.993
1749266443,5.00000000,745.11000000,4.993
1749266443,5.00100000,442.39000000,4.993
1749266443,5.00200000,454.19000000,4.993
1749266443,5.00300000,531.66000000,4.993
1749266443,5.00400000,727.84000000,4.993
1749266443,5.00500000,1537.81000000,4.993
1749266443,5.00600000,1696.40000000,4.993
1749266443,5.00700000,1055.73000000,4.993
1749266443,5.00800000,556.30000000,4.993
1749266443,5.00900000,925.44000000,4.993
1749266443,5.01000000,68.21000000,4.993
1749266443,5.01100000,596.17000000,4.993
1749266443,5.01200000,707.54000000,4.993
1749266443,5.01300000,228.17000000,4.993
1749266443,5.01400000,86.67000000,4.993
1749266443,5.01500000,1509.12000000,4.993
1749266443,5.01600000,158.77000000,4.993
1749266443,5.01700000,436.39000000,4.993
1749266443,5.01800000,110.17000000,4.993
1749266443,5.01900000,281.10000000,4.993
1749266443,5.02000000,1771.31000000,4.993
1749266443,5.02100000,212.27000000,4.993
1749266443,5.02200000,603.27000000,4.993
1749266443,5.02300000,179.21000000,4.993
1749266443,5.02400000,158.91000000,4.993
1749266443,5.02500000,107.57000000,4.993
1749266443,5.02600000,230.39000000,4.993
1749266443,5.02700000,1118.83000000,4.993
1749266443,5.02800000,811.08000000,4.993
1749266443,5.02900000,209.09000000,4.993
1749266443,5.03000000,158.90000000,4.993
1749266443,5.03100000,437.45000000,4.993
1749266443,5.03200000,186.37000000,4.993
1749266443,5.03300000,58.48000000,4.993
1749266443,5.03400000,211.69000000,4.993
1749266443,5.03500000,125.89000000,4.993
1749266443,5.03600000,58.72000000,4.993
1749266443,5.03700000,103.39000000,4.993
1749266443,5.03800000,55.94000000,4.993
1749266443,5.03900000,68.75000000,4.993
1749266443,5.04000000,891.56000000,4.993
1749266443,5.04100000,222.64000000,4.993
1749266443,5.04200000,5.53000000,4.993
1749266443,5.04300000,73.96000000,4.993
1749266443,5.04400000,311.95000000,4.993
1749266443,5.04500000,2669.45000000,4.993
1749266443,5.04600000,6.51000000,4.993
1749266443,5.04700000,4.02000000,4.993
1749266443,5.04800000,123.77000000,4.993
1749266443,5.04900000,713.07000000,4.993
1749266443,5.05000000,92.24000000,4.993
1749266443,5.05100000,10.80000000,4.993
1749266443,5.05200000,49.55000000,4.993
1749266443,5.05300000,4.01000000,4.993
1749266443,5.05400000,6.63000000,4.993
1749266443,5.05500000,123.26000000,4.993
1749266443,5.05600000,35.75000000,4.993
1749266443,5.05700000,4.01000000,4.993
1749266443,5.05800000,154.92000000,4.993
1749266443,5.05900000,4.88000000,4.993
1749266443,5.06000000,3.01000000,4.993
1749266443,5.06100000,3.01000000,4.993
1749266443,5.06200000,139.47000000,4.993
1749266443,5.06300000,3.01000000,4.993
1749266443,5.06400000,3.01000000,4.993
1749266443,5.06500000,1002.01000000,4.993
1749266443,5.06600000,84.47000000,4.993
1749266443,5.06700000,2.01000000,4.993
1749266443,5.06800000,2.01000000,4.993
1749266443,5.06900000,121.26000000,4.993
1749266443,5.07300000,60.16000000,4.993
1749266443,5.07400000,16.11000000,4.993
1749266443,5.07600000,120.85000000,4.993
1749266443,5.07700000,8.26000000,4.993
1749266443,5.07800000,16.48000000,4.993
1749266443,5.07900000,84.87000000,4.993
1749266443,5.08000000,155.11000000,4.993
1749266443,5.08100000,3.60000000,4.993
1749266443,5.08300000,119.25000000,4.993
1749266443,5.08600000,4.95000000,4.993
1749266443,5.08800000,35.84000000,4.993
1749266443,5.08900000,1.06000000,4.993
1749266443,5.09000000,138.15000000,4.993
1749266443,5.09100000,5197.40000000,4.993
1749266443,5.09200000,2.62000000,4.993
1749266443,5.09800000,5.47000000,4.993
1749266443,5.10000000,24.95000000,4.993
1749266443,5.10200000,1.97000000,4.993
1749266443,5.10300000,11.56000000,4.993
1749266443,5.10400000,58.76000000,4.993
1749266443,5.10500000,32.60000000,4.993
1749266443,5.10800000,3.13000000,4.993
1749266443,5.11000000,2.62000000,4.993
1749266443,5.11300000,3.60000000,4.993
1749266745,5.00000000,182.60000000,4.999
1749266745,5.00100000,293.92000000,4.999
1749266745,5.00200000,631.43000000,4.999
1749266745,5.00300000,523.98000000,4.999
1749266745,5.00400000,348.12000000,4.999
1749266745,5.00500000,650.28000000,4.999
1749266745,5.00600000,932.10000000,4.999
1749266745,5.00700000,454.78000000,4.999
1749266745,5.00800000,332.32000000,4.999
1749266745,5.00900000,602.70000000,4.999
1749266745,5.01000000,620.23000000,4.999
1749266745,5.01100000,1865.03000000,4.999
1749266745,5.01200000,782.32000000,4.999
1749266745,5.01300000,1081.02000000,4.999
1749266745,5.01400000,775.04000000,4.999
1749266745,5.01500000,807.10000000,4.999
1749266745,5.01600000,1061.24000000,4.999
1749266745,5.01700000,280.27000000,4.999
1749266745,5.01800000,110.17000000,4.999
1749266745,5.01900000,982.16000000,4.999
1749266745,5.02000000,245.35000000,4.999
1749266745,5.02100000,268.60000000,4.999
1749266745,5.02200000,716.56000000,4.999
1749266745,5.02300000,179.21000000,4.999
1749266745,5.02400000,1153.53000000,4.999
1749266745,5.02500000,107.57000000,4.999
1749266745,5.02600000,620.50000000,4.999
1749266745,5.02700000,167.96000000,4.999
1749266745,5.02800000,110.02000000,4.999
1749266745,5.02900000,209.09000000,4.999
1749266745,5.03000000,1697.57000000,4.999
1749266745,5.03100000,772.87000000,4.999
1749266745,5.03200000,211.38000000,4.999
1749266745,5.03300000,1062.40000000,4.999
1749266745,5.03400000,209.36000000,4.999
1749266745,5.03500000,179.89000000,4.999
1749266745,5.03600000,112.75000000,4.999
1749266745,5.03700000,103.39000000,4.999
1749266745,5.03800000,55.91000000,4.999
1749266745,5.03900000,68.75000000,4.999
1749266745,5.04000000,891.56000000,4.999
1749266745,5.04100000,222.64000000,4.999
1749266745,5.04200000,5.53000000,4.999
1749266745,5.04300000,73.96000000,4.999
1749266745,5.04400000,5.52000000,4.999
1749266745,5.04500000,2669.45000000,4.999
1749266745,5.04600000,6.51000000,4.999
1749266745,5.04700000,4.02000000,4.999
1749266745,5.04800000,123.77000000,4.999
1749266745,5.04900000,713.07000000,4.999
1749266745,5.05000000,92.24000000,4.999
1749266745,5.05100000,10.80000000,4.999
1749266745,5.05200000,49.55000000,4.999
1749266745,5.05300000,4.01000000,4.999
1749266745,5.05400000,6.63000000,4.999
1749266745,5.05500000,123.26000000,4.999
1749266745,5.05600000,35.75000000,4.999
1749266745,5.05700000,4.01000000,4.999
1749266745,5.05800000,154.92000000,4.999
1749266745,5.05900000,4.88000000,4.999
1749266745,5.06000000,3.01000000,4.999
1749266745,5.06100000,3.01000000,4.999
1749266745,5.06200000,139.47000000,4.999
1749266745,5.06300000,3.01000000,4.999
1749266745,5.06400000,3.01000000,4.999
1749266745,5.06500000,1002.01000000,4.999
1749266745,5.06600000,32.60000000,4.999
1749266745,5.06700000,2.01000000,4.999
1749266745,5.06800000,2.01000000,4.999
1749266745,5.06900000,121.26000000,4.999
1749266745,5.07000000,2.01000000,4.999
1749266745,5.07100000,2.01000000,4.999
1749266745,5.07200000,2.01000000,4.999
1749266745,5.07300000,113.96000000,4.999
1749266745,5.07400000,18.12000000,4.999
1749266745,5.07500000,2.01000000,4.999
1749266745,5.07600000,120.85000000,4.999
1749266745,5.07700000,8.26000000,4.999
1749266745,5.07800000,16.48000000,4.999
1749266745,5.07900000,84.87000000,4.999
1749266745,5.08000000,155.11000000,4.999
1749266745,5.08100000,3.60000000,4.999
1749266745,5.08300000,119.25000000,4.999
1749266745,5.08600000,4.95000000,4.999
1749266745,5.08800000,35.84000000,4.999
1749266745,5.08900000,1.06000000,4.999
1749266745,5.09000000,18.90000000,4.999
1749266745,5.09100000,5197.40000000,4.999
1749266745,5.09200000,2.62000000,4.999
1749266745,5.09800000,5.47000000,4.999
1749266745,5.10000000,24.95000000,4.999
1749266745,5.10200000,1.97000000,4.999
1749266745,5.10300000,11.56000000,4.999
1749266745,5.10400000,58.76000000,4.999
1749266745,5.10500000,32.60000000,4.999
1749266745,5.10800000,3.13000000,4.999
1749266745,5.11000000,2.62000000,4.999
1749266745,5.11300000,3.60000000,4.999
1749266745,5.11400000,2.56000000,4.999
1749266745,5.11500000,15.35000000,4.999
1749267046,4.99500000,213.02000000,4.994
1749267046,4.99600000,144.05000000,4.994
1749267046,4.99700000,389.09000000,4.994
1749267046,4.99800000,288.29000000,4.994
1749267046,4.99900000,362.94000000,4.994
1749267046,5.00000000,547.11000000,4.994
1749267046,5.00100000,519.77000000,4.994
1749267046,5.00200000,626.21000000,4.994
1749267046,5.00300000,417.72000000,4.994
1749267046,5.00400000,834.56000000,4.994
1749267046,5.00500000,706.62000000,4.994
1749267046,5.00600000,1444.31000000,4.994
1749267046,5.00700000,1971.05000000,4.994
1749267046,5.00800000,918.02000000,4.994
1749267046,5.00900000,383.24000000,4.994
1749267046,5.01000000,565.50000000,4.994
1749267046,5.01100000,596.13000000,4.994
1749267046,5.01200000,115.27000000,4.994
1749267046,5.01300000,228.18000000,4.994
1749267046,5.01400000,775.04000000,4.994
1749267046,5.01500000,823.77000000,4.994
1749267046,5.01600000,108.83000000,4.994
1749267046,5.01700000,1276.14000000,4.994
1749267046,5.01800000,110.17000000,4.994
1749267046,5.01900000,760.04000000,4.994
1749267046,5.02000000,1910.63000000,4.994
1749267046,5.02100000,1810.88000000,4.994
1749267046,5.02200000,217.86000000,4.994
1749267046,5.02300000,179.21000000,4.994
1749267046,5.02400000,158.91000000,4.994
1749267046,5.02500000,107.57000000,4.994
1749267046,5.02600000,620.50000000,4.994
1749267046,5.02700000,167.96000000,4.994
1749267046,5.02800000,1060.60000000,4.994
1749267046,5.02900000,209.09000000,4.994
1749267046,5.03000000,158.90000000,4.994
1749267046,5.03100000,772.87000000,4.994
1749267046,5.03200000,211.38000000,4.994
1749267046,5.03300000,112.48000000,4.994
1749267046,5.03400000,209.36000000,4.994
1749267046,5.03500000,179.89000000,4.994
1749267046,5.03600000,58.75000000,4.994
1749267046,5.03700000,103.39000000,4.994
1749267046,5.03800000,55.91000000,4.994
1749267046,5.03900000,68.75000000,4.994
1749267046,5.04000000,858.79000000,4.994
1749267046,5.04100000,222.64000000,4.994
1749267046,5.04200000,5.53000000,4.994
1749267046,5.04300000,73.96000000,4.994
1749267046,5.04400000,5.52000000,4.994
1749267046,5.04500000,2669.45000000,4.994
1749267046,5.04600000,6.51000000,4.994
1749267046,5.04700000,4.02000000,4.994
1749267046,5.04800000,123.77000000,4.994
1749267046,5.04900000,713.07000000,4.994
1749267046,5.05000000,92.24000000,4.994
1749267046,5.05100000,10.80000000,4.994
1749267046,5.05200000,49.55000000,4.994
1749267046,5.05300000,4.01000000,4.994
1749267046,5.05400000,6.63000000,4.994
1749267046,5.05500000,123.26000000,4.994
1749267046,5.05600000,39.75000000,4.994
1749267046,5.05700000,4.01000000,4.994
1749267046,5.05800000,154.92000000,4.994
1749267046,5.05900000,4.88000000,4.994
1749267046,5.06000000,3.01000000,4.994
1749267046,5.06100000,3.01000000,4.994
1749267046,5.06200000,139.47000000,4.994
1749267046,5.06300000,3.01000000,4.994
1749267046,5.06400000,3.01000000,4.994
1749267046,5.06500000,1002.01000000,4.994
1749267046,5.06600000,32.60000000,4.994
1749267046,5.06700000,2.01000000,4.994
1749267046,5.06800000,53.85000000,4.994
1749267046,5.06900000,121.26000000,4.994
1749267046,5.07000000,2.01000000,4.994
1749267046,5.07300000,60.16000000,4.994
1749267046,5.07400000,16.11000000,4.994
1749267046,5.07600000,120.85000000,4.994
1749267046,5.07700000,8.26000000,4.994
1749267046,5.07800000,16.48000000,4.994
1749267046,5.07900000,84.87000000,4.994
1749267046,5.08000000,155.11000000,4.994
1749267046,5.08100000,3.60000000,4.994
1749267046,5.08300000,119.25000000,4.994
1749267046,5.08600000,4.95000000,4.994
1749267046,5.08800000,35.84000000,4.994
1749267046,5.08900000,1.06000000,4.994
1749267046,5.09000000,18.90000000,4.994
1749267046,5.09100000,5197.40000000,4.994
1749267046,5.09200000,2.62000000,4.994
1749267046,5.09800000,5.47000000,4.994
1749267046,5.10000000,24.95000000,4.994
1749267046,5.10200000,1.97000000,4.994
1749267046,5.10300000,11.56000000,4.994
1749267046,5.10400000,58.76000000,4.994
1749267046,5.10500000,32.60000000,4.994
1749267046,5.10800000,3.13000000,4.994
1749267046,5.11000000,2.62000000,4.994
1749267046,5.11300000,3.60000000,4.994
1749267348,4.99600000,130.74000000,4.995
1749267348,4.99700000,194.74000000,4.995
1749267348,4.99800000,613.70000000,4.995
1749267348,4.99900000,488.67000000,4.995
1749267348,5.00000000,545.48000000,4.995
1749267348,5.00100000,634.23000000,4.995
1749267348,5.00200000,1424.92000000,4.995
1749267348,5.00300000,1179.37000000,4.995
1749267348,5.00400000,1009.81000000,4.995
1749267348,5.00500000,915.62000000,4.995
1749267348,5.00600000,1811.42000000,4.995
1749267348,5.00700000,910.36000000,4.995
1749267348,5.00800000,757.36000000,4.995
1749267348,5.00900000,1070.10000000,4.995
1749267348,5.01000000,457.25000000,4.995
1749267348,5.01100000,205.72000000,4.995
1749267348,5.01200000,113.76000000,4.995
1749267348,5.01300000,226.67000000,4.995
1749267348,5.01400000,1083.12000000,4.995
1749267348,5.01500000,822.27000000,4.995
1749267348,5.01600000,108.83000000,4.995
1749267348,5.01700000,280.27000000,4.995
1749267348,5.01800000,110.17000000,4.995
1749267348,5.01900000,2303.23000000,4.995
1749267348,5.02000000,1910.63000000,4.995
1749267348,5.02100000,658.50000000,4.995
1749267348,5.02200000,217.86000000,4.995
1749267348,5.02300000,179.21000000,4.995
1749267348,5.02400000,158.91000000,4.995
1749267348,5.02500000,107.57000000,4.995
1749267348,5.02600000,2099.47000000,4.995
1749267348,5.02700000,167.96000000,4.995
1749267348,5.02800000,110.02000000,4.995
1749267348,5.02900000,209.09000000,4.995
1749267348,5.03000000,158.90000000,4.995
1749267348,5.03100000,772.87000000,4.995
1749267348,5.03200000,157.38000000,4.995
1749267348,5.03300000,58.48000000,4.995
1749267348,5.03400000,155.36000000,4.995
1749267348,5.03500000,125.89000000,4.995
1749267348,5.03600000,8.30000000,4.995
1749267348,5.03700000,103.39000000,4.995
1749267348,5.03800000,5.53000000,4.995
1749267348,5.03900000,4.02000000,4.995
1749267348,5.04000000,5.53000000,4.995
1749267348,5.04100000,222.64000000,4.995
1749267348,5.04200000,5.53000000,4.995
1749267348,5.04300000,73.96000000,4.995
1749267348,5.04400000,5.52000000,4.995
1749267348,5.04500000,2669.45000000,4.995
1749267348,5.04600000,6.51000000,4.995
1749267348,5.04700000,4.02000000,4.995
1749267348,5.04800000,123.77000000,4.995
1749267348,5.04900000,713.07000000,4.995
1749267348,5.05000000,92.24000000,4.995
1749267348,5.05100000,10.80000000,4.995
1749267348,5.05200000,49.55000000,4.995
1749267348,5.05300000,4.01000000,4.995
1749267348,5.05400000,6.63000000,4.995
1749267348,5.05500000,123.26000000,4.995
1749267348,5.05600000,39.75000000,4.995
1749267348,5.05700000,4.01000000,4.995
1749267348,5.05800000,1154.92000000,4.995
1749267348,5.05900000,4.88000000,4.995
1749267348,5.06000000,3.01000000,4.995
1749267348,5.06100000,3.01000000,4.995
1749267348,5.06200000,139.47000000,4.995
1749267348,5.06300000,3.01000000,4.995
1749267348,5.06400000,3.01000000,4.995
1749267348,5.06500000,2.01000000,4.995
1749267348,5.06600000,84.47000000,4.995
1749267348,5.06700000,2.01000000,4.995
1749267348,5.06800000,2.01000000,4.995
1749267348,5.06900000,121.26000000,4.995
1749267348,5.07000000,2.01000000,4.995
1749267348,5.07100000,2.01000000,4.995
1749267348,5.07300000,60.16000000,4.995
1749267348,5.07400000,16.11000000,4.995
1749267348,5.07600000,120.85000000,4.995
1749267348,5.07700000,8.26000000,4.995
1749267348,5.07800000,16.48000000,4.995
1749267348,5.07900000,84.87000000,4.995
1749267348,5.08000000,155.11000000,4.995
1749267348,5.08100000,3.60000000,4.995
1749267348,5.08600000,4.95000000,4.995
1749267348,5.08800000,35.84000000,4.995
1749267348,5.08900000,1.06000000,4.995
1749267348,5.09000000,18.90000000,4.995
1749267348,5.09100000,5197.40000000,4.995
1749267348,5.09200000,2.62000000,4.995
1749267348,5.09800000,5.47000000,4.995
1749267348,5.10000000,24.95000000,4.995
1749267348,5.10200000,1.97000000,4.995
1749267348,5.10300000,11.56000000,4.995
1749267348,5.10400000,58.76000000,4.995
1749267348,5.10500000,32.60000000,4.995
1749267348,5.10800000,3.13000000,4.995
1749267348,5.11000000,2.62000000,4.995
1749267348,5.11300000,3.60000000,4.995
1749267348,5.11400000,2.56000000,4.995
1749267650,5.00400000,2.00000000,5.004
1749267650,5.00500000,99.56000000,5.004
1749267650,5.00600000,342.60000000,5.004
1749267650,5.00700000,623.60000000,5.004
1749267650,5.00800000,837.81000000,5.004
1749267650,5.00900000,991.74000000,5.004
1749267650,5.01000000,1071.69000000,5.004
1749267650,5.01100000,1358.17000000,5.004
1749267650,5.01200000,1658.03000000,5.004
1749267650,5.01300000,1358.57000000,5.004
1749267650,5.01400000,1116.80000000,5.004
1749267650,5.01500000,1194.13000000,5.004
1749267650,5.01600000,961.47000000,5.004
1749267650,5.01700000,280.27000000,5.004
1749267650,5.01800000,498.66000000,5.004
1749267650,5.01900000,760.04000000,5.004
1749267650,5.02000000,1860.70000000,5.004
1749267650,5.02100000,1263.70000000,5.004
1749267650,5.02200000,111.08000000,5.004
1749267650,5.02300000,179.21000000,5.004
1749267650,5.02400000,158.91000000,5.004
1749267650,5.02500000,1647.91000000,5.004
1749267650,5.02600000,295.12000000,5.004
1749267650,5.02700000,552.06000000,5.004
1749267650,5.02800000,110.02000000,5.004
1749267650,5.02900000,209.09000000,5.004
1749267650,5.03000000,158.90000000,5.004
1749267650,5.03100000,879.65000000,5.004
1749267650,5.03200000,211.38000000,5.004
1749267650,5.03300000,112.48000000,5.004
1749267650,5.03400000,209.36000000,5.004
1749267650,5.03500000,179.89000000,5.004
1749267650,5.03600000,1062.46000000,5.004
1749267650,5.03700000,954.16000000,5.004
1749267650,5.03800000,55.92000000,5.004
1749267650,5.03900000,58.02000000,5.004
1749267650,5.04000000,109.91000000,5.004
1749267650,5.04100000,276.64000000,5.004
1749267650,5.04200000,5.53000000,5.004
1749267650,5.04300000,73.96000000,5.004
1749267650,5.04400000,5.52000000,5.004
1749267650,5.04500000,2669.45000000,5.004
1749267650,5.04600000,6.51000000,5.004
1749267650,5.04700000,4.02000000,5.004
1749267650,5.04800000,123.77000000,5.004
1749267650,5.04900000,713.07000000,5.004
1749267650,5.05000000,92.24000000,5.004
1749267650,5.05100000,10.80000000,5.004
1749267650,5.05200000,49.55000000,5.004
1749267650,5.05300000,4.01000000,5.004
1749267650,5.05400000,6.63000000,5.004
1749267650,5.05500000,123.26000000,5.004
1749267650,5.05600000,39.75000000,5.004
1749267650,5.05700000,4.01000000,5.004
1749267650,5.05800000,154.92000000,5.004
1749267650,5.05900000,4.88000000,5.004
1749267650,5.06000000,3.01000000,5.004
1749267650,5.06100000,3.01000000,5.004
1749267650,5.06200000,139.47000000,5.004
1749267650,5.06300000,3.01000000,5.004
1749267650,5.06400000,3.01000000,5.004
1749267650,5.06500000,2.01000000,5.004
1749267650,5.06600000,32.60000000,5.004
1749267650,5.06700000,1002.01000000,5.004
1749267650,5.06800000,2.01000000,5.004
1749267650,5.06900000,121.26000000,5.004
1749267650,5.07000000,2.01000000,5.004
1749267650,5.07100000,2.01000000,5.004
1749267650,5.07200000,2.01000000,5.004
1749267650,5.07300000,62.17000000,5.004
1749267650,5.07400000,69.92000000,5.004
1749267650,5.07500000,2.01000000,5.004
1749267650,5.07600000,122.86000000,5.004
1749267650,5.07700000,10.27000000,5.004
1749267650,5.07800000,18.48000000,5.004
1749267650,5.07900000,86.87000000,5.004
1749267650,5.08000000,155.11000000,5.004
1749267650,5.08100000,3.60000000,5.004
1749267650,5.08600000,4.95000000,5.004
1749267650,5.08800000,35.84000000,5.004
1749267650,5.08900000,1.06000000,5.004
1749267650,5.09000000,18.90000000,5.004
1749267650,5.09100000,5197.40000000,5.004
1749267650,5.09200000,2.62000000,5.004
1749267650,5.09800000,5.47000000,5.004
1749267650,5.10000000,24.95000000,5.004
1749267650,5.10200000,1.97000000,5.004
1749267650,5.10300000,11.56000000,5.004
1749267650,5.10400000,58.76000000,5.004
1749267650,5.10500000,32.60000000,5.004
1749267650,5.10800000,3.13000000,5.004
1749267650,5.11000000,2.62000000,5.004
1749267650,5.11300000,3.60000000,5.004
1749267650,5.11400000,2.56000000,5.004
1749267650,5.11500000,15.35000000,5.004
1749267650,5.11700000,12.98000000,5.004
1749267650,5.11800000,211.38000000,5.004
1749267650,5.11900000,20.84000000,5.004
1749267650,5.12000000,9.99000000,5.004
1749267650,5.12100000,9.69000000,5.004
1749267951,5.00200000,68.42000000,5.001
1749267951,5.00300000,153.87000000,5.001
1749267951,5.00400000,381.37000000,5.001
1749267951,5.00500000,268.93000000,5.001
1749267951,5.00600000,277.66000000,5.001
1749267951,5.00700000,723.50000000,5.001
1749267951,5.00800000,1229.55000000,5.001
1749267951,5.00900000,381.83000000,5.001
1749267951,5.01000000,665.88000000,5.001
1749267951,5.01100000,612.48000000,5.001
1749267951,5.01200000,896.14000000,5.001
1749267951,5.01300000,2157.10000000,5.001
1749267951,5.01400000,2424.64000000,5.001
1749267951,5.01500000,849.55000000,5.001
1749267951,5.01600000,151.96000000,5.001
1749267951,5.01700000,280.27000000,5.001
1749267951,5.01800000,607.47000000,5.001
1749267951,5.01900000,760.04000000,5.001
1749267951,5.02000000,2249.02000000,5.001
1749267951,5.02100000,1207.37000000,5.001
1749267951,5.02200000,111.08000000,5.001
1749267951,5.02300000,179.21000000,5.001
1749267951,5.02400000,158.91000000,5.001
1749267951,5.02500000,1647.63000000,5.001
1749267951,5.02600000,230.39000000,5.001
1749267951,5.02700000,552.06000000,5.001
1749267951,5.02800000,110.02000000,5.001
1749267951,5.02900000,209.09000000,5.001
