timestamp,price,volume,current_price
1749254528,0.50100000,13238.28000000,0.5
1749254528,0.50200000,64038.29000000,0.5
1749254528,0.50300000,37141.81000000,0.5
1749254528,0.50400000,27878.77000000,0.5
1749254528,0.50500000,21002.38000000,0.5
1749254528,0.50600000,26518.25000000,0.5
1749254528,0.50700000,12189.81000000,0.5
1749254528,0.50800000,7141.60000000,0.5
1749254528,0.50900000,8945.23000000,0.5
1749254528,0.51000000,9375.36000000,0.5
1749254528,0.51100000,2310.41000000,0.5
1749254528,0.51200000,1869.70000000,0.5
1749254528,0.51300000,2073.62000000,0.5
1749254528,0.51400000,8246.55000000,0.5
1749254528,0.51500000,7577.47000000,0.5
1749254528,0.51600000,1538.71000000,0.5
1749254528,0.51700000,3967.91000000,0.5
1749254528,0.51800000,72.53000000,0.5
1749254528,0.51900000,13834.90000000,0.5
1749254528,0.52000000,17626.03000000,0.5
1749254528,0.52100000,1265.81000000,0.5
1749254528,0.52200000,1116.81000000,0.5
1749254528,0.52300000,81.53000000,0.5
1749254528,0.52400000,10146.43000000,0.5
1749254528,0.52500000,1477.70000000,0.5
1749254528,0.52600000,586.86000000,0.5
1749254528,0.52700000,1107.06000000,0.5
1749254528,0.52800000,1743.90000000,0.5
1749254528,0.52900000,52.03000000,0.5
1749254528,0.53000000,2909.86000000,0.5
1749254528,0.53100000,94.56000000,0.5
1749254528,0.53200000,1191.54000000,0.5
1749254528,0.53300000,1037.55000000,0.5
1749254528,0.53400000,1100.82000000,0.5
1749254528,0.53500000,56.69000000,0.5
1749254528,0.53600000,1694.09000000,0.5
1749254528,0.53700000,135.07000000,0.5
1749254528,0.53800000,392.36000000,0.5
1749254528,0.53900000,210.88000000,0.5
1749254528,0.54000000,830.02000000,0.5
1749254528,0.54100000,545.31000000,0.5
1749254528,0.54200000,33.72000000,0.5
1749254528,0.54300000,30.28000000,0.5
1749254528,0.54400000,397.19000000,0.5
1749254528,0.54500000,34.72000000,0.5
1749254528,0.54600000,51.72000000,0.5
1749254528,0.54700000,246.97000000,0.5
1749254528,0.54800000,38.60000000,0.5
1749254528,0.54900000,207.16000000,0.5
1749254528,0.55000000,7764.30000000,0.5
1749254528,0.55100000,155.33000000,0.5
1749254528,0.55200000,93.19000000,0.5
1749254528,0.55300000,9.92000000,0.5
1749254528,0.55400000,24.94000000,0.5
1749254528,0.55500000,2218.33000000,0.5
1749254528,0.55600000,10.29000000,0.5
1749254528,0.55700000,64.04000000,0.5
1749254528,0.55800000,105.76000000,0.5
1749254528,0.55900000,11.97000000,0.5
1749254528,0.56000000,1186.35000000,0.5
1749254528,0.56100000,158.36000000,0.5
1749254528,0.56200000,679.29000000,0.5
1749254528,0.56300000,89.42000000,0.5
1749254528,0.56400000,363.99000000,0.5
1749254528,0.56500000,399.16000000,0.5
1749254528,0.56600000,61.60000000,0.5
1749254528,0.56700000,32.10000000,0.5
1749254528,0.56800000,104.85000000,0.5
1749254528,0.56900000,38.64000000,0.5
1749254528,0.57000000,10.64000000,0.5
1749254528,0.57100000,739.00000000,0.5
1749254528,0.57200000,14.79000000,0.5
1749254528,0.57300000,13.79000000,0.5
1749254528,0.57400000,86.63000000,0.5
1749254528,0.57500000,583.50000000,0.5
1749254528,0.57600000,41.37000000,0.5
1749254528,0.57700000,1213.40000000,0.5
1749254528,0.57800000,1872.16000000,0.5
1749254528,0.57900000,233.70000000,0.5
1749254528,0.58000000,1486.31000000,0.5
1749254528,0.58100000,40.21000000,0.5
1749254528,0.58200000,247.75000000,0.5
1749254528,0.58300000,7442.27000000,0.5
1749254528,0.58500000,69.18000000,0.5
1749254528,0.58600000,58.03000000,0.5
1749254528,0.58800000,16180.43000000,0.5
1749254528,0.58900000,825.99000000,0.5
1749254528,0.59000000,14.79000000,0.5
1749254528,0.59100000,234.00000000,0.5
1749254528,0.59200000,37.69000000,0.5
1749254528,0.59300000,170.79000000,0.5
1749254528,0.59500000,875.09000000,0.5
1749254528,0.59600000,443.43000000,0.5
1749254528,0.59700000,8.59000000,0.5
1749254528,0.59800000,777.01000000,0.5
1749254528,0.59900000,661.38000000,0.5
1749254528,0.60000000,2547.62000000,0.5
1749254528,0.60100000,46.04000000,0.5
1749254528,0.60200000,178.47000000,0.5
1749254528,0.60300000,37.77000000,0.5
1749254833,0.50100000,15953.49000000,0.5
1749254833,0.50200000,67575.18000000,0.5
1749254833,0.50300000,41655.08000000,0.5
1749254833,0.50400000,27499.21000000,0.5
1749254833,0.50500000,22287.57000000,0.5
1749254833,0.50600000,25472.29000000,0.5
1749254833,0.50700000,12139.86000000,0.5
1749254833,0.50800000,7091.65000000,0.5
1749254833,0.50900000,8895.28000000,0.5
1749254833,0.51000000,3247.83000000,0.5
1749254833,0.51100000,2260.46000000,0.5
1749254833,0.51200000,1869.70000000,0.5
1749254833,0.51300000,1076.62000000,0.5
1749254833,0.51400000,8246.55000000,0.5
1749254833,0.51500000,7577.47000000,0.5
1749254833,0.51600000,1538.71000000,0.5
1749254833,0.51700000,3967.91000000,0.5
1749254833,0.51800000,72.53000000,0.5
1749254833,0.51900000,13834.90000000,0.5
1749254833,0.52000000,17626.03000000,0.5
1749254833,0.52100000,1265.81000000,0.5
1749254833,0.52200000,1116.81000000,0.5
1749254833,0.52300000,81.53000000,0.5
1749254833,0.52400000,10146.43000000,0.5
1749254833,0.52500000,1477.70000000,0.5
1749254833,0.52600000,586.86000000,0.5
1749254833,0.52700000,1107.06000000,0.5
1749254833,0.52800000,1743.90000000,0.5
1749254833,0.52900000,52.03000000,0.5
1749254833,0.53000000,2909.86000000,0.5
1749254833,0.53100000,94.56000000,0.5
1749254833,0.53200000,1191.54000000,0.5
1749254833,0.53300000,1037.55000000,0.5
1749254833,0.53400000,1100.82000000,0.5
1749254833,0.53500000,56.69000000,0.5
1749254833,0.53600000,704.09000000,0.5
1749254833,0.53700000,135.07000000,0.5
1749254833,0.53800000,392.36000000,0.5
1749254833,0.53900000,210.88000000,0.5
1749254833,0.54000000,830.02000000,0.5
1749254833,0.54100000,545.31000000,0.5
1749254833,0.54200000,33.72000000,0.5
1749254833,0.54300000,30.28000000,0.5
1749254833,0.54400000,397.19000000,0.5
1749254833,0.54500000,34.72000000,0.5
1749254833,0.54600000,51.72000000,0.5
1749254833,0.54700000,246.97000000,0.5
1749254833,0.54800000,38.60000000,0.5
1749254833,0.54900000,207.16000000,0.5
1749254833,0.55000000,7764.30000000,0.5
1749254833,0.55100000,155.33000000,0.5
1749254833,0.55200000,93.23000000,0.5
1749254833,0.55300000,9.92000000,0.5
1749254833,0.55400000,24.94000000,0.5
1749254833,0.55500000,2218.33000000,0.5
1749254833,0.55600000,10.29000000,0.5
1749254833,0.55700000,64.04000000,0.5
1749254833,0.55800000,105.76000000,0.5
1749254833,0.55900000,11.97000000,0.5
1749254833,0.56000000,1186.35000000,0.5
1749254833,0.56100000,158.36000000,0.5
1749254833,0.56200000,679.29000000,0.5
1749254833,0.56300000,89.42000000,0.5
1749254833,0.56400000,363.99000000,0.5
1749254833,0.56500000,399.16000000,0.5
1749254833,0.56600000,61.60000000,0.5
1749254833,0.56700000,32.10000000,0.5
1749254833,0.56800000,104.85000000,0.5
1749254833,0.56900000,38.64000000,0.5
1749254833,0.57000000,10.64000000,0.5
1749254833,0.57100000,739.00000000,0.5
1749254833,0.57200000,14.79000000,0.5
1749254833,0.57300000,13.79000000,0.5
1749254833,0.57400000,86.63000000,0.5
1749254833,0.57500000,583.50000000,0.5
1749254833,0.57600000,41.37000000,0.5
1749254833,0.57700000,1213.40000000,0.5
1749254833,0.57800000,1872.16000000,0.5
1749254833,0.57900000,233.70000000,0.5
1749254833,0.58000000,1486.31000000,0.5
1749254833,0.58100000,40.21000000,0.5
1749254833,0.58200000,247.75000000,0.5
1749254833,0.58300000,7442.27000000,0.5
1749254833,0.58500000,69.18000000,0.5
1749254833,0.58600000,58.03000000,0.5
1749254833,0.58800000,16180.43000000,0.5
1749254833,0.58900000,825.99000000,0.5
1749254833,0.59000000,14.79000000,0.5
1749254833,0.59100000,234.00000000,0.5
1749254833,0.59200000,37.69000000,0.5
1749254833,0.59300000,170.79000000,0.5
1749254833,0.59500000,875.09000000,0.5
1749254833,0.59600000,443.43000000,0.5
1749254833,0.59700000,8.59000000,0.5
1749254833,0.59800000,777.01000000,0.5
1749254833,0.59900000,661.38000000,0.5
1749254833,0.60000000,2547.62000000,0.5
1749254833,0.60100000,46.04000000,0.5
1749254833,0.60200000,178.47000000,0.5
1749254833,0.60300000,37.77000000,0.5
