timestamp,price,volume,current_price
1749260708,0.50700000,30382.28000000,0.506
1749260708,0.50800000,79571.03000000,0.506
1749260708,0.50900000,38619.89000000,0.506
1749260708,0.51000000,26451.81000000,0.506
1749260708,0.51100000,21017.35000000,0.506
1749260708,0.51200000,22082.00000000,0.506
1749260708,0.51300000,13968.29000000,0.506
1749260708,0.51400000,7010.00000000,0.506
1749260708,0.51500000,10420.09000000,0.506
1749260708,0.51600000,11072.49000000,0.506
1749260708,0.51700000,3262.68000000,0.506
1749260708,0.51800000,3254.19000000,0.506
1749260708,0.51900000,3208.59000000,0.506
1749260708,0.52000000,11613.48000000,0.506
1749260708,0.52100000,8122.13000000,0.506
1749260708,0.52200000,1065.09000000,0.506
1749260708,0.52300000,7922.49000000,0.506
1749260708,0.52400000,8301.83000000,0.506
1749260708,0.52500000,1948.47000000,0.506
1749260708,0.52600000,1103.57000000,0.506
1749260708,0.52700000,5051.28000000,0.506
1749260708,0.52800000,2628.18000000,0.506
1749260708,0.52900000,7179.28000000,0.506
1749260708,0.53000000,105.13000000,0.506
1749260708,0.53100000,109.26000000,0.506
1749260708,0.53200000,1209.21000000,0.506
1749260708,0.53300000,19.93000000,0.506
1749260708,0.53400000,5638.64000000,0.506
1749260708,0.53500000,94.66000000,0.506
1749260708,0.53600000,704.09000000,0.506
1749260708,0.53700000,135.07000000,0.506
1749260708,0.53800000,862.84000000,0.506
1749260708,0.53900000,210.88000000,0.506
1749260708,0.54000000,830.02000000,0.506
1749260708,0.54100000,545.31000000,0.506
1749260708,0.54200000,33.72000000,0.506
1749260708,0.54300000,3741.32000000,0.506
1749260708,0.54400000,397.19000000,0.506
1749260708,0.54500000,34.72000000,0.506
1749260708,0.54600000,51.72000000,0.506
1749260708,0.54700000,234.29000000,0.506
1749260708,0.54800000,38.60000000,0.506
1749260708,0.54900000,207.16000000,0.506
1749260708,0.55000000,7764.30000000,0.506
1749260708,0.55100000,155.37000000,0.506
1749260708,0.55200000,93.19000000,0.506
1749260708,0.55300000,29.89000000,0.506
1749260708,0.55400000,44.87000000,0.506
1749260708,0.55500000,2238.22000000,0.506
1749260708,0.55600000,30.15000000,0.506
1749260708,0.55700000,83.86000000,0.506
1749260708,0.55800000,102.45000000,0.506
1749260708,0.55900000,11.97000000,0.506
1749260708,0.56000000,1186.35000000,0.506
1749260708,0.56100000,158.36000000,0.506
1749260708,0.56200000,679.29000000,0.506
1749260708,0.56300000,89.42000000,0.506
1749260708,0.56400000,363.99000000,0.506
1749260708,0.56500000,422.25000000,0.506
1749260708,0.56600000,61.60000000,0.506
1749260708,0.56700000,32.10000000,0.506
1749260708,0.56800000,104.85000000,0.506
1749260708,0.56900000,38.64000000,0.506
1749260708,0.57000000,10.64000000,0.506
1749260708,0.57100000,739.00000000,0.506
1749260708,0.57200000,14.79000000,0.506
1749260708,0.57300000,13.79000000,0.506
1749260708,0.57400000,86.63000000,0.506
1749260708,0.57500000,583.50000000,0.506
1749260708,0.57600000,41.37000000,0.506
1749260708,0.57700000,1213.40000000,0.506
1749260708,0.57800000,1872.16000000,0.506
1749260708,0.57900000,233.70000000,0.506
1749260708,0.58000000,1486.31000000,0.506
1749260708,0.58100000,40.21000000,0.506
1749260708,0.58200000,247.75000000,0.506
1749260708,0.58300000,28.39000000,0.506
1749260708,0.58500000,69.18000000,0.506
1749260708,0.58600000,58.03000000,0.506
1749260708,0.58800000,16180.43000000,0.506
1749260708,0.58900000,825.99000000,0.506
1749260708,0.59000000,14.79000000,0.506
1749260708,0.59100000,234.00000000,0.506
1749260708,0.59200000,37.69000000,0.506
1749260708,0.59300000,170.79000000,0.506
1749260708,0.59500000,875.09000000,0.506
1749260708,0.59600000,443.43000000,0.506
1749260708,0.59700000,8.59000000,0.506
1749260708,0.59800000,777.01000000,0.506
1749260708,0.59900000,661.38000000,0.506
1749260708,0.60000000,2511.83000000,0.506
1749260708,0.60100000,46.04000000,0.506
1749260708,0.60200000,178.47000000,0.506
1749260708,0.60300000,37.77000000,0.506
1749260708,0.60400000,25.82000000,0.506
1749260708,0.60500000,885.93000000,0.506
1749260708,0.60600000,457.94000000,0.506
1749260708,0.60700000,803.87000000,0.506
1749260708,0.60800000,243.77000000,0.506
1749260708,0.60900000,1024.71000000,0.506
1749261028,0.50800000,26100.53000000,0.507
1749261028,0.50900000,80579.48000000,0.507
1749261028,0.51000000,49127.52000000,0.507
1749261028,0.51100000,26550.27000000,0.507
1749261028,0.51200000,20803.21000000,0.507
1749261028,0.51300000,14865.45000000,0.507
1749261028,0.51400000,12732.43000000,0.507
1749261028,0.51500000,8745.07000000,0.507
1749261028,0.51600000,8529.88000000,0.507
1749261028,0.51700000,4673.79000000,0.507
1749261028,0.51800000,6280.00000000,0.507
1749261028,0.51900000,3208.59000000,0.507
1749261028,0.52000000,10257.48000000,0.507
1749261028,0.52100000,7486.00000000,0.507
1749261028,0.52200000,1065.09000000,0.507
1749261028,0.52300000,9912.34000000,0.507
1749261028,0.52400000,1189.33000000,0.507
1749261028,0.52500000,1948.47000000,0.507
1749261028,0.52600000,1103.57000000,0.507
1749261028,0.52700000,12163.78000000,0.507
1749261028,0.52800000,1758.68000000,0.507
1749261028,0.52900000,1056.78000000,0.507
1749261028,0.53000000,2954.63000000,0.507
1749261028,0.53100000,109.26000000,0.507
1749261028,0.53200000,8321.71000000,0.507
1749261028,0.53300000,19.93000000,0.507
1749261028,0.53400000,3809.18000000,0.507
1749261028,0.53500000,94.66000000,0.507
1749261028,0.53600000,2533.55000000,0.507
1749261028,0.53700000,135.07000000,0.507
1749261028,0.53800000,862.84000000,0.507
1749261028,0.53900000,210.88000000,0.507
1749261028,0.54000000,830.02000000,0.507
1749261028,0.54100000,545.31000000,0.507
1749261028,0.54200000,33.72000000,0.507
1749261028,0.54300000,3741.32000000,0.507
1749261028,0.54400000,397.19000000,0.507
1749261028,0.54500000,34.72000000,0.507
1749261028,0.54600000,51.72000000,0.507
1749261028,0.54700000,234.29000000,0.507
1749261028,0.54800000,38.60000000,0.507
1749261028,0.54900000,207.16000000,0.507
1749261028,0.55000000,7764.30000000,0.507
1749261028,0.55100000,155.37000000,0.507
1749261028,0.55200000,93.19000000,0.507
1749261028,0.55300000,29.89000000,0.507
1749261028,0.55400000,44.87000000,0.507
1749261028,0.55500000,2238.22000000,0.507
1749261028,0.55600000,30.15000000,0.507
1749261028,0.55700000,83.86000000,0.507
1749261028,0.55800000,102.45000000,0.507
1749261028,0.55900000,31.71000000,0.507
1749261028,0.56000000,1186.35000000,0.507
1749261028,0.56100000,158.36000000,0.507
1749261028,0.56200000,679.29000000,0.507
1749261028,0.56300000,89.42000000,0.507
1749261028,0.56400000,363.99000000,0.507
1749261028,0.56500000,422.25000000,0.507
1749261028,0.56600000,61.60000000,0.507
1749261028,0.56700000,32.10000000,0.507
1749261028,0.56800000,104.85000000,0.507
1749261028,0.56900000,38.64000000,0.507
1749261028,0.57000000,10.64000000,0.507
1749261028,0.57100000,739.00000000,0.507
1749261028,0.57200000,14.79000000,0.507
1749261028,0.57300000,13.79000000,0.507
1749261028,0.57400000,86.63000000,0.507
1749261028,0.57500000,583.50000000,0.507
1749261028,0.57600000,41.37000000,0.507
1749261028,0.57700000,1213.40000000,0.507
1749261028,0.57800000,1872.16000000,0.507
1749261028,0.57900000,233.70000000,0.507
1749261028,0.58000000,1486.31000000,0.507
1749261028,0.58100000,40.21000000,0.507
1749261028,0.58200000,247.75000000,0.507
1749261028,0.58300000,28.39000000,0.507
1749261028,0.58500000,69.18000000,0.507
1749261028,0.58600000,58.03000000,0.507
1749261028,0.58800000,16180.43000000,0.507
1749261028,0.58900000,825.99000000,0.507
1749261028,0.59000000,14.79000000,0.507
1749261028,0.59100000,234.00000000,0.507
1749261028,0.59200000,37.69000000,0.507
1749261028,0.59300000,170.79000000,0.507
1749261028,0.59500000,875.09000000,0.507
1749261028,0.59600000,443.43000000,0.507
1749261028,0.59700000,8.59000000,0.507
1749261028,0.59800000,777.01000000,0.507
1749261028,0.59900000,661.38000000,0.507
1749261028,0.60000000,2511.83000000,0.507
1749261028,0.60100000,46.04000000,0.507
1749261028,0.60200000,178.47000000,0.507
1749261028,0.60300000,37.77000000,0.507
1749261028,0.60400000,25.82000000,0.507
1749261028,0.60500000,885.93000000,0.507
1749261028,0.60600000,457.94000000,0.507
1749261028,0.60700000,803.87000000,0.507
1749261028,0.60800000,243.77000000,0.507
1749261028,0.60900000,1024.71000000,0.507
1749261028,0.61000000,879.97000000,0.507
1749261338,0.50800000,13473.59000000,0.507
1749261338,0.50900000,62852.02000000,0.507
1749261338,0.51000000,44831.13000000,0.507
1749261338,0.51100000,30383.65000000,0.507
1749261338,0.51200000,20040.67000000,0.507
1749261338,0.51300000,16528.04000000,0.507
1749261338,0.51400000,14689.55000000,0.507
1749261338,0.51500000,9429.00000000,0.507
1749261338,0.51600000,10827.50000000,0.507
1749261338,0.51700000,4247.90000000,0.507
1749261338,0.51800000,4239.41000000,0.507
1749261338,0.51900000,2441.45000000,0.507
1749261338,0.52000000,4495.85000000,0.507
1749261338,0.52100000,12946.62000000,0.507
1749261338,0.52200000,1065.09000000,0.507
1749261338,0.52300000,4080.98000000,0.507
1749261338,0.52400000,1189.33000000,0.507
1749261338,0.52500000,8836.07000000,0.507
1749261338,0.52600000,1103.57000000,0.507
1749261338,0.52700000,13149.00000000,0.507
1749261338,0.52800000,1758.68000000,0.507
1749261338,0.52900000,1056.78000000,0.507
1749261338,0.53000000,2954.63000000,0.507
1749261338,0.53100000,109.26000000,0.507
1749261338,0.53200000,7833.56000000,0.507
1749261338,0.53300000,19.93000000,0.507
1749261338,0.53400000,4297.33000000,0.507
1749261338,0.53500000,94.66000000,0.507
1749261338,0.53600000,2533.55000000,0.507
1749261338,0.53700000,135.07000000,0.507
1749261338,0.53800000,862.84000000,0.507
1749261338,0.53900000,210.88000000,0.507
1749261338,0.54000000,830.02000000,0.507
1749261338,0.54100000,545.31000000,0.507
1749261338,0.54200000,33.72000000,0.507
1749261338,0.54300000,3741.32000000,0.507
1749261338,0.54400000,397.19000000,0.507
1749261338,0.54500000,34.72000000,0.507
1749261338,0.54600000,51.72000000,0.507
1749261338,0.54700000,234.29000000,0.507
1749261338,0.54800000,38.60000000,0.507
1749261338,0.54900000,207.16000000,0.507
1749261338,0.55000000,7764.30000000,0.507
1749261338,0.55100000,155.37000000,0.507
1749261338,0.55200000,93.19000000,0.507
1749261338,0.55300000,29.89000000,0.507
1749261338,0.55400000,44.87000000,0.507
1749261338,0.55500000,2238.22000000,0.507
1749261338,0.55600000,30.15000000,0.507
1749261338,0.55700000,83.86000000,0.507
1749261338,0.55800000,102.45000000,0.507
1749261338,0.55900000,31.71000000,0.507
1749261338,0.56000000,1186.35000000,0.507
1749261338,0.56100000,158.36000000,0.507
1749261338,0.56200000,679.29000000,0.507
1749261338,0.56300000,89.42000000,0.507
1749261338,0.56400000,363.99000000,0.507
1749261338,0.56500000,422.25000000,0.507
1749261338,0.56600000,61.60000000,0.507
1749261338,0.56700000,32.10000000,0.507
1749261338,0.56800000,104.85000000,0.507
1749261338,0.56900000,38.64000000,0.507
1749261338,0.57000000,10.64000000,0.507
1749261338,0.57100000,739.00000000,0.507
1749261338,0.57200000,14.79000000,0.507
1749261338,0.57300000,13.79000000,0.507
1749261338,0.57400000,86.63000000,0.507
1749261338,0.57500000,583.50000000,0.507
1749261338,0.57600000,41.37000000,0.507
1749261338,0.57700000,1213.40000000,0.507
1749261338,0.57800000,1872.16000000,0.507
1749261338,0.57900000,233.70000000,0.507
1749261338,0.58000000,1486.31000000,0.507
1749261338,0.58100000,40.21000000,0.507
1749261338,0.58200000,247.75000000,0.507
1749261338,0.58300000,28.39000000,0.507
1749261338,0.58500000,69.18000000,0.507
1749261338,0.58600000,58.03000000,0.507
1749261338,0.58800000,16180.43000000,0.507
1749261338,0.58900000,825.99000000,0.507
1749261338,0.59000000,14.79000000,0.507
1749261338,0.59100000,234.00000000,0.507
1749261338,0.59200000,37.69000000,0.507
1749261338,0.59300000,170.79000000,0.507
1749261338,0.59500000,875.09000000,0.507
1749261338,0.59600000,443.43000000,0.507
1749261338,0.59700000,8.59000000,0.507
1749261338,0.59800000,777.01000000,0.507
1749261338,0.59900000,661.38000000,0.507
1749261338,0.60000000,2511.83000000,0.507
1749261338,0.60100000,46.04000000,0.507
1749261338,0.60200000,178.47000000,0.507
1749261338,0.60300000,37.77000000,0.507
1749261338,0.60400000,25.82000000,0.507
1749261338,0.60500000,885.93000000,0.507
1749261338,0.60600000,457.94000000,0.507
1749261338,0.60700000,803.87000000,0.507
1749261338,0.60800000,243.77000000,0.507
1749261338,0.60900000,1024.71000000,0.507
1749261338,0.61000000,879.97000000,0.507
1749261640,0.50800000,7372.85000000,0.507
1749261640,0.50900000,48654.66000000,0.507
1749261640,0.51000000,51589.67000000,0.507
1749261640,0.51100000,27146.29000000,0.507
1749261640,0.51200000,18344.70000000,0.507
1749261640,0.51300000,16528.04000000,0.507
1749261640,0.51400000,14689.55000000,0.507
1749261640,0.51500000,9429.00000000,0.507
1749261640,0.51600000,9274.00000000,0.507
1749261640,0.51700000,4247.90000000,0.507
1749261640,0.51800000,6279.52000000,0.507
1749261640,0.51900000,2441.45000000,0.507
1749261640,0.52000000,4495.85000000,0.507
1749261640,0.52100000,12948.26000000,0.507
1749261640,0.52200000,1065.09000000,0.507
1749261640,0.52300000,4080.98000000,0.507
1749261640,0.52400000,1189.33000000,0.507
1749261640,0.52500000,8395.63000000,0.507
1749261640,0.52600000,1103.57000000,0.507
1749261640,0.52700000,13589.44000000,0.507
1749261640,0.52800000,1758.68000000,0.507
1749261640,0.52900000,1056.78000000,0.507
1749261640,0.53000000,2954.63000000,0.507
1749261640,0.53100000,109.26000000,0.507
1749261640,0.53200000,7833.56000000,0.507
1749261640,0.53300000,19.93000000,0.507
1749261640,0.53400000,4297.33000000,0.507
1749261640,0.53500000,94.66000000,0.507
1749261640,0.53600000,2533.55000000,0.507
1749261640,0.53700000,135.07000000,0.507
1749261640,0.53800000,862.84000000,0.507
1749261640,0.53900000,210.88000000,0.507
1749261640,0.54000000,830.02000000,0.507
1749261640,0.54100000,545.31000000,0.507
1749261640,0.54200000,33.72000000,0.507
1749261640,0.54300000,3741.32000000,0.507
1749261640,0.54400000,397.19000000,0.507
1749261640,0.54500000,34.72000000,0.507
1749261640,0.54600000,51.72000000,0.507
1749261640,0.54700000,234.29000000,0.507
1749261640,0.54800000,38.60000000,0.507
1749261640,0.54900000,207.16000000,0.507
1749261640,0.55000000,7764.30000000,0.507
1749261640,0.55100000,155.37000000,0.507
1749261640,0.55200000,93.19000000,0.507
1749261640,0.55300000,29.89000000,0.507
1749261640,0.55400000,44.87000000,0.507
1749261640,0.55500000,2238.22000000,0.507
1749261640,0.55600000,30.15000000,0.507
1749261640,0.55700000,83.86000000,0.507
1749261640,0.55800000,102.45000000,0.507
1749261640,0.55900000,31.71000000,0.507
1749261640,0.56000000,1186.35000000,0.507
1749261640,0.56100000,158.36000000,0.507
1749261640,0.56200000,679.29000000,0.507
1749261640,0.56300000,89.42000000,0.507
1749261640,0.56400000,363.99000000,0.507
1749261640,0.56500000,422.25000000,0.507
1749261640,0.56600000,61.60000000,0.507
1749261640,0.56700000,32.10000000,0.507
1749261640,0.56800000,104.85000000,0.507
1749261640,0.56900000,38.64000000,0.507
1749261640,0.57000000,10.64000000,0.507
1749261640,0.57100000,739.00000000,0.507
1749261640,0.57200000,14.79000000,0.507
1749261640,0.57300000,13.79000000,0.507
1749261640,0.57400000,86.63000000,0.507
1749261640,0.57500000,583.50000000,0.507
1749261640,0.57600000,41.37000000,0.507
1749261640,0.57700000,1213.40000000,0.507
1749261640,0.57800000,1872.16000000,0.507
1749261640,0.57900000,233.70000000,0.507
1749261640,0.58000000,1486.31000000,0.507
1749261640,0.58100000,40.21000000,0.507
1749261640,0.58200000,247.75000000,0.507
1749261640,0.58300000,28.39000000,0.507
1749261640,0.58500000,69.18000000,0.507
1749261640,0.58600000,58.03000000,0.507
1749261640,0.58800000,16180.43000000,0.507
1749261640,0.58900000,825.99000000,0.507
1749261640,0.59000000,14.79000000,0.507
1749261640,0.59100000,234.00000000,0.507
1749261640,0.59200000,37.69000000,0.507
1749261640,0.59300000,170.79000000,0.507
1749261640,0.59500000,875.09000000,0.507
1749261640,0.59600000,443.43000000,0.507
1749261640,0.59700000,8.59000000,0.507
1749261640,0.59800000,777.01000000,0.507
1749261640,0.59900000,661.38000000,0.507
1749261640,0.60000000,2511.83000000,0.507
1749261640,0.60100000,46.04000000,0.507
1749261640,0.60200000,178.47000000,0.507
1749261640,0.60300000,37.77000000,0.507
1749261640,0.60400000,25.82000000,0.507
1749261640,0.60500000,885.93000000,0.507
1749261640,0.60600000,457.94000000,0.507
1749261640,0.60700000,803.87000000,0.507
1749261640,0.60800000,243.77000000,0.507
1749261640,0.60900000,1024.71000000,0.507
1749261640,0.61000000,879.97000000,0.507
1749261947,0.50800000,19913.23000000,0.507
1749261947,0.50900000,60868.20000000,0.507
1749261947,0.51000000,39809.86000000,0.507
1749261947,0.51100000,27918.48000000,0.507
1749261947,0.51200000,20043.67000000,0.507
1749261947,0.51300000,16922.12000000,0.507
1749261947,0.51400000,14688.84000000,0.507
1749261947,0.51500000,9429.00000000,0.507
1749261947,0.51600000,10827.50000000,0.507
1749261947,0.51700000,4247.90000000,0.507
1749261947,0.51800000,4732.02000000,0.507
1749261947,0.51900000,2441.45000000,0.507
1749261947,0.52000000,4495.85000000,0.507
1749261947,0.52100000,12948.26000000,0.507
1749261947,0.52200000,1065.09000000,0.507
1749261947,0.52300000,4080.98000000,0.507
1749261947,0.52400000,1189.33000000,0.507
1749261947,0.52500000,8836.07000000,0.507
1749261947,0.52600000,1103.57000000,0.507
1749261947,0.52700000,13149.00000000,0.507
1749261947,0.52800000,1758.68000000,0.507
1749261947,0.52900000,1056.78000000,0.507
1749261947,0.53000000,2954.63000000,0.507
1749261947,0.53100000,109.26000000,0.507
1749261947,0.53200000,7833.56000000,0.507
1749261947,0.53300000,19.93000000,0.507
1749261947,0.53400000,4297.33000000,0.507
1749261947,0.53500000,94.66000000,0.507
1749261947,0.53600000,2533.55000000,0.507
1749261947,0.53700000,135.07000000,0.507
1749261947,0.53800000,862.84000000,0.507
1749261947,0.53900000,210.88000000,0.507
1749261947,0.54000000,830.02000000,0.507
1749261947,0.54100000,545.31000000,0.507
1749261947,0.54200000,33.72000000,0.507
1749261947,0.54300000,3741.32000000,0.507
1749261947,0.54400000,397.19000000,0.507
1749261947,0.54500000,34.72000000,0.507
1749261947,0.54600000,51.72000000,0.507
1749261947,0.54700000,234.29000000,0.507
1749261947,0.54800000,38.60000000,0.507
1749261947,0.54900000,207.16000000,0.507
1749261947,0.55000000,7764.30000000,0.507
1749261947,0.55100000,155.37000000,0.507
1749261947,0.55200000,93.19000000,0.507
1749261947,0.55300000,29.89000000,0.507
1749261947,0.55400000,44.87000000,0.507
1749261947,0.55500000,2238.22000000,0.507
1749261947,0.55600000,30.15000000,0.507
1749261947,0.55700000,83.86000000,0.507
1749261947,0.55800000,102.45000000,0.507
1749261947,0.55900000,31.71000000,0.507
1749261947,0.56000000,1186.35000000,0.507
1749261947,0.56100000,158.36000000,0.507
1749261947,0.56200000,679.29000000,0.507
1749261947,0.56300000,89.42000000,0.507
1749261947,0.56400000,363.99000000,0.507
1749261947,0.56500000,422.25000000,0.507
1749261947,0.56600000,61.60000000,0.507
1749261947,0.56700000,32.10000000,0.507
1749261947,0.56800000,104.85000000,0.507
1749261947,0.56900000,38.64000000,0.507
1749261947,0.57000000,10.64000000,0.507
1749261947,0.57100000,739.00000000,0.507
1749261947,0.57200000,14.79000000,0.507
1749261947,0.57300000,13.79000000,0.507
1749261947,0.57400000,86.63000000,0.507
1749261947,0.57500000,583.50000000,0.507
1749261947,0.57600000,41.37000000,0.507
1749261947,0.57700000,1213.40000000,0.507
1749261947,0.57800000,1872.16000000,0.507
1749261947,0.57900000,233.70000000,0.507
1749261947,0.58000000,1486.31000000,0.507
1749261947,0.58100000,40.21000000,0.507
1749261947,0.58200000,247.75000000,0.507
1749261947,0.58300000,28.39000000,0.507
1749261947,0.58500000,69.18000000,0.507
1749261947,0.58600000,58.03000000,0.507
1749261947,0.58800000,16180.43000000,0.507
1749261947,0.58900000,825.99000000,0.507
1749261947,0.59000000,14.79000000,0.507
1749261947,0.59100000,234.00000000,0.507
1749261947,0.59200000,37.69000000,0.507
1749261947,0.59300000,170.79000000,0.507
1749261947,0.59500000,875.09000000,0.507
1749261947,0.59600000,443.43000000,0.507
1749261947,0.59700000,8.59000000,0.507
1749261947,0.59800000,777.01000000,0.507
1749261947,0.59900000,661.38000000,0.507
1749261947,0.60000000,2511.83000000,0.507
1749261947,0.60100000,46.04000000,0.507
1749261947,0.60200000,178.47000000,0.507
1749261947,0.60300000,37.77000000,0.507
1749261947,0.60400000,25.82000000,0.507
1749261947,0.60500000,885.93000000,0.507
1749261947,0.60600000,457.94000000,0.507
1749261947,0.60700000,803.87000000,0.507
1749261947,0.60800000,243.77000000,0.507
1749261947,0.60900000,1024.71000000,0.507
1749261947,0.61000000,879.97000000,0.507
1749262248,0.50900000,26822.61000000,0.508
1749262248,0.51000000,53435.35000000,0.508
1749262248,0.51100000,29024.73000000,0.508
1749262248,0.51200000,26280.47000000,0.508
1749262248,0.51300000,16922.12000000,0.508
1749262248,0.51400000,18148.56000000,0.508
1749262248,0.51500000,12903.92000000,0.508
1749262248,0.51600000,9274.00000000,0.508
1749262248,0.51700000,5663.17000000,0.508
1749262248,0.51800000,6279.52000000,0.508
1749262248,0.51900000,3425.70000000,0.508
1749262248,0.52000000,4495.85000000,0.508
1749262248,0.52100000,12946.24000000,0.508
1749262248,0.52200000,1065.09000000,0.508
1749262248,0.52300000,4080.98000000,0.508
1749262248,0.52400000,1189.33000000,0.508
1749262248,0.52500000,8836.07000000,0.508
1749262248,0.52600000,1103.57000000,0.508
1749262248,0.52700000,13149.00000000,0.508
1749262248,0.52800000,1758.68000000,0.508
1749262248,0.52900000,1056.78000000,0.508
1749262248,0.53000000,2954.63000000,0.508
1749262248,0.53100000,109.26000000,0.508
1749262248,0.53200000,7833.56000000,0.508
1749262248,0.53300000,19.93000000,0.508
1749262248,0.53400000,4297.33000000,0.508
1749262248,0.53500000,94.66000000,0.508
1749262248,0.53600000,2533.55000000,0.508
1749262248,0.53700000,135.07000000,0.508
1749262248,0.53800000,862.84000000,0.508
1749262248,0.53900000,210.88000000,0.508
1749262248,0.54000000,830.02000000,0.508
1749262248,0.54100000,545.31000000,0.508
1749262248,0.54200000,33.72000000,0.508
1749262248,0.54300000,3741.32000000,0.508
1749262248,0.54400000,397.19000000,0.508
1749262248,0.54500000,34.72000000,0.508
1749262248,0.54600000,51.72000000,0.508
1749262248,0.54700000,234.29000000,0.508
1749262248,0.54800000,38.60000000,0.508
1749262248,0.54900000,207.16000000,0.508
1749262248,0.55000000,7764.30000000,0.508
1749262248,0.55100000,155.37000000,0.508
1749262248,0.55200000,93.19000000,0.508
1749262248,0.55300000,29.89000000,0.508
1749262248,0.55400000,44.87000000,0.508
1749262248,0.55500000,2238.22000000,0.508
1749262248,0.55600000,30.15000000,0.508
1749262248,0.55700000,83.86000000,0.508
1749262248,0.55800000,102.45000000,0.508
1749262248,0.55900000,31.71000000,0.508
1749262248,0.56000000,1206.05000000,0.508
1749262248,0.56100000,158.36000000,0.508
1749262248,0.56200000,679.29000000,0.508
1749262248,0.56300000,89.42000000,0.508
1749262248,0.56400000,363.99000000,0.508
1749262248,0.56500000,422.25000000,0.508
1749262248,0.56600000,61.60000000,0.508
1749262248,0.56700000,32.10000000,0.508
1749262248,0.56800000,104.85000000,0.508
1749262248,0.56900000,38.64000000,0.508
1749262248,0.57000000,10.64000000,0.508
1749262248,0.57100000,739.00000000,0.508
1749262248,0.57200000,14.79000000,0.508
1749262248,0.57300000,13.79000000,0.508
1749262248,0.57400000,86.63000000,0.508
1749262248,0.57500000,583.50000000,0.508
1749262248,0.57600000,41.37000000,0.508
1749262248,0.57700000,1213.40000000,0.508
1749262248,0.57800000,1872.16000000,0.508
1749262248,0.57900000,233.70000000,0.508
1749262248,0.58000000,1486.31000000,0.508
1749262248,0.58100000,40.21000000,0.508
1749262248,0.58200000,247.75000000,0.508
1749262248,0.58300000,28.39000000,0.508
1749262248,0.58500000,69.18000000,0.508
1749262248,0.58600000,58.03000000,0.508
1749262248,0.58800000,16180.43000000,0.508
1749262248,0.58900000,825.99000000,0.508
1749262248,0.59000000,14.79000000,0.508
1749262248,0.59100000,234.00000000,0.508
1749262248,0.59200000,37.69000000,0.508
1749262248,0.59300000,170.79000000,0.508
1749262248,0.59500000,875.09000000,0.508
1749262248,0.59600000,443.43000000,0.508
1749262248,0.59700000,8.59000000,0.508
1749262248,0.59800000,777.01000000,0.508
1749262248,0.59900000,661.38000000,0.508
1749262248,0.60000000,2511.83000000,0.508
1749262248,0.60100000,46.04000000,0.508
1749262248,0.60200000,178.47000000,0.508
1749262248,0.60300000,37.77000000,0.508
1749262248,0.60400000,25.82000000,0.508
1749262248,0.60500000,885.93000000,0.508
1749262248,0.60600000,457.94000000,0.508
1749262248,0.60700000,803.87000000,0.508
1749262248,0.60800000,243.77000000,0.508
1749262248,0.60900000,1024.71000000,0.508
1749262248,0.61000000,879.97000000,0.508
1749262248,0.61100000,452.26000000,0.508
1749262550,0.50900000,7921.83000000,0.508
1749262550,0.51000000,37958.14000000,0.508
1749262550,0.51100000,37949.44000000,0.508
1749262550,0.51200000,35334.65000000,0.508
1749262550,0.51300000,20979.21000000,0.508
1749262550,0.51400000,15448.03000000,0.508
1749262550,0.51500000,12397.25000000,0.508
1749262550,0.51600000,10013.68000000,0.508
1749262550,0.51700000,8032.90000000,0.508
1749262550,0.51800000,6143.80000000,0.508
1749262550,0.51900000,4970.22000000,0.508
1749262550,0.52000000,4495.85000000,0.508
1749262550,0.52100000,7796.99000000,0.508
1749262550,0.52200000,1065.09000000,0.508
1749262550,0.52300000,9230.23000000,0.508
1749262550,0.52400000,1189.33000000,0.508
1749262550,0.52500000,8395.63000000,0.508
1749262550,0.52600000,1103.57000000,0.508
1749262550,0.52700000,13589.44000000,0.508
1749262550,0.52800000,1758.68000000,0.508
1749262550,0.52900000,1056.78000000,0.508
1749262550,0.53000000,1095.13000000,0.508
1749262550,0.53100000,109.26000000,0.508
1749262550,0.53200000,10683.06000000,0.508
1749262550,0.53300000,19.93000000,0.508
1749262550,0.53400000,4297.33000000,0.508
1749262550,0.53500000,94.66000000,0.508
1749262550,0.53600000,2533.55000000,0.508
1749262550,0.53700000,135.07000000,0.508
1749262550,0.53800000,392.36000000,0.508
1749262550,0.53900000,210.88000000,0.508
1749262550,0.54000000,1300.50000000,0.508
1749262550,0.54100000,545.31000000,0.508
1749262550,0.54200000,33.72000000,0.508
1749262550,0.54300000,3741.32000000,0.508
1749262550,0.54400000,397.19000000,0.508
1749262550,0.54500000,34.72000000,0.508
1749262550,0.54600000,51.72000000,0.508
1749262550,0.54700000,234.29000000,0.508
1749262550,0.54800000,38.60000000,0.508
1749262550,0.54900000,207.16000000,0.508
1749262550,0.55000000,7764.30000000,0.508
1749262550,0.55100000,155.37000000,0.508
1749262550,0.55200000,93.19000000,0.508
1749262550,0.55300000,29.89000000,0.508
1749262550,0.55400000,44.87000000,0.508
1749262550,0.55500000,2238.22000000,0.508
1749262550,0.55600000,30.15000000,0.508
1749262550,0.55700000,83.86000000,0.508
1749262550,0.55800000,102.45000000,0.508
1749262550,0.55900000,31.71000000,0.508
1749262550,0.56000000,1206.05000000,0.508
1749262550,0.56100000,158.36000000,0.508
1749262550,0.56200000,679.29000000,0.508
1749262550,0.56300000,89.42000000,0.508
1749262550,0.56400000,363.99000000,0.508
1749262550,0.56500000,422.25000000,0.508
1749262550,0.56600000,61.60000000,0.508
1749262550,0.56700000,32.10000000,0.508
1749262550,0.56800000,104.85000000,0.508
1749262550,0.56900000,38.64000000,0.508
1749262550,0.57000000,10.64000000,0.508
1749262550,0.57100000,739.00000000,0.508
1749262550,0.57200000,14.79000000,0.508
1749262550,0.57300000,13.79000000,0.508
1749262550,0.57400000,86.63000000,0.508
1749262550,0.57500000,583.50000000,0.508
1749262550,0.57600000,41.37000000,0.508
1749262550,0.57700000,1213.40000000,0.508
1749262550,0.57800000,1872.16000000,0.508
1749262550,0.57900000,233.70000000,0.508
1749262550,0.58000000,1486.31000000,0.508
1749262550,0.58100000,40.21000000,0.508
1749262550,0.58200000,247.75000000,0.508
1749262550,0.58300000,28.39000000,0.508
1749262550,0.58500000,69.18000000,0.508
1749262550,0.58600000,58.03000000,0.508
1749262550,0.58800000,16180.43000000,0.508
1749262550,0.58900000,825.99000000,0.508
1749262550,0.59000000,14.79000000,0.508
1749262550,0.59100000,234.00000000,0.508
1749262550,0.59200000,37.69000000,0.508
1749262550,0.59300000,170.79000000,0.508
1749262550,0.59500000,875.09000000,0.508
1749262550,0.59600000,443.43000000,0.508
1749262550,0.59700000,8.59000000,0.508
1749262550,0.59800000,777.01000000,0.508
1749262550,0.59900000,661.38000000,0.508
1749262550,0.60000000,2511.83000000,0.508
1749262550,0.60100000,46.04000000,0.508
1749262550,0.60200000,178.47000000,0.508
1749262550,0.60300000,37.77000000,0.508
1749262550,0.60400000,25.82000000,0.508
1749262550,0.60500000,885.93000000,0.508
1749262550,0.60600000,457.94000000,0.508
1749262550,0.60700000,803.87000000,0.508
1749262550,0.60800000,243.77000000,0.508
1749262550,0.60900000,1024.71000000,0.508
1749262550,0.61000000,879.97000000,0.508
1749262550,0.61100000,452.26000000,0.508
1749262858,0.50800000,12652.00000000,0.507
1749262858,0.50900000,28546.22000000,0.507
1749262858,0.51000000,37481.66000000,0.507
1749262858,0.51100000,32140.71000000,0.507
1749262858,0.51200000,23755.36000000,0.507
1749262858,0.51300000,20031.96000000,0.507
1749262858,0.51400000,13360.58000000,0.507
1749262858,0.51500000,8259.51000000,0.507
1749262858,0.51600000,10661.10000000,0.507
1749262858,0.51700000,8032.90000000,0.507
1749262858,0.51800000,6279.52000000,0.507
1749262858,0.51900000,3425.70000000,0.507
1749262858,0.52000000,4495.85000000,0.507
1749262858,0.52100000,2047.65000000,0.507
1749262858,0.52200000,6804.08000000,0.507
1749262858,0.52300000,9230.23000000,0.507
1749262858,0.52400000,1189.33000000,0.507
1749262858,0.52500000,8395.63000000,0.507
1749262858,0.52600000,1103.57000000,0.507
1749262858,0.52700000,13589.44000000,0.507
1749262858,0.52800000,1758.68000000,0.507
1749262858,0.52900000,1056.78000000,0.507
1749262858,0.53000000,2954.63000000,0.507
1749262858,0.53100000,109.26000000,0.507
1749262858,0.53200000,7833.56000000,0.507
1749262858,0.53300000,19.93000000,0.507
1749262858,0.53400000,4297.33000000,0.507
1749262858,0.53500000,94.66000000,0.507
1749262858,0.53600000,2533.55000000,0.507
1749262858,0.53700000,135.07000000,0.507
1749262858,0.53800000,392.36000000,0.507
1749262858,0.53900000,210.88000000,0.507
1749262858,0.54000000,1300.50000000,0.507
1749262858,0.54100000,545.31000000,0.507
1749262858,0.54200000,33.72000000,0.507
1749262858,0.54300000,3741.32000000,0.507
1749262858,0.54400000,397.19000000,0.507
1749262858,0.54500000,34.72000000,0.507
1749262858,0.54600000,51.72000000,0.507
1749262858,0.54700000,234.29000000,0.507
1749262858,0.54800000,38.60000000,0.507
1749262858,0.54900000,207.16000000,0.507
1749262858,0.55000000,7764.30000000,0.507
1749262858,0.55100000,155.37000000,0.507
1749262858,0.55200000,93.19000000,0.507
1749262858,0.55300000,29.89000000,0.507
1749262858,0.55400000,44.87000000,0.507
1749262858,0.55500000,2238.22000000,0.507
1749262858,0.55600000,30.15000000,0.507
1749262858,0.55700000,83.86000000,0.507
1749262858,0.55800000,102.45000000,0.507
1749262858,0.55900000,31.71000000,0.507
1749262858,0.56000000,1186.35000000,0.507
1749262858,0.56100000,158.36000000,0.507
1749262858,0.56200000,679.29000000,0.507
1749262858,0.56300000,89.42000000,0.507
1749262858,0.56400000,363.99000000,0.507
1749262858,0.56500000,422.25000000,0.507
1749262858,0.56600000,61.60000000,0.507
1749262858,0.56700000,32.10000000,0.507
1749262858,0.56800000,104.85000000,0.507
1749262858,0.56900000,38.64000000,0.507
1749262858,0.57000000,10.64000000,0.507
1749262858,0.57100000,739.00000000,0.507
1749262858,0.57200000,14.79000000,0.507
1749262858,0.57300000,13.79000000,0.507
1749262858,0.57400000,86.63000000,0.507
1749262858,0.57500000,583.50000000,0.507
1749262858,0.57600000,41.37000000,0.507
1749262858,0.57700000,1213.40000000,0.507
1749262858,0.57800000,1872.16000000,0.507
1749262858,0.57900000,233.70000000,0.507
1749262858,0.58000000,1486.31000000,0.507
1749262858,0.58100000,40.21000000,0.507
1749262858,0.58200000,247.75000000,0.507
1749262858,0.58300000,28.39000000,0.507
1749262858,0.58500000,69.18000000,0.507
1749262858,0.58600000,58.03000000,0.507
1749262858,0.58800000,16180.43000000,0.507
1749262858,0.58900000,825.99000000,0.507
1749262858,0.59000000,14.79000000,0.507
1749262858,0.59100000,234.00000000,0.507
1749262858,0.59200000,37.69000000,0.507
1749262858,0.59300000,170.79000000,0.507
1749262858,0.59500000,875.09000000,0.507
1749262858,0.59600000,443.43000000,0.507
1749262858,0.59700000,8.59000000,0.507
1749262858,0.59800000,777.01000000,0.507
1749262858,0.59900000,661.38000000,0.507
1749262858,0.60000000,2511.83000000,0.507
1749262858,0.60100000,46.04000000,0.507
1749262858,0.60200000,178.47000000,0.507
1749262858,0.60300000,37.77000000,0.507
1749262858,0.60400000,25.82000000,0.507
1749262858,0.60500000,885.93000000,0.507
1749262858,0.60600000,457.94000000,0.507
1749262858,0.60700000,803.87000000,0.507
1749262858,0.60800000,243.77000000,0.507
1749262858,0.60900000,1024.71000000,0.507
1749262858,0.61000000,879.97000000,0.507
1749263159,0.50900000,21764.50000000,0.508
1749263159,0.51000000,60217.78000000,0.508
1749263159,0.51100000,37534.26000000,0.508
1749263159,0.51200000,27712.63000000,0.508
1749263159,0.51300000,19637.88000000,0.508
1749263159,0.51400000,16376.33000000,0.508
1749263159,0.51500000,13151.04000000,0.508
1749263159,0.51600000,10661.10000000,0.508
1749263159,0.51700000,8032.90000000,0.508
1749263159,0.51800000,4732.02000000,0.508
1749263159,0.51900000,3425.70000000,0.508
1749263159,0.52000000,6037.40000000,0.508
1749263159,0.52100000,2047.65000000,0.508
1749263159,0.52200000,6804.95000000,0.508
1749263159,0.52300000,9230.23000000,0.508
1749263159,0.52400000,1189.33000000,0.508
1749263159,0.52500000,8395.63000000,0.508
1749263159,0.52600000,1103.57000000,0.508
1749263159,0.52700000,13589.44000000,0.508
1749263159,0.52800000,1758.68000000,0.508
1749263159,0.52900000,1056.78000000,0.508
1749263159,0.53000000,2954.63000000,0.508
1749263159,0.53100000,109.26000000,0.508
1749263159,0.53200000,7833.56000000,0.508
1749263159,0.53300000,19.93000000,0.508
1749263159,0.53400000,4297.33000000,0.508
1749263159,0.53500000,94.66000000,0.508
1749263159,0.53600000,2533.55000000,0.508
1749263159,0.53700000,135.07000000,0.508
1749263159,0.53800000,392.36000000,0.508
1749263159,0.53900000,210.88000000,0.508
1749263159,0.54000000,1300.50000000,0.508
1749263159,0.54100000,545.31000000,0.508
1749263159,0.54200000,33.72000000,0.508
1749263159,0.54300000,3741.32000000,0.508
1749263159,0.54400000,397.19000000,0.508
1749263159,0.54500000,34.72000000,0.508
1749263159,0.54600000,51.72000000,0.508
1749263159,0.54700000,234.29000000,0.508
1749263159,0.54800000,38.60000000,0.508
1749263159,0.54900000,207.16000000,0.508
1749263159,0.55000000,7764.30000000,0.508
1749263159,0.55100000,155.37000000,0.508
1749263159,0.55200000,93.19000000,0.508
1749263159,0.55300000,29.89000000,0.508
1749263159,0.55400000,44.87000000,0.508
1749263159,0.55500000,2238.22000000,0.508
1749263159,0.55600000,30.15000000,0.508
1749263159,0.55700000,83.86000000,0.508
1749263159,0.55800000,102.45000000,0.508
1749263159,0.55900000,31.71000000,0.508
1749263159,0.56000000,1206.05000000,0.508
1749263159,0.56100000,158.36000000,0.508
1749263159,0.56200000,679.29000000,0.508
1749263159,0.56300000,89.42000000,0.508
1749263159,0.56400000,363.99000000,0.508
1749263159,0.56500000,422.25000000,0.508
1749263159,0.56600000,61.60000000,0.508
1749263159,0.56700000,32.10000000,0.508
1749263159,0.56800000,104.85000000,0.508
1749263159,0.56900000,38.64000000,0.508
1749263159,0.57000000,10.64000000,0.508
1749263159,0.57100000,739.00000000,0.508
1749263159,0.57200000,14.79000000,0.508
1749263159,0.57300000,13.79000000,0.508
1749263159,0.57400000,86.63000000,0.508
1749263159,0.57500000,583.50000000,0.508
1749263159,0.57600000,41.37000000,0.508
1749263159,0.57700000,1213.40000000,0.508
1749263159,0.57800000,1872.16000000,0.508
1749263159,0.57900000,233.70000000,0.508
1749263159,0.58000000,1486.31000000,0.508
1749263159,0.58100000,40.21000000,0.508
1749263159,0.58200000,247.75000000,0.508
1749263159,0.58300000,28.39000000,0.508
1749263159,0.58500000,69.18000000,0.508
1749263159,0.58600000,58.03000000,0.508
1749263159,0.58800000,16180.43000000,0.508
1749263159,0.58900000,825.99000000,0.508
1749263159,0.59000000,14.79000000,0.508
1749263159,0.59100000,234.00000000,0.508
1749263159,0.59200000,37.69000000,0.508
1749263159,0.59300000,170.79000000,0.508
1749263159,0.59500000,875.09000000,0.508
1749263159,0.59600000,443.43000000,0.508
1749263159,0.59700000,8.59000000,0.508
1749263159,0.59800000,777.01000000,0.508
1749263159,0.59900000,661.38000000,0.508
1749263159,0.60000000,2511.83000000,0.508
1749263159,0.60100000,46.04000000,0.508
1749263159,0.60200000,178.47000000,0.508
1749263159,0.60300000,37.77000000,0.508
1749263159,0.60400000,25.82000000,0.508
1749263159,0.60500000,885.93000000,0.508
1749263159,0.60600000,457.94000000,0.508
1749263159,0.60700000,803.87000000,0.508
1749263159,0.60800000,243.77000000,0.508
1749263159,0.60900000,1024.71000000,0.508
1749263159,0.61000000,879.97000000,0.508
1749263159,0.61100000,452.26000000,0.508
1749263461,0.50900000,22051.75000000,0.509
1749263461,0.51000000,57563.93000000,0.509
1749263461,0.51100000,34760.46000000,0.509
1749263461,0.51200000,27766.46000000,0.509
1749263461,0.51300000,17943.11000000,0.509
1749263461,0.51400000,16376.33000000,0.509
1749263461,0.51500000,13151.04000000,0.509
1749263461,0.51600000,10661.10000000,0.509
1749263461,0.51700000,8032.90000000,0.509
1749263461,0.51800000,4732.02000000,0.509
1749263461,0.51900000,3425.70000000,0.509
1749263461,0.52000000,6037.40000000,0.509
1749263461,0.52100000,2047.65000000,0.509
1749263461,0.52200000,6804.95000000,0.509
1749263461,0.52300000,9230.23000000,0.509
1749263461,0.52400000,1189.33000000,0.509
1749263461,0.52500000,8395.63000000,0.509
1749263461,0.52600000,1103.57000000,0.509
1749263461,0.52700000,13589.44000000,0.509
1749263461,0.52800000,1758.68000000,0.509
1749263461,0.52900000,1056.78000000,0.509
1749263461,0.53000000,2954.63000000,0.509
1749263461,0.53100000,109.26000000,0.509
1749263461,0.53200000,8823.56000000,0.509
1749263461,0.53300000,19.93000000,0.509
1749263461,0.53400000,4297.33000000,0.509
1749263461,0.53500000,94.66000000,0.509
1749263461,0.53600000,2533.55000000,0.509
1749263461,0.53700000,135.07000000,0.509
1749263461,0.53800000,392.36000000,0.509
1749263461,0.53900000,210.88000000,0.509
1749263461,0.54000000,1300.50000000,0.509
1749263461,0.54100000,545.31000000,0.509
1749263461,0.54200000,33.72000000,0.509
1749263461,0.54300000,3741.32000000,0.509
1749263461,0.54400000,397.19000000,0.509
1749263461,0.54500000,34.72000000,0.509
1749263461,0.54600000,51.72000000,0.509
1749263461,0.54700000,234.29000000,0.509
1749263461,0.54800000,38.60000000,0.509
1749263461,0.54900000,207.16000000,0.509
1749263461,0.55000000,7764.30000000,0.509
1749263461,0.55100000,155.37000000,0.509
1749263461,0.55200000,93.19000000,0.509
1749263461,0.55300000,29.89000000,0.509
1749263461,0.55400000,44.87000000,0.509
1749263461,0.55500000,2238.22000000,0.509
1749263461,0.55600000,30.15000000,0.509
1749263461,0.55700000,83.86000000,0.509
1749263461,0.55800000,102.45000000,0.509
1749263461,0.55900000,31.71000000,0.509
1749263461,0.56000000,1206.05000000,0.509
1749263461,0.56100000,158.36000000,0.509
1749263461,0.56200000,679.29000000,0.509
1749263461,0.56300000,89.42000000,0.509
1749263461,0.56400000,363.99000000,0.509
1749263461,0.56500000,422.25000000,0.509
1749263461,0.56600000,61.60000000,0.509
1749263461,0.56700000,32.10000000,0.509
1749263461,0.56800000,104.85000000,0.509
1749263461,0.56900000,38.64000000,0.509
1749263461,0.57000000,10.64000000,0.509
1749263461,0.57100000,739.00000000,0.509
1749263461,0.57200000,14.79000000,0.509
1749263461,0.57300000,13.79000000,0.509
1749263461,0.57400000,86.63000000,0.509
1749263461,0.57500000,583.50000000,0.509
1749263461,0.57600000,41.37000000,0.509
1749263461,0.57700000,1213.40000000,0.509
1749263461,0.57800000,1872.16000000,0.509
1749263461,0.57900000,233.70000000,0.509
1749263461,0.58000000,1486.31000000,0.509
1749263461,0.58100000,40.21000000,0.509
1749263461,0.58200000,247.75000000,0.509
1749263461,0.58300000,28.39000000,0.509
1749263461,0.58500000,69.18000000,0.509
1749263461,0.58600000,58.03000000,0.509
1749263461,0.58800000,16180.43000000,0.509
1749263461,0.58900000,825.99000000,0.509
1749263461,0.59000000,14.79000000,0.509
1749263461,0.59100000,234.00000000,0.509
1749263461,0.59200000,37.69000000,0.509
1749263461,0.59300000,170.79000000,0.509
1749263461,0.59500000,875.09000000,0.509
1749263461,0.59600000,443.43000000,0.509
1749263461,0.59700000,8.59000000,0.509
1749263461,0.59800000,777.01000000,0.509
1749263461,0.59900000,661.38000000,0.509
1749263461,0.60000000,2511.83000000,0.509
1749263461,0.60100000,46.04000000,0.509
1749263461,0.60200000,178.47000000,0.509
1749263461,0.60300000,37.77000000,0.509
1749263461,0.60400000,25.82000000,0.509
1749263461,0.60500000,885.93000000,0.509
1749263461,0.60600000,457.94000000,0.509
1749263461,0.60700000,803.87000000,0.509
1749263461,0.60800000,243.77000000,0.509
1749263461,0.60900000,1024.71000000,0.509
1749263461,0.61000000,879.97000000,0.509
1749263461,0.61100000,452.26000000,0.509
1749263762,0.50800000,7230.74000000,0.508
1749263762,0.50900000,51065.41000000,0.508
1749263762,0.51000000,38286.31000000,0.508
1749263762,0.51100000,26824.93000000,0.508
1749263762,0.51200000,23743.83000000,0.508
1749263762,0.51300000,19637.84000000,0.508
1749263762,0.51400000,14933.83000000,0.508
1749263762,0.51500000,8259.51000000,0.508
1749263762,0.51600000,10661.10000000,0.508
1749263762,0.51700000,8032.90000000,0.508
1749263762,0.51800000,6279.52000000,0.508
1749263762,0.51900000,3425.70000000,0.508
1749263762,0.52000000,4484.31000000,0.508
1749263762,0.52100000,7797.65000000,0.508
1749263762,0.52200000,1065.09000000,0.508
1749263762,0.52300000,9230.23000000,0.508
1749263762,0.52400000,1189.33000000,0.508
1749263762,0.52500000,7970.12000000,0.508
1749263762,0.52600000,1103.57000000,0.508
1749263762,0.52700000,13589.44000000,0.508
1749263762,0.52800000,1745.42000000,0.508
1749263762,0.52900000,1056.78000000,0.508
1749263762,0.53000000,1945.76000000,0.508
1749263762,0.53100000,109.26000000,0.508
1749263762,0.53200000,7833.56000000,0.508
1749263762,0.53300000,19.93000000,0.508
1749263762,0.53400000,4297.33000000,0.508
1749263762,0.53500000,94.66000000,0.508
1749263762,0.53600000,2533.55000000,0.508
1749263762,0.53700000,135.07000000,0.508
1749263762,0.53800000,392.36000000,0.508
1749263762,0.53900000,196.04000000,0.508
1749263762,0.54000000,1300.50000000,0.508
1749263762,0.54100000,545.31000000,0.508
1749263762,0.54200000,33.72000000,0.508
1749263762,0.54300000,3741.32000000,0.508
1749263762,0.54400000,397.19000000,0.508
1749263762,0.54500000,34.72000000,0.508
1749263762,0.54600000,51.72000000,0.508
1749263762,0.54700000,234.29000000,0.508
1749263762,0.54800000,38.60000000,0.508
1749263762,0.54900000,207.16000000,0.508
1749263762,0.55000000,7764.30000000,0.508
1749263762,0.55100000,155.37000000,0.508
1749263762,0.55200000,93.19000000,0.508
1749263762,0.55300000,29.89000000,0.508
1749263762,0.55400000,44.87000000,0.508
1749263762,0.55500000,2238.22000000,0.508
1749263762,0.55600000,30.15000000,0.508
1749263762,0.55700000,83.86000000,0.508
1749263762,0.55800000,102.45000000,0.508
1749263762,0.55900000,31.71000000,0.508
1749263762,0.56000000,1186.35000000,0.508
1749263762,0.56100000,158.36000000,0.508
1749263762,0.56200000,679.29000000,0.508
1749263762,0.56300000,89.42000000,0.508
1749263762,0.56400000,363.99000000,0.508
1749263762,0.56500000,422.25000000,0.508
1749263762,0.56600000,61.60000000,0.508
1749263762,0.56700000,32.10000000,0.508
1749263762,0.56800000,104.85000000,0.508
1749263762,0.56900000,38.64000000,0.508
1749263762,0.57000000,10.64000000,0.508
1749263762,0.57100000,739.00000000,0.508
1749263762,0.57200000,14.79000000,0.508
1749263762,0.57300000,13.79000000,0.508
1749263762,0.57400000,86.63000000,0.508
1749263762,0.57500000,583.50000000,0.508
1749263762,0.57600000,41.37000000,0.508
1749263762,0.57700000,1213.40000000,0.508
1749263762,0.57800000,1872.16000000,0.508
1749263762,0.57900000,233.70000000,0.508
1749263762,0.58000000,1486.31000000,0.508
1749263762,0.58100000,40.21000000,0.508
1749263762,0.58200000,247.75000000,0.508
1749263762,0.58300000,28.39000000,0.508
1749263762,0.58500000,69.18000000,0.508
1749263762,0.58600000,58.03000000,0.508
1749263762,0.58800000,16180.43000000,0.508
1749263762,0.58900000,825.99000000,0.508
1749263762,0.59000000,14.79000000,0.508
1749263762,0.59100000,234.00000000,0.508
1749263762,0.59200000,37.69000000,0.508
1749263762,0.59300000,170.79000000,0.508
1749263762,0.59500000,875.09000000,0.508
1749263762,0.59600000,443.43000000,0.508
1749263762,0.59700000,8.59000000,0.508
1749263762,0.59800000,777.01000000,0.508
1749263762,0.59900000,661.38000000,0.508
1749263762,0.60000000,2511.83000000,0.508
1749263762,0.60100000,46.04000000,0.508
1749263762,0.60200000,178.47000000,0.508
1749263762,0.60300000,37.77000000,0.508
1749263762,0.60400000,25.82000000,0.508
1749263762,0.60500000,885.93000000,0.508
1749263762,0.60600000,457.94000000,0.508
1749263762,0.60700000,803.87000000,0.508
1749263762,0.60800000,243.77000000,0.508
1749263762,0.60900000,1024.71000000,0.508
1749263762,0.61000000,879.97000000,0.508
1749264064,0.50900000,11973.91000000,0.509
1749264064,0.51000000,60105.90000000,0.509
1749264064,0.51100000,46500.55000000,0.509
1749264064,0.51200000,28540.22000000,0.509
1749264064,0.51300000,19568.80000000,0.509
1749264064,0.51400000,18061.23000000,0.509
1749264064,0.51500000,13147.74000000,0.509
1749264064,0.51600000,9274.00000000,0.509
1749264064,0.51700000,8032.90000000,0.509
1749264064,0.51800000,6134.56000000,0.509
1749264064,0.51900000,4970.22000000,0.509
1749264064,0.52000000,4484.31000000,0.509
1749264064,0.52100000,7797.65000000,0.509
1749264064,0.52200000,1065.09000000,0.509
1749264064,0.52300000,8594.10000000,0.509
1749264064,0.52400000,1189.33000000,0.509
1749264064,0.52500000,8606.25000000,0.509
1749264064,0.52600000,1103.57000000,0.509
1749264064,0.52700000,13589.44000000,0.509
1749264064,0.52800000,1745.42000000,0.509
1749264064,0.52900000,1056.78000000,0.509
1749264064,0.53000000,86.26000000,0.509
1749264064,0.53100000,109.26000000,0.509
1749264064,0.53200000,10683.06000000,0.509
1749264064,0.53300000,19.93000000,0.509
1749264064,0.53400000,4297.33000000,0.509
1749264064,0.53500000,94.66000000,0.509
1749264064,0.53600000,704.09000000,0.509
1749264064,0.53700000,135.07000000,0.509
1749264064,0.53800000,2221.82000000,0.509
1749264064,0.53900000,196.04000000,0.509
1749264064,0.54000000,1300.50000000,0.509
1749264064,0.54100000,545.31000000,0.509
1749264064,0.54200000,33.72000000,0.509
1749264064,0.54300000,3741.32000000,0.509
1749264064,0.54400000,397.19000000,0.509
1749264064,0.54500000,34.72000000,0.509
1749264064,0.54600000,51.72000000,0.509
1749264064,0.54700000,234.29000000,0.509
1749264064,0.54800000,38.60000000,0.509
1749264064,0.54900000,207.16000000,0.509
1749264064,0.55000000,7764.30000000,0.509
1749264064,0.55100000,155.37000000,0.509
1749264064,0.55200000,93.19000000,0.509
1749264064,0.55300000,29.89000000,0.509
1749264064,0.55400000,44.87000000,0.509
1749264064,0.55500000,2238.22000000,0.509
1749264064,0.55600000,30.15000000,0.509
1749264064,0.55700000,83.86000000,0.509
1749264064,0.55800000,102.45000000,0.509
1749264064,0.55900000,31.71000000,0.509
1749264064,0.56000000,1206.05000000,0.509
1749264064,0.56100000,158.36000000,0.509
1749264064,0.56200000,679.29000000,0.509
1749264064,0.56300000,89.42000000,0.509
1749264064,0.56400000,363.99000000,0.509
1749264064,0.56500000,422.25000000,0.509
1749264064,0.56600000,61.60000000,0.509
1749264064,0.56700000,32.10000000,0.509
1749264064,0.56800000,104.85000000,0.509
1749264064,0.56900000,38.64000000,0.509
1749264064,0.57000000,10.64000000,0.509
1749264064,0.57100000,739.00000000,0.509
1749264064,0.57200000,14.79000000,0.509
1749264064,0.57300000,13.79000000,0.509
1749264064,0.57400000,86.63000000,0.509
1749264064,0.57500000,583.50000000,0.509
1749264064,0.57600000,41.37000000,0.509
1749264064,0.57700000,1213.40000000,0.509
1749264064,0.57800000,1872.16000000,0.509
1749264064,0.57900000,233.70000000,0.509
1749264064,0.58000000,1486.31000000,0.509
1749264064,0.58100000,40.21000000,0.509
1749264064,0.58200000,247.75000000,0.509
1749264064,0.58300000,28.39000000,0.509
1749264064,0.58500000,69.18000000,0.509
1749264064,0.58600000,58.03000000,0.509
1749264064,0.58800000,16180.43000000,0.509
1749264064,0.58900000,825.99000000,0.509
1749264064,0.59000000,14.79000000,0.509
1749264064,0.59100000,234.00000000,0.509
1749264064,0.59200000,37.69000000,0.509
1749264064,0.59300000,170.79000000,0.509
1749264064,0.59500000,875.09000000,0.509
1749264064,0.59600000,443.43000000,0.509
1749264064,0.59700000,8.59000000,0.509
1749264064,0.59800000,777.01000000,0.509
1749264064,0.59900000,661.38000000,0.509
1749264064,0.60000000,2511.83000000,0.509
1749264064,0.60100000,46.04000000,0.509
1749264064,0.60200000,178.47000000,0.509
1749264064,0.60300000,37.77000000,0.509
1749264064,0.60400000,25.82000000,0.509
1749264064,0.60500000,885.93000000,0.509
1749264064,0.60600000,457.94000000,0.509
1749264064,0.60700000,803.87000000,0.509
1749264064,0.60800000,243.77000000,0.509
1749264064,0.60900000,1024.71000000,0.509
1749264064,0.61000000,879.97000000,0.509
1749264064,0.61100000,452.26000000,0.509
1749264370,0.50900000,9072.10000000,0.509
1749264370,0.51000000,64107.98000000,0.509
1749264370,0.51100000,40459.75000000,0.509
1749264370,0.51200000,28644.74000000,0.509
1749264370,0.51300000,18102.66000000,0.509
1749264370,0.51400000,17084.21000000,0.509
1749264370,0.51500000,11201.00000000,0.509
1749264370,0.51600000,9274.00000000,0.509
1749264370,0.51700000,9583.40000000,0.509
1749264370,0.51800000,6134.56000000,0.509
1749264370,0.51900000,3425.70000000,0.509
1749264370,0.52000000,4484.31000000,0.509
1749264370,0.52100000,2047.65000000,0.509
1749264370,0.52200000,6805.07000000,0.509
1749264370,0.52300000,9230.23000000,0.509
1749264370,0.52400000,1189.33000000,0.509
1749264370,0.52500000,7970.12000000,0.509
1749264370,0.52600000,1103.57000000,0.509
1749264370,0.52700000,13589.44000000,0.509
1749264370,0.52800000,1745.42000000,0.509
1749264370,0.52900000,1056.78000000,0.509
1749264370,0.53000000,86.26000000,0.509
1749264370,0.53100000,109.26000000,0.509
1749264370,0.53200000,10683.06000000,0.509
1749264370,0.53300000,19.93000000,0.509
1749264370,0.53400000,4297.33000000,0.509
1749264370,0.53500000,94.66000000,0.509
1749264370,0.53600000,704.09000000,0.509
1749264370,0.53700000,135.07000000,0.509
1749264370,0.53800000,2221.82000000,0.509
1749264370,0.53900000,196.04000000,0.509
1749264370,0.54000000,1300.50000000,0.509
1749264370,0.54100000,545.31000000,0.509
1749264370,0.54200000,33.72000000,0.509
1749264370,0.54300000,3741.32000000,0.509
1749264370,0.54400000,397.19000000,0.509
1749264370,0.54500000,34.72000000,0.509
1749264370,0.54600000,51.72000000,0.509
1749264370,0.54700000,234.29000000,0.509
1749264370,0.54800000,38.60000000,0.509
1749264370,0.54900000,207.16000000,0.509
1749264370,0.55000000,7764.30000000,0.509
1749264370,0.55100000,155.37000000,0.509
1749264370,0.55200000,93.19000000,0.509
1749264370,0.55300000,29.89000000,0.509
1749264370,0.55400000,44.87000000,0.509
1749264370,0.55500000,2238.22000000,0.509
1749264370,0.55600000,30.15000000,0.509
1749264370,0.55700000,83.86000000,0.509
1749264370,0.55800000,102.45000000,0.509
1749264370,0.55900000,31.71000000,0.509
1749264370,0.56000000,1206.05000000,0.509
1749264370,0.56100000,158.36000000,0.509
1749264370,0.56200000,679.29000000,0.509
1749264370,0.56300000,89.42000000,0.509
1749264370,0.56400000,363.99000000,0.509
1749264370,0.56500000,422.25000000,0.509
1749264370,0.56600000,61.60000000,0.509
1749264370,0.56700000,32.10000000,0.509
1749264370,0.56800000,104.85000000,0.509
1749264370,0.56900000,38.64000000,0.509
1749264370,0.57000000,10.64000000,0.509
1749264370,0.57100000,739.00000000,0.509
1749264370,0.57200000,14.79000000,0.509
1749264370,0.57300000,13.79000000,0.509
1749264370,0.57400000,86.63000000,0.509
1749264370,0.57500000,583.50000000,0.509
1749264370,0.57600000,41.37000000,0.509
1749264370,0.57700000,1213.40000000,0.509
1749264370,0.57800000,1872.16000000,0.509
1749264370,0.57900000,233.70000000,0.509
1749264370,0.58000000,1486.31000000,0.509
1749264370,0.58100000,40.21000000,0.509
1749264370,0.58200000,247.75000000,0.509
1749264370,0.58300000,28.39000000,0.509
1749264370,0.58500000,69.18000000,0.509
1749264370,0.58600000,58.03000000,0.509
1749264370,0.58800000,16180.43000000,0.509
1749264370,0.58900000,825.99000000,0.509
1749264370,0.59000000,14.79000000,0.509
1749264370,0.59100000,234.00000000,0.509
1749264370,0.59200000,37.69000000,0.509
1749264370,0.59300000,170.79000000,0.509
1749264370,0.59500000,875.09000000,0.509
1749264370,0.59600000,443.43000000,0.509
1749264370,0.59700000,8.59000000,0.509
1749264370,0.59800000,777.01000000,0.509
1749264370,0.59900000,661.38000000,0.509
1749264370,0.60000000,2511.83000000,0.509
1749264370,0.60100000,46.04000000,0.509
1749264370,0.60200000,178.47000000,0.509
1749264370,0.60300000,37.77000000,0.509
1749264370,0.60400000,25.82000000,0.509
1749264370,0.60500000,885.93000000,0.509
1749264370,0.60600000,457.94000000,0.509
1749264370,0.60700000,803.87000000,0.509
1749264370,0.60800000,243.77000000,0.509
1749264370,0.60900000,1024.71000000,0.509
1749264370,0.61000000,879.97000000,0.509
1749264370,0.61100000,452.26000000,0.509
1749264671,0.51000000,15810.40000000,0.509
1749264671,0.51100000,59405.74000000,0.509
1749264671,0.51200000,35700.12000000,0.509
1749264671,0.51300000,34236.20000000,0.509
1749264671,0.51400000,15223.45000000,0.509
1749264671,0.51500000,13934.58000000,0.509
1749264671,0.51600000,15552.83000000,0.509
1749264671,0.51700000,7047.68000000,0.509
1749264671,0.51800000,10741.19000000,0.509
1749264671,0.51900000,4970.22000000,0.509
1749264671,0.52000000,3500.06000000,0.509
1749264671,0.52100000,2260.90000000,0.509
1749264671,0.52200000,1065.09000000,0.509
1749264671,0.52300000,14032.74000000,0.509
1749264671,0.52400000,1189.33000000,0.509
1749264671,0.52500000,2774.89000000,0.509
1749264671,0.52600000,1103.57000000,0.509
1749264671,0.52700000,20461.86000000,0.509
1749264671,0.52800000,1722.69000000,0.509
1749264671,0.52900000,1056.78000000,0.509
1749264671,0.53000000,2055.69000000,0.509
1749264671,0.53100000,109.26000000,0.509
1749264671,0.53200000,10683.06000000,0.509
1749264671,0.53300000,19.93000000,0.509
1749264671,0.53400000,5287.33000000,0.509
1749264671,0.53500000,94.66000000,0.509
1749264671,0.53600000,1694.09000000,0.509
1749264671,0.53700000,135.07000000,0.509
1749264671,0.53800000,2203.23000000,0.509
1749264671,0.53900000,196.04000000,0.509
1749264671,0.54000000,1300.50000000,0.509
1749264671,0.54100000,545.31000000,0.509
1749264671,0.54200000,33.72000000,0.509
1749264671,0.54300000,3741.32000000,0.509
1749264671,0.54400000,397.19000000,0.509
1749264671,0.54500000,34.72000000,0.509
1749264671,0.54600000,51.72000000,0.509
1749264671,0.54700000,234.29000000,0.509
1749264671,0.54800000,38.60000000,0.509
1749264671,0.54900000,207.16000000,0.509
1749264671,0.55000000,7764.30000000,0.509
1749264671,0.55100000,155.37000000,0.509
1749264671,0.55200000,93.19000000,0.509
1749264671,0.55300000,29.89000000,0.509
1749264671,0.55400000,44.87000000,0.509
1749264671,0.55500000,2238.22000000,0.509
1749264671,0.55600000,30.15000000,0.509
1749264671,0.55700000,83.86000000,0.509
1749264671,0.55800000,102.45000000,0.509
1749264671,0.55900000,31.71000000,0.509
1749264671,0.56000000,1206.05000000,0.509
1749264671,0.56100000,178.02000000,0.509
1749264671,0.56200000,679.29000000,0.509
1749264671,0.56300000,89.42000000,0.509
1749264671,0.56400000,363.99000000,0.509
1749264671,0.56500000,422.25000000,0.509
1749264671,0.56600000,61.60000000,0.509
1749264671,0.56700000,32.10000000,0.509
1749264671,0.56800000,104.85000000,0.509
1749264671,0.56900000,38.64000000,0.509
1749264671,0.57000000,10.64000000,0.509
1749264671,0.57100000,739.00000000,0.509
1749264671,0.57200000,14.79000000,0.509
1749264671,0.57300000,13.79000000,0.509
1749264671,0.57400000,86.63000000,0.509
1749264671,0.57500000,583.50000000,0.509
1749264671,0.57600000,41.37000000,0.509
1749264671,0.57700000,1213.40000000,0.509
1749264671,0.57800000,1872.16000000,0.509
1749264671,0.57900000,233.70000000,0.509
1749264671,0.58000000,1486.31000000,0.509
1749264671,0.58100000,40.21000000,0.509
1749264671,0.58200000,247.75000000,0.509
1749264671,0.58300000,28.39000000,0.509
1749264671,0.58500000,69.18000000,0.509
1749264671,0.58600000,58.03000000,0.509
1749264671,0.58800000,16180.43000000,0.509
1749264671,0.58900000,825.99000000,0.509
1749264671,0.59000000,14.79000000,0.509
1749264671,0.59100000,234.00000000,0.509
1749264671,0.59200000,37.69000000,0.509
1749264671,0.59300000,170.79000000,0.509
1749264671,0.59500000,875.09000000,0.509
1749264671,0.59600000,443.43000000,0.509
1749264671,0.59700000,8.59000000,0.509
1749264671,0.59800000,777.01000000,0.509
1749264671,0.59900000,661.38000000,0.509
1749264671,0.60000000,2511.83000000,0.509
1749264671,0.60100000,46.04000000,0.509
1749264671,0.60200000,178.47000000,0.509
1749264671,0.60300000,37.77000000,0.509
1749264671,0.60400000,25.82000000,0.509
1749264671,0.60500000,885.93000000,0.509
1749264671,0.60600000,457.94000000,0.509
1749264671,0.60700000,803.87000000,0.509
1749264671,0.60800000,243.77000000,0.509
1749264671,0.60900000,1024.71000000,0.509
1749264671,0.61000000,879.97000000,0.509
1749264671,0.61100000,452.26000000,0.509
1749264671,0.61200000,66.24000000,0.509
1749264973,0.51100000,11805.00000000,0.51
1749264973,0.51200000,46544.53000000,0.51
1749264973,0.51300000,31862.54000000,0.51
1749264973,0.51400000,38559.12000000,0.51
1749264973,0.51500000,20877.81000000,0.51
1749264973,0.51600000,16572.26000000,0.51
1749264973,0.51700000,11930.23000000,0.51
1749264973,0.51800000,9352.86000000,0.51
1749264973,0.51900000,8038.38000000,0.51
1749264973,0.52000000,4889.92000000,0.51
1749264973,0.52100000,3452.56000000,0.51
1749264973,0.52200000,1079.77000000,0.51
1749264973,0.52300000,10416.20000000,0.51
1749264973,0.52400000,1189.33000000,0.51
1749264973,0.52500000,7908.70000000,0.51
1749264973,0.52600000,1103.57000000,0.51
1749264973,0.52700000,12908.92000000,0.51
1749264973,0.52800000,1722.69000000,0.51
1749264973,0.52900000,1497.22000000,0.51
1749264973,0.53000000,9168.19000000,0.51
1749264973,0.53100000,109.26000000,0.51
1749264973,0.53200000,1725.74000000,0.51
1749264973,0.53300000,19.93000000,0.51
1749264973,0.53400000,6658.68000000,0.51
1749264973,0.53500000,8197.16000000,0.51
1749264973,0.53600000,2182.24000000,0.51
1749264973,0.53700000,135.07000000,0.51
1749264973,0.53800000,3193.23000000,0.51
1749264973,0.53900000,196.04000000,0.51
1749264973,0.54000000,830.02000000,0.51
1749264973,0.54100000,545.31000000,0.51
1749264973,0.54200000,504.20000000,0.51
1749264973,0.54300000,3741.32000000,0.51
1749264973,0.54400000,397.19000000,0.51
1749264973,0.54500000,34.72000000,0.51
1749264973,0.54600000,51.72000000,0.51
1749264973,0.54700000,234.29000000,0.51
1749264973,0.54800000,38.60000000,0.51
1749264973,0.54900000,207.16000000,0.51
1749264973,0.55000000,7764.30000000,0.51
1749264973,0.55100000,155.37000000,0.51
1749264973,0.55200000,93.19000000,0.51
1749264973,0.55300000,29.89000000,0.51
1749264973,0.55400000,44.87000000,0.51
1749264973,0.55500000,2238.22000000,0.51
1749264973,0.55600000,30.15000000,0.51
1749264973,0.55700000,83.86000000,0.51
1749264973,0.55800000,102.45000000,0.51
1749264973,0.55900000,31.71000000,0.51
1749264973,0.56000000,1206.05000000,0.51
1749264973,0.56100000,178.02000000,0.51
1749264973,0.56200000,698.91000000,0.51
1749264973,0.56300000,89.42000000,0.51
1749264973,0.56400000,363.99000000,0.51
1749264973,0.56500000,422.25000000,0.51
1749264973,0.56600000,61.60000000,0.51
1749264973,0.56700000,32.10000000,0.51
1749264973,0.56800000,104.85000000,0.51
1749264973,0.56900000,38.64000000,0.51
1749264973,0.57000000,10.64000000,0.51
1749264973,0.57100000,739.00000000,0.51
1749264973,0.57200000,14.79000000,0.51
1749264973,0.57300000,13.79000000,0.51
1749264973,0.57400000,86.63000000,0.51
1749264973,0.57500000,583.50000000,0.51
1749264973,0.57600000,41.37000000,0.51
1749264973,0.57700000,1213.40000000,0.51
1749264973,0.57800000,1872.16000000,0.51
1749264973,0.57900000,233.70000000,0.51
1749264973,0.58000000,1486.31000000,0.51
1749264973,0.58100000,40.21000000,0.51
1749264973,0.58200000,247.75000000,0.51
1749264973,0.58300000,28.39000000,0.51
1749264973,0.58500000,69.18000000,0.51
1749264973,0.58600000,58.03000000,0.51
1749264973,0.58800000,16180.43000000,0.51
1749264973,0.58900000,825.99000000,0.51
1749264973,0.59000000,14.79000000,0.51
1749264973,0.59100000,234.00000000,0.51
1749264973,0.59200000,37.69000000,0.51
1749264973,0.59300000,170.79000000,0.51
1749264973,0.59500000,875.09000000,0.51
1749264973,0.59600000,443.43000000,0.51
1749264973,0.59700000,8.59000000,0.51
1749264973,0.59800000,777.01000000,0.51
1749264973,0.59900000,661.38000000,0.51
1749264973,0.60000000,2511.83000000,0.51
1749264973,0.60100000,46.04000000,0.51
1749264973,0.60200000,178.47000000,0.51
1749264973,0.60300000,37.77000000,0.51
1749264973,0.60400000,25.82000000,0.51
1749264973,0.60500000,885.93000000,0.51
1749264973,0.60600000,457.94000000,0.51
1749264973,0.60700000,803.87000000,0.51
1749264973,0.60800000,243.77000000,0.51
1749264973,0.60900000,1024.71000000,0.51
1749264973,0.61000000,879.97000000,0.51
1749264973,0.61100000,452.26000000,0.51
1749264973,0.61200000,66.24000000,0.51
1749264973,0.61300000,2788.22000000,0.51
1749265275,0.51000000,8641.73000000,0.51
1749265275,0.51100000,38039.58000000,0.51
1749265275,0.51200000,45826.21000000,0.51
1749265275,0.51300000,34030.20000000,0.51
1749265275,0.51400000,24033.54000000,0.51
1749265275,0.51500000,20112.75000000,0.51
1749265275,0.51600000,13087.99000000,0.51
1749265275,0.51700000,7100.17000000,0.51
1749265275,0.51800000,9352.86000000,0.51
1749265275,0.51900000,8038.38000000,0.51
1749265275,0.52000000,4889.92000000,0.51
1749265275,0.52100000,4010.76000000,0.51
1749265275,0.52200000,2057.28000000,0.51
1749265275,0.52300000,3155.75000000,0.51
1749265275,0.52400000,6906.48000000,0.51
1749265275,0.52500000,7908.70000000,0.51
1749265275,0.52600000,1103.57000000,0.51
1749265275,0.52700000,11923.70000000,0.51
1749265275,0.52800000,1722.69000000,0.51
1749265275,0.52900000,1497.22000000,0.51
1749265275,0.53000000,9168.19000000,0.51
1749265275,0.53100000,1086.77000000,0.51
1749265275,0.53200000,1725.74000000,0.51
1749265275,0.53300000,19.93000000,0.51
1749265275,0.53400000,6658.68000000,0.51
1749265275,0.53500000,8197.16000000,0.51
1749265275,0.53600000,2182.24000000,0.51
1749265275,0.53700000,135.07000000,0.51
1749265275,0.53800000,3193.23000000,0.51
1749265275,0.53900000,196.04000000,0.51
1749265275,0.54000000,1820.02000000,0.51
1749265275,0.54100000,1535.31000000,0.51
1749265275,0.54200000,504.20000000,0.51
1749265275,0.54300000,3741.32000000,0.51
1749265275,0.54400000,397.19000000,0.51
1749265275,0.54500000,34.72000000,0.51
1749265275,0.54600000,51.72000000,0.51
1749265275,0.54700000,234.29000000,0.51
1749265275,0.54800000,38.60000000,0.51
1749265275,0.54900000,207.16000000,0.51
1749265275,0.55000000,7764.30000000,0.51
1749265275,0.55100000,155.37000000,0.51
1749265275,0.55200000,93.19000000,0.51
1749265275,0.55300000,29.89000000,0.51
1749265275,0.55400000,44.87000000,0.51
1749265275,0.55500000,2238.22000000,0.51
1749265275,0.55600000,30.15000000,0.51
1749265275,0.55700000,83.86000000,0.51
1749265275,0.55800000,102.45000000,0.51
1749265275,0.55900000,31.71000000,0.51
1749265275,0.56000000,1206.05000000,0.51
1749265275,0.56100000,178.02000000,0.51
1749265275,0.56200000,679.29000000,0.51
1749265275,0.56300000,89.42000000,0.51
1749265275,0.56400000,363.99000000,0.51
1749265275,0.56500000,422.25000000,0.51
1749265275,0.56600000,61.60000000,0.51
1749265275,0.56700000,32.10000000,0.51
1749265275,0.56800000,104.85000000,0.51
1749265275,0.56900000,38.64000000,0.51
1749265275,0.57000000,10.64000000,0.51
1749265275,0.57100000,739.00000000,0.51
1749265275,0.57200000,14.79000000,0.51
1749265275,0.57300000,13.79000000,0.51
1749265275,0.57400000,86.63000000,0.51
1749265275,0.57500000,583.50000000,0.51
1749265275,0.57600000,41.37000000,0.51
1749265275,0.57700000,1213.40000000,0.51
1749265275,0.57800000,1872.16000000,0.51
1749265275,0.57900000,233.70000000,0.51
1749265275,0.58000000,1486.31000000,0.51
1749265275,0.58100000,40.21000000,0.51
1749265275,0.58200000,247.75000000,0.51
1749265275,0.58300000,28.39000000,0.51
1749265275,0.58500000,69.18000000,0.51
1749265275,0.58600000,58.03000000,0.51
1749265275,0.58800000,16180.43000000,0.51
1749265275,0.58900000,825.99000000,0.51
1749265275,0.59000000,14.79000000,0.51
1749265275,0.59100000,234.00000000,0.51
1749265275,0.59200000,37.69000000,0.51
1749265275,0.59300000,170.79000000,0.51
1749265275,0.59500000,875.09000000,0.51
1749265275,0.59600000,443.43000000,0.51
1749265275,0.59700000,8.59000000,0.51
1749265275,0.59800000,777.01000000,0.51
1749265275,0.59900000,661.38000000,0.51
1749265275,0.60000000,2511.83000000,0.51
1749265275,0.60100000,46.04000000,0.51
1749265275,0.60200000,178.47000000,0.51
1749265275,0.60300000,37.77000000,0.51
1749265275,0.60400000,25.82000000,0.51
1749265275,0.60500000,885.93000000,0.51
1749265275,0.60600000,457.94000000,0.51
1749265275,0.60700000,803.87000000,0.51
1749265275,0.60800000,243.77000000,0.51
1749265275,0.60900000,1024.71000000,0.51
1749265275,0.61000000,879.97000000,0.51
1749265275,0.61100000,452.26000000,0.51
1749265275,0.61200000,66.24000000,0.51
1749265581,0.51100000,7478.96000000,0.51
1749265581,0.51200000,59498.00000000,0.51
1749265581,0.51300000,42130.31000000,0.51
1749265581,0.51400000,30341.52000000,0.51
1749265581,0.51500000,19905.93000000,0.51
1749265581,0.51600000,16960.69000000,0.51
1749265581,0.51700000,10030.02000000,0.51
1749265581,0.51800000,9352.86000000,0.51
1749265581,0.51900000,8038.38000000,0.51
1749265581,0.52000000,4889.92000000,0.51
1749265581,0.52100000,4990.18000000,0.51
1749265581,0.52200000,3738.17000000,0.51
1749265581,0.52300000,1802.03000000,0.51
1749265581,0.52400000,6906.48000000,0.51
1749265581,0.52500000,7272.57000000,0.51
1749265581,0.52600000,2463.20000000,0.51
1749265581,0.52700000,12559.83000000,0.51
1749265581,0.52800000,1722.69000000,0.51
1749265581,0.52900000,1497.22000000,0.51
1749265581,0.53000000,9168.19000000,0.51
1749265581,0.53100000,1086.77000000,0.51
1749265581,0.53200000,1725.74000000,0.51
1749265581,0.53300000,19.93000000,0.51
1749265581,0.53400000,6658.68000000,0.51
1749265581,0.53500000,8197.16000000,0.51
1749265581,0.53600000,2182.24000000,0.51
1749265581,0.53700000,135.07000000,0.51
1749265581,0.53800000,1363.77000000,0.51
1749265581,0.53900000,196.04000000,0.51
1749265581,0.54000000,3649.48000000,0.51
1749265581,0.54100000,1535.31000000,0.51
1749265581,0.54200000,504.20000000,0.51
1749265581,0.54300000,3741.32000000,0.51
1749265581,0.54400000,397.19000000,0.51
1749265581,0.54500000,34.72000000,0.51
1749265581,0.54600000,51.72000000,0.51
1749265581,0.54700000,234.29000000,0.51
1749265581,0.54800000,38.60000000,0.51
1749265581,0.54900000,207.16000000,0.51
1749265581,0.55000000,7764.30000000,0.51
1749265581,0.55100000,155.37000000,0.51
1749265581,0.55200000,93.19000000,0.51
1749265581,0.55300000,29.89000000,0.51
1749265581,0.55400000,44.87000000,0.51
1749265581,0.55500000,2238.22000000,0.51
1749265581,0.55600000,30.15000000,0.51
1749265581,0.55700000,83.86000000,0.51
1749265581,0.55800000,102.45000000,0.51
1749265581,0.55900000,31.71000000,0.51
1749265581,0.56000000,1206.05000000,0.51
1749265581,0.56100000,178.02000000,0.51
1749265581,0.56200000,698.91000000,0.51
1749265581,0.56300000,89.42000000,0.51
1749265581,0.56400000,363.99000000,0.51
1749265581,0.56500000,422.25000000,0.51
1749265581,0.56600000,61.60000000,0.51
1749265581,0.56700000,32.10000000,0.51
1749265581,0.56800000,104.85000000,0.51
1749265581,0.56900000,38.64000000,0.51
1749265581,0.57000000,10.64000000,0.51
1749265581,0.57100000,739.00000000,0.51
1749265581,0.57200000,14.79000000,0.51
1749265581,0.57300000,13.79000000,0.51
1749265581,0.57400000,86.63000000,0.51
1749265581,0.57500000,583.50000000,0.51
1749265581,0.57600000,41.37000000,0.51
1749265581,0.57700000,1213.40000000,0.51
1749265581,0.57800000,1872.16000000,0.51
1749265581,0.57900000,233.70000000,0.51
1749265581,0.58000000,1486.31000000,0.51
1749265581,0.58100000,40.21000000,0.51
1749265581,0.58200000,247.75000000,0.51
1749265581,0.58300000,28.39000000,0.51
1749265581,0.58500000,69.18000000,0.51
1749265581,0.58600000,58.03000000,0.51
1749265581,0.58800000,16180.43000000,0.51
1749265581,0.58900000,825.99000000,0.51
1749265581,0.59000000,14.79000000,0.51
1749265581,0.59100000,234.00000000,0.51
1749265581,0.59200000,37.69000000,0.51
1749265581,0.59300000,170.79000000,0.51
1749265581,0.59500000,875.09000000,0.51
1749265581,0.59600000,443.43000000,0.51
1749265581,0.59700000,8.59000000,0.51
1749265581,0.59800000,777.01000000,0.51
1749265581,0.59900000,661.38000000,0.51
1749265581,0.60000000,2511.83000000,0.51
1749265581,0.60100000,46.04000000,0.51
1749265581,0.60200000,178.47000000,0.51
1749265581,0.60300000,37.77000000,0.51
1749265581,0.60400000,25.82000000,0.51
1749265581,0.60500000,885.93000000,0.51
1749265581,0.60600000,457.94000000,0.51
1749265581,0.60700000,803.87000000,0.51
1749265581,0.60800000,243.77000000,0.51
1749265581,0.60900000,1024.71000000,0.51
1749265581,0.61000000,879.97000000,0.51
1749265581,0.61100000,452.26000000,0.51
1749265581,0.61200000,66.24000000,0.51
1749265581,0.61300000,2788.22000000,0.51
1749265883,0.51100000,6635.26000000,0.511
1749265883,0.51200000,52380.69000000,0.511
1749265883,0.51300000,42810.49000000,0.511
1749265883,0.51400000,37632.33000000,0.511
1749265883,0.51500000,18441.65000000,0.511
1749265883,0.51600000,16607.76000000,0.511
1749265883,0.51700000,11000.76000000,0.511
1749265883,0.51800000,14228.86000000,0.511
1749265883,0.51900000,8038.38000000,0.511
1749265883,0.52000000,4889.92000000,0.511
1749265883,0.52100000,4990.18000000,0.511
1749265883,0.52200000,3738.17000000,0.511
1749265883,0.52300000,1802.03000000,0.511
1749265883,0.52400000,6905.87000000,0.511
1749265883,0.52500000,7272.57000000,0.511
1749265883,0.52600000,2463.20000000,0.511
1749265883,0.52700000,12559.83000000,0.511
1749265883,0.52800000,1722.69000000,0.511
1749265883,0.52900000,1497.22000000,0.511
1749265883,0.53000000,9168.19000000,0.511
1749265883,0.53100000,2076.77000000,0.511
1749265883,0.53200000,1725.74000000,0.511
1749265883,0.53300000,19.93000000,0.511
1749265883,0.53400000,6658.68000000,0.511
1749265883,0.53500000,8197.16000000,0.511
1749265883,0.53600000,2182.24000000,0.511
1749265883,0.53700000,135.07000000,0.511
1749265883,0.53800000,1363.77000000,0.511
1749265883,0.53900000,196.04000000,0.511
1749265883,0.54000000,3649.48000000,0.511
1749265883,0.54100000,545.31000000,0.511
1749265883,0.54200000,504.20000000,0.511
1749265883,0.54300000,3741.32000000,0.511
1749265883,0.54400000,397.19000000,0.511
1749265883,0.54500000,34.72000000,0.511
1749265883,0.54600000,51.72000000,0.511
1749265883,0.54700000,234.29000000,0.511
1749265883,0.54800000,38.60000000,0.511
1749265883,0.54900000,207.16000000,0.511
1749265883,0.55000000,7764.30000000,0.511
1749265883,0.55100000,155.37000000,0.511
1749265883,0.55200000,93.19000000,0.511
1749265883,0.55300000,29.89000000,0.511
1749265883,0.55400000,44.87000000,0.511
1749265883,0.55500000,2238.22000000,0.511
1749265883,0.55600000,30.15000000,0.511
1749265883,0.55700000,83.86000000,0.511
1749265883,0.55800000,102.45000000,0.511
1749265883,0.55900000,31.71000000,0.511
1749265883,0.56000000,1206.05000000,0.511
1749265883,0.56100000,178.02000000,0.511
1749265883,0.56200000,698.91000000,0.511
1749265883,0.56300000,89.42000000,0.511
1749265883,0.56400000,363.99000000,0.511
1749265883,0.56500000,422.25000000,0.511
1749265883,0.56600000,61.60000000,0.511
1749265883,0.56700000,32.10000000,0.511
1749265883,0.56800000,104.85000000,0.511
1749265883,0.56900000,38.64000000,0.511
1749265883,0.57000000,10.64000000,0.511
1749265883,0.57100000,739.00000000,0.511
1749265883,0.57200000,14.79000000,0.511
1749265883,0.57300000,13.79000000,0.511
1749265883,0.57400000,86.63000000,0.511
1749265883,0.57500000,583.50000000,0.511
1749265883,0.57600000,41.37000000,0.511
1749265883,0.57700000,1213.40000000,0.511
1749265883,0.57800000,1872.16000000,0.511
1749265883,0.57900000,233.70000000,0.511
1749265883,0.58000000,1486.31000000,0.511
1749265883,0.58100000,40.21000000,0.511
1749265883,0.58200000,247.75000000,0.511
1749265883,0.58300000,28.39000000,0.511
1749265883,0.58500000,69.18000000,0.511
1749265883,0.58600000,58.03000000,0.511
1749265883,0.58800000,16180.43000000,0.511
1749265883,0.58900000,825.99000000,0.511
1749265883,0.59000000,14.79000000,0.511
1749265883,0.59100000,234.00000000,0.511
1749265883,0.59200000,37.69000000,0.511
1749265883,0.59300000,170.79000000,0.511
1749265883,0.59500000,875.09000000,0.511
1749265883,0.59600000,443.43000000,0.511
1749265883,0.59700000,8.59000000,0.511
1749265883,0.59800000,777.01000000,0.511
1749265883,0.59900000,661.38000000,0.511
1749265883,0.60000000,2511.83000000,0.511
1749265883,0.60100000,46.04000000,0.511
1749265883,0.60200000,178.47000000,0.511
1749265883,0.60300000,37.77000000,0.511
1749265883,0.60400000,25.82000000,0.511
1749265883,0.60500000,885.93000000,0.511
1749265883,0.60600000,457.94000000,0.511
1749265883,0.60700000,803.87000000,0.511
1749265883,0.60800000,243.77000000,0.511
1749265883,0.60900000,1024.71000000,0.511
1749265883,0.61000000,879.97000000,0.511
1749265883,0.61100000,452.26000000,0.511
1749265883,0.61200000,66.24000000,0.511
1749265883,0.61300000,2788.22000000,0.511
1749266185,0.51400000,25477.48000000,0.513
1749266185,0.51500000,38950.67000000,0.513
1749266185,0.51600000,35285.57000000,0.513
1749266185,0.51700000,17581.65000000,0.513
1749266185,0.51800000,14256.47000000,0.513
1749266185,0.51900000,13492.19000000,0.513
1749266185,0.52000000,13390.25000000,0.513
1749266185,0.52100000,8566.09000000,0.513
1749266185,0.52200000,5156.69000000,0.513
1749266185,0.52300000,3216.79000000,0.513
1749266185,0.52400000,3708.37000000,0.513
1749266185,0.52500000,1860.13000000,0.513
1749266185,0.52600000,8157.45000000,0.513
1749266185,0.52700000,8922.06000000,0.513
1749266185,0.52800000,1722.69000000,0.513
1749266185,0.52900000,7944.38000000,0.513
1749266185,0.53000000,9155.77000000,0.513
1749266185,0.53100000,2517.21000000,0.513
1749266185,0.53200000,1725.74000000,0.513
1749266185,0.53300000,34.57000000,0.513
1749266185,0.53400000,4813.79000000,0.513
1749266185,0.53500000,8198.11000000,0.513
1749266185,0.53600000,3553.59000000,0.513
1749266185,0.53700000,135.07000000,0.513
1749266185,0.53800000,1851.92000000,0.513
1749266185,0.53900000,196.04000000,0.513
1749266185,0.54000000,3649.48000000,0.513
1749266185,0.54100000,1535.31000000,0.513
1749266185,0.54200000,1023.72000000,0.513
1749266185,0.54300000,3741.32000000,0.513
1749266185,0.54400000,867.67000000,0.513
1749266185,0.54500000,34.72000000,0.513
1749266185,0.54600000,51.72000000,0.513
1749266185,0.54700000,234.29000000,0.513
1749266185,0.54800000,38.60000000,0.513
1749266185,0.54900000,207.16000000,0.513
1749266185,0.55000000,7764.30000000,0.513
1749266185,0.55100000,155.37000000,0.513
1749266185,0.55200000,93.19000000,0.513
1749266185,0.55300000,29.89000000,0.513
1749266185,0.55400000,44.87000000,0.513
1749266185,0.55500000,2238.22000000,0.513
1749266185,0.55600000,30.15000000,0.513
1749266185,0.55700000,83.86000000,0.513
1749266185,0.55800000,102.45000000,0.513
1749266185,0.55900000,31.71000000,0.513
1749266185,0.56000000,1206.05000000,0.513
1749266185,0.56100000,178.02000000,0.513
1749266185,0.56200000,698.91000000,0.513
1749266185,0.56300000,109.00000000,0.513
1749266185,0.56400000,383.53000000,0.513
1749266185,0.56500000,441.76000000,0.513
1749266185,0.56600000,61.60000000,0.513
1749266185,0.56700000,32.10000000,0.513
1749266185,0.56800000,104.85000000,0.513
1749266185,0.56900000,38.64000000,0.513
1749266185,0.57000000,10.64000000,0.513
1749266185,0.57100000,739.00000000,0.513
1749266185,0.57200000,14.79000000,0.513
1749266185,0.57300000,13.79000000,0.513
1749266185,0.57400000,86.63000000,0.513
1749266185,0.57500000,583.50000000,0.513
1749266185,0.57600000,41.37000000,0.513
1749266185,0.57700000,1213.40000000,0.513
1749266185,0.57800000,1872.16000000,0.513
1749266185,0.57900000,233.70000000,0.513
1749266185,0.58000000,1486.31000000,0.513
1749266185,0.58100000,40.21000000,0.513
1749266185,0.58200000,247.75000000,0.513
1749266185,0.58300000,28.39000000,0.513
1749266185,0.58500000,69.18000000,0.513
1749266185,0.58600000,58.03000000,0.513
1749266185,0.58800000,16180.43000000,0.513
1749266185,0.58900000,825.99000000,0.513
1749266185,0.59000000,14.79000000,0.513
1749266185,0.59100000,234.00000000,0.513
1749266185,0.59200000,37.69000000,0.513
1749266185,0.59300000,170.79000000,0.513
1749266185,0.59500000,875.09000000,0.513
1749266185,0.59600000,443.43000000,0.513
1749266185,0.59700000,8.59000000,0.513
1749266185,0.59800000,777.01000000,0.513
1749266185,0.59900000,661.38000000,0.513
1749266185,0.60000000,2511.83000000,0.513
1749266185,0.60100000,46.04000000,0.513
1749266185,0.60200000,178.47000000,0.513
1749266185,0.60300000,37.77000000,0.513
1749266185,0.60400000,25.82000000,0.513
1749266185,0.60500000,885.93000000,0.513
1749266185,0.60600000,457.94000000,0.513
1749266185,0.60700000,803.87000000,0.513
1749266185,0.60800000,243.77000000,0.513
1749266185,0.60900000,1024.71000000,0.513
1749266185,0.61000000,879.97000000,0.513
1749266185,0.61100000,452.26000000,0.513
1749266185,0.61200000,66.24000000,0.513
1749266185,0.61300000,2788.22000000,0.513
1749266185,0.61400000,24.03000000,0.513
1749266185,0.61600000,180.49000000,0.513
1749266185,0.61700000,1640.47000000,0.513
1749266486,0.51200000,8073.73000000,0.512
1749266486,0.51300000,42087.76000000,0.512
1749266486,0.51400000,52742.45000000,0.512
1749266486,0.51500000,28678.03000000,0.512
1749266486,0.51600000,23201.14000000,0.512
1749266486,0.51700000,16407.05000000,0.512
1749266486,0.51800000,13866.63000000,0.512
1749266486,0.51900000,7795.11000000,0.512
1749266486,0.52000000,9944.99000000,0.512
1749266486,0.52100000,9363.62000000,0.512
1749266486,0.52200000,3738.17000000,0.512
1749266486,0.52300000,3216.79000000,0.512
1749266486,0.52400000,2178.59000000,0.512
1749266486,0.52500000,1860.13000000,0.512
1749266486,0.52600000,8157.45000000,0.512
1749266486,0.52700000,8922.06000000,0.512
1749266486,0.52800000,1722.69000000,0.512
1749266486,0.52900000,7944.38000000,0.512
1749266486,0.53000000,9155.77000000,0.512
1749266486,0.53100000,2517.21000000,0.512
1749266486,0.53200000,1725.74000000,0.512
1749266486,0.53300000,34.57000000,0.512
1749266486,0.53400000,4813.79000000,0.512
1749266486,0.53500000,8198.11000000,0.512
1749266486,0.53600000,3553.59000000,0.512
1749266486,0.53700000,135.07000000,0.512
1749266486,0.53800000,1851.92000000,0.512
1749266486,0.53900000,196.04000000,0.512
1749266486,0.54000000,3649.48000000,0.512
1749266486,0.54100000,1535.31000000,0.512
1749266486,0.54200000,1023.72000000,0.512
1749266486,0.54300000,3741.32000000,0.512
1749266486,0.54400000,867.67000000,0.512
1749266486,0.54500000,34.72000000,0.512
1749266486,0.54600000,51.72000000,0.512
1749266486,0.54700000,234.29000000,0.512
1749266486,0.54800000,38.60000000,0.512
1749266486,0.54900000,207.16000000,0.512
1749266486,0.55000000,7764.30000000,0.512
1749266486,0.55100000,155.37000000,0.512
1749266486,0.55200000,93.19000000,0.512
1749266486,0.55300000,29.89000000,0.512
1749266486,0.55400000,44.87000000,0.512
1749266486,0.55500000,2238.22000000,0.512
1749266486,0.55600000,30.15000000,0.512
1749266486,0.55700000,83.86000000,0.512
1749266486,0.55800000,102.45000000,0.512
1749266486,0.55900000,31.71000000,0.512
1749266486,0.56000000,1206.05000000,0.512
1749266486,0.56100000,178.02000000,0.512
1749266486,0.56200000,698.91000000,0.512
1749266486,0.56300000,109.00000000,0.512
1749266486,0.56400000,363.99000000,0.512
1749266486,0.56500000,422.25000000,0.512
1749266486,0.56600000,61.60000000,0.512
1749266486,0.56700000,32.10000000,0.512
1749266486,0.56800000,104.85000000,0.512
1749266486,0.56900000,38.64000000,0.512
1749266486,0.57000000,10.64000000,0.512
1749266486,0.57100000,739.00000000,0.512
1749266486,0.57200000,14.79000000,0.512
1749266486,0.57300000,13.79000000,0.512
1749266486,0.57400000,86.63000000,0.512
1749266486,0.57500000,583.50000000,0.512
1749266486,0.57600000,41.37000000,0.512
1749266486,0.57700000,1213.40000000,0.512
1749266486,0.57800000,1872.16000000,0.512
1749266486,0.57900000,233.70000000,0.512
1749266486,0.58000000,1486.31000000,0.512
1749266486,0.58100000,40.21000000,0.512
1749266486,0.58200000,247.75000000,0.512
1749266486,0.58300000,28.39000000,0.512
1749266486,0.58500000,69.18000000,0.512
1749266486,0.58600000,58.03000000,0.512
1749266486,0.58800000,16180.43000000,0.512
1749266486,0.58900000,825.99000000,0.512
1749266486,0.59000000,14.79000000,0.512
1749266486,0.59100000,234.00000000,0.512
1749266486,0.59200000,37.69000000,0.512
1749266486,0.59300000,170.79000000,0.512
1749266486,0.59500000,875.09000000,0.512
1749266486,0.59600000,443.43000000,0.512
1749266486,0.59700000,8.59000000,0.512
1749266486,0.59800000,777.01000000,0.512
1749266486,0.59900000,661.38000000,0.512
1749266486,0.60000000,2511.83000000,0.512
1749266486,0.60100000,46.04000000,0.512
1749266486,0.60200000,178.47000000,0.512
1749266486,0.60300000,37.77000000,0.512
1749266486,0.60400000,25.82000000,0.512
1749266486,0.60500000,885.93000000,0.512
1749266486,0.60600000,457.94000000,0.512
1749266486,0.60700000,803.87000000,0.512
1749266486,0.60800000,243.77000000,0.512
1749266486,0.60900000,1024.71000000,0.512
1749266486,0.61000000,879.97000000,0.512
1749266486,0.61100000,452.26000000,0.512
1749266486,0.61200000,66.24000000,0.512
1749266486,0.61300000,2788.22000000,0.512
1749266486,0.61400000,24.03000000,0.512
1749266788,0.51300000,5309.91000000,0.513
1749266788,0.51400000,43498.83000000,0.513
1749266788,0.51500000,34295.93000000,0.513
1749266788,0.51600000,24581.06000000,0.513
1749266788,0.51700000,13916.37000000,0.513
1749266788,0.51800000,10142.63000000,0.513
1749266788,0.51900000,12651.89000000,0.513
1749266788,0.52000000,13401.97000000,0.513
1749266788,0.52100000,7825.03000000,0.513
1749266788,0.52200000,6696.63000000,0.513
1749266788,0.52300000,3216.79000000,0.513
1749266788,0.52400000,3370.25000000,0.513
1749266788,0.52500000,7565.89000000,0.513
1749266788,0.52600000,2478.41000000,0.513
1749266788,0.52700000,8922.06000000,0.513
1749266788,0.52800000,1722.69000000,0.513
1749266788,0.52900000,7944.38000000,0.513
1749266788,0.53000000,9155.77000000,0.513
1749266788,0.53100000,2517.21000000,0.513
1749266788,0.53200000,1725.74000000,0.513
1749266788,0.53300000,34.57000000,0.513
1749266788,0.53400000,4813.79000000,0.513
1749266788,0.53500000,8198.11000000,0.513
1749266788,0.53600000,3553.59000000,0.513
1749266788,0.53700000,153.69000000,0.513
1749266788,0.53800000,1851.92000000,0.513
1749266788,0.53900000,196.04000000,0.513
1749266788,0.54000000,3649.48000000,0.513
1749266788,0.54100000,545.31000000,0.513
1749266788,0.54200000,33.72000000,0.513
1749266788,0.54300000,3741.32000000,0.513
1749266788,0.54400000,867.67000000,0.513
1749266788,0.54500000,34.72000000,0.513
1749266788,0.54600000,51.72000000,0.513
1749266788,0.54700000,234.29000000,0.513
1749266788,0.54800000,38.60000000,0.513
1749266788,0.54900000,207.16000000,0.513
1749266788,0.55000000,7764.30000000,0.513
1749266788,0.55100000,155.37000000,0.513
1749266788,0.55200000,93.19000000,0.513
1749266788,0.55300000,29.89000000,0.513
1749266788,0.55400000,44.87000000,0.513
1749266788,0.55500000,2238.22000000,0.513
1749266788,0.55600000,30.15000000,0.513
1749266788,0.55700000,83.86000000,0.513
1749266788,0.55800000,102.45000000,0.513
1749266788,0.55900000,31.71000000,0.513
1749266788,0.56000000,1206.05000000,0.513
1749266788,0.56100000,178.02000000,0.513
1749266788,0.56200000,698.91000000,0.513
1749266788,0.56300000,109.00000000,0.513
1749266788,0.56400000,383.53000000,0.513
1749266788,0.56500000,422.25000000,0.513
1749266788,0.56600000,61.60000000,0.513
1749266788,0.56700000,32.10000000,0.513
1749266788,0.56800000,104.85000000,0.513
1749266788,0.56900000,38.64000000,0.513
1749266788,0.57000000,10.64000000,0.513
1749266788,0.57100000,739.00000000,0.513
1749266788,0.57200000,14.79000000,0.513
1749266788,0.57300000,13.79000000,0.513
1749266788,0.57400000,86.63000000,0.513
1749266788,0.57500000,583.50000000,0.513
1749266788,0.57600000,41.37000000,0.513
1749266788,0.57700000,1213.40000000,0.513
1749266788,0.57800000,1872.16000000,0.513
1749266788,0.57900000,233.70000000,0.513
1749266788,0.58000000,1486.31000000,0.513
1749266788,0.58100000,40.21000000,0.513
1749266788,0.58200000,247.75000000,0.513
1749266788,0.58300000,28.39000000,0.513
1749266788,0.58500000,69.18000000,0.513
1749266788,0.58600000,58.03000000,0.513
1749266788,0.58800000,16180.43000000,0.513
1749266788,0.58900000,825.99000000,0.513
1749266788,0.59000000,14.79000000,0.513
1749266788,0.59100000,234.00000000,0.513
1749266788,0.59200000,37.69000000,0.513
1749266788,0.59300000,170.79000000,0.513
1749266788,0.59500000,875.09000000,0.513
1749266788,0.59600000,443.43000000,0.513
1749266788,0.59700000,8.59000000,0.513
1749266788,0.59800000,777.01000000,0.513
1749266788,0.59900000,661.38000000,0.513
1749266788,0.60000000,2511.83000000,0.513
1749266788,0.60100000,46.04000000,0.513
1749266788,0.60200000,178.47000000,0.513
1749266788,0.60300000,37.77000000,0.513
1749266788,0.60400000,25.82000000,0.513
1749266788,0.60500000,885.93000000,0.513
1749266788,0.60600000,457.94000000,0.513
1749266788,0.60700000,803.87000000,0.513
1749266788,0.60800000,243.77000000,0.513
1749266788,0.60900000,1024.71000000,0.513
1749266788,0.61000000,879.97000000,0.513
1749266788,0.61100000,452.26000000,0.513
1749266788,0.61200000,66.24000000,0.513
1749266788,0.61300000,2788.22000000,0.513
1749266788,0.61400000,24.03000000,0.513
1749266788,0.61600000,180.49000000,0.513
1749267089,0.51200000,6250.35000000,0.512
1749267089,0.51300000,36461.90000000,0.512
1749267089,0.51400000,43571.48000000,0.512
1749267089,0.51500000,31794.60000000,0.512
1749267089,0.51600000,20861.44000000,0.512
1749267089,0.51700000,16184.34000000,0.512
1749267089,0.51800000,7301.27000000,0.512
1749267089,0.51900000,12651.89000000,0.512
1749267089,0.52000000,8544.83000000,0.512
1749267089,0.52100000,7825.03000000,0.512
1749267089,0.52200000,6696.63000000,0.512
1749267089,0.52300000,3216.79000000,0.512
1749267089,0.52400000,3370.25000000,0.512
1749267089,0.52500000,7565.89000000,0.512
1749267089,0.52600000,2478.41000000,0.512
1749267089,0.52700000,8922.06000000,0.512
1749267089,0.52800000,1722.69000000,0.512
1749267089,0.52900000,7944.38000000,0.512
1749267089,0.53000000,9155.77000000,0.512
1749267089,0.53100000,2517.21000000,0.512
1749267089,0.53200000,1725.74000000,0.512
1749267089,0.53300000,34.57000000,0.512
1749267089,0.53400000,4813.79000000,0.512
1749267089,0.53500000,8198.11000000,0.512
1749267089,0.53600000,3553.59000000,0.512
1749267089,0.53700000,153.69000000,0.512
1749267089,0.53800000,1851.92000000,0.512
1749267089,0.53900000,196.04000000,0.512
1749267089,0.54000000,3649.48000000,0.512
1749267089,0.54100000,1535.31000000,0.512
1749267089,0.54200000,33.72000000,0.512
1749267089,0.54300000,3741.32000000,0.512
1749267089,0.54400000,867.67000000,0.512
1749267089,0.54500000,34.72000000,0.512
1749267089,0.54600000,51.72000000,0.512
1749267089,0.54700000,234.29000000,0.512
1749267089,0.54800000,38.60000000,0.512
1749267089,0.54900000,207.16000000,0.512
1749267089,0.55000000,7764.30000000,0.512
1749267089,0.55100000,155.37000000,0.512
1749267089,0.55200000,93.19000000,0.512
1749267089,0.55300000,29.89000000,0.512
1749267089,0.55400000,44.87000000,0.512
1749267089,0.55500000,2238.22000000,0.512
1749267089,0.55600000,30.15000000,0.512
1749267089,0.55700000,83.86000000,0.512
1749267089,0.55800000,102.45000000,0.512
1749267089,0.55900000,31.71000000,0.512
1749267089,0.56000000,1206.05000000,0.512
1749267089,0.56100000,178.02000000,0.512
1749267089,0.56200000,698.91000000,0.512
1749267089,0.56300000,109.00000000,0.512
1749267089,0.56400000,363.99000000,0.512
1749267089,0.56500000,422.25000000,0.512
1749267089,0.56600000,61.60000000,0.512
1749267089,0.56700000,32.10000000,0.512
1749267089,0.56800000,104.85000000,0.512
1749267089,0.56900000,38.64000000,0.512
1749267089,0.57000000,10.64000000,0.512
1749267089,0.57100000,739.00000000,0.512
1749267089,0.57200000,14.79000000,0.512
1749267089,0.57300000,13.79000000,0.512
1749267089,0.57400000,86.63000000,0.512
1749267089,0.57500000,583.50000000,0.512
1749267089,0.57600000,41.37000000,0.512
1749267089,0.57700000,1213.40000000,0.512
1749267089,0.57800000,1872.16000000,0.512
1749267089,0.57900000,233.70000000,0.512
1749267089,0.58000000,1486.31000000,0.512
1749267089,0.58100000,40.21000000,0.512
1749267089,0.58200000,247.75000000,0.512
1749267089,0.58300000,28.39000000,0.512
1749267089,0.58500000,69.18000000,0.512
1749267089,0.58600000,58.03000000,0.512
1749267089,0.58800000,16180.43000000,0.512
1749267089,0.58900000,825.99000000,0.512
1749267089,0.59000000,14.79000000,0.512
1749267089,0.59100000,234.00000000,0.512
1749267089,0.59200000,37.69000000,0.512
1749267089,0.59300000,170.79000000,0.512
1749267089,0.59500000,875.09000000,0.512
1749267089,0.59600000,443.43000000,0.512
1749267089,0.59700000,8.59000000,0.512
1749267089,0.59800000,777.01000000,0.512
1749267089,0.59900000,661.38000000,0.512
1749267089,0.60000000,2511.83000000,0.512
1749267089,0.60100000,46.04000000,0.512
1749267089,0.60200000,178.47000000,0.512
1749267089,0.60300000,37.77000000,0.512
1749267089,0.60400000,25.82000000,0.512
1749267089,0.60500000,885.93000000,0.512
1749267089,0.60600000,457.94000000,0.512
1749267089,0.60700000,803.87000000,0.512
1749267089,0.60800000,243.77000000,0.512
1749267089,0.60900000,1024.71000000,0.512
1749267089,0.61000000,879.97000000,0.512
1749267089,0.61100000,452.26000000,0.512
1749267089,0.61200000,66.24000000,0.512
1749267089,0.61300000,2788.22000000,0.512
1749267089,0.61400000,24.03000000,0.512
1749267391,0.51400000,12884.82000000,0.513
1749267391,0.51500000,42337.53000000,0.513
1749267391,0.51600000,24262.83000000,0.513
1749267391,0.51700000,24184.33000000,0.513
1749267391,0.51800000,10973.75000000,0.513
1749267391,0.51900000,13878.34000000,0.513
1749267391,0.52000000,15786.42000000,0.513
1749267391,0.52100000,7825.03000000,0.513
1749267391,0.52200000,6696.63000000,0.513
1749267391,0.52300000,3216.79000000,0.513
1749267391,0.52400000,3370.25000000,0.513
1749267391,0.52500000,1860.13000000,0.513
1749267391,0.52600000,8172.73000000,0.513
1749267391,0.52700000,8922.06000000,0.513
1749267391,0.52800000,1722.69000000,0.513
1749267391,0.52900000,7944.38000000,0.513
1749267391,0.53000000,9155.77000000,0.513
1749267391,0.53100000,2517.21000000,0.513
1749267391,0.53200000,1725.74000000,0.513
1749267391,0.53300000,34.57000000,0.513
1749267391,0.53400000,4813.79000000,0.513
1749267391,0.53500000,8173.51000000,0.513
1749267391,0.53600000,3553.59000000,0.513
1749267391,0.53700000,153.69000000,0.513
1749267391,0.53800000,1851.92000000,0.513
1749267391,0.53900000,196.04000000,0.513
1749267391,0.54000000,3649.48000000,0.513
1749267391,0.54100000,1535.31000000,0.513
1749267391,0.54200000,1494.20000000,0.513
1749267391,0.54300000,3741.32000000,0.513
1749267391,0.54400000,397.19000000,0.513
1749267391,0.54500000,34.72000000,0.513
1749267391,0.54600000,51.72000000,0.513
1749267391,0.54700000,234.29000000,0.513
1749267391,0.54800000,38.60000000,0.513
1749267391,0.54900000,207.16000000,0.513
1749267391,0.55000000,7764.30000000,0.513
1749267391,0.55100000,155.37000000,0.513
1749267391,0.55200000,93.19000000,0.513
1749267391,0.55300000,29.89000000,0.513
1749267391,0.55400000,44.87000000,0.513
1749267391,0.55500000,2238.22000000,0.513
1749267391,0.55600000,30.15000000,0.513
1749267391,0.55700000,83.86000000,0.513
1749267391,0.55800000,102.45000000,0.513
1749267391,0.55900000,31.71000000,0.513
1749267391,0.56000000,1206.05000000,0.513
1749267391,0.56100000,178.02000000,0.513
1749267391,0.56200000,698.91000000,0.513
1749267391,0.56300000,109.00000000,0.513
1749267391,0.56400000,383.53000000,0.513
1749267391,0.56500000,441.76000000,0.513
1749267391,0.56600000,61.60000000,0.513
1749267391,0.56700000,32.10000000,0.513
1749267391,0.56800000,104.85000000,0.513
1749267391,0.56900000,38.64000000,0.513
1749267391,0.57000000,10.64000000,0.513
1749267391,0.57100000,739.00000000,0.513
1749267391,0.57200000,14.79000000,0.513
1749267391,0.57300000,13.79000000,0.513
1749267391,0.57400000,86.63000000,0.513
1749267391,0.57500000,583.50000000,0.513
1749267391,0.57600000,41.37000000,0.513
1749267391,0.57700000,1213.40000000,0.513
1749267391,0.57800000,1872.16000000,0.513
1749267391,0.57900000,233.70000000,0.513
1749267391,0.58000000,1486.31000000,0.513
1749267391,0.58100000,40.21000000,0.513
1749267391,0.58200000,247.75000000,0.513
1749267391,0.58300000,28.39000000,0.513
1749267391,0.58500000,69.18000000,0.513
1749267391,0.58600000,58.03000000,0.513
1749267391,0.58800000,16180.43000000,0.513
1749267391,0.58900000,825.99000000,0.513
1749267391,0.59000000,14.79000000,0.513
1749267391,0.59100000,234.00000000,0.513
1749267391,0.59200000,37.69000000,0.513
1749267391,0.59300000,170.79000000,0.513
1749267391,0.59500000,875.09000000,0.513
1749267391,0.59600000,443.43000000,0.513
1749267391,0.59700000,8.59000000,0.513
1749267391,0.59800000,777.01000000,0.513
1749267391,0.59900000,661.38000000,0.513
1749267391,0.60000000,2511.83000000,0.513
1749267391,0.60100000,46.04000000,0.513
1749267391,0.60200000,178.47000000,0.513
1749267391,0.60300000,37.77000000,0.513
1749267391,0.60400000,25.82000000,0.513
1749267391,0.60500000,885.93000000,0.513
1749267391,0.60600000,457.94000000,0.513
1749267391,0.60700000,803.87000000,0.513
1749267391,0.60800000,243.77000000,0.513
1749267391,0.60900000,1024.71000000,0.513
1749267391,0.61000000,879.97000000,0.513
1749267391,0.61100000,452.26000000,0.513
1749267391,0.61200000,66.24000000,0.513
1749267391,0.61300000,2788.22000000,0.513
1749267391,0.61400000,24.03000000,0.513
1749267391,0.61600000,180.49000000,0.513
1749267391,0.61700000,1640.47000000,0.513
1749267692,0.51600000,38857.93000000,0.516
1749267692,0.51700000,32226.31000000,0.516
1749267692,0.51800000,24621.81000000,0.516
1749267692,0.51900000,18542.40000000,0.516
1749267692,0.52000000,14876.05000000,0.516
1749267692,0.52100000,14759.68000000,0.516
1749267692,0.52200000,13666.75000000,0.516
1749267692,0.52300000,7572.39000000,0.516
1749267692,0.52400000,6323.23000000,0.516
1749267692,0.52500000,2299.26000000,0.516
1749267692,0.52600000,1618.29000000,0.516
1749267692,0.52700000,9053.07000000,0.516
1749267692,0.52800000,7395.56000000,0.516
1749267692,0.52900000,3066.74000000,0.516
1749267692,0.53000000,2055.69000000,0.516
1749267692,0.53100000,8964.37000000,0.516
1749267692,0.53200000,1725.74000000,0.516
1749267692,0.53300000,8577.51000000,0.516
1749267692,0.53400000,4813.79000000,0.516
1749267692,0.53500000,1075.62000000,0.516
1749267692,0.53600000,3568.14000000,0.516
1749267692,0.53700000,153.69000000,0.516
1749267692,0.53800000,8964.42000000,0.516
1749267692,0.53900000,196.04000000,0.516
1749267692,0.54000000,1832.20000000,0.516
1749267692,0.54100000,1535.31000000,0.516
1749267692,0.54200000,2868.02000000,0.516
1749267692,0.54300000,3741.32000000,0.516
1749267692,0.54400000,867.67000000,0.516
1749267692,0.54500000,34.72000000,0.516
1749267692,0.54600000,51.72000000,0.516
1749267692,0.54700000,234.29000000,0.516
1749267692,0.54800000,38.60000000,0.516
1749267692,0.54900000,207.16000000,0.516
1749267692,0.55000000,7764.30000000,0.516
1749267692,0.55100000,155.37000000,0.516
1749267692,0.55200000,93.19000000,0.516
1749267692,0.55300000,29.89000000,0.516
1749267692,0.55400000,44.87000000,0.516
1749267692,0.55500000,2238.22000000,0.516
1749267692,0.55600000,30.15000000,0.516
1749267692,0.55700000,83.86000000,0.516
1749267692,0.55800000,102.45000000,0.516
1749267692,0.55900000,31.71000000,0.516
1749267692,0.56000000,1206.05000000,0.516
1749267692,0.56100000,178.02000000,0.516
1749267692,0.56200000,698.91000000,0.516
1749267692,0.56300000,109.00000000,0.516
1749267692,0.56400000,383.53000000,0.516
1749267692,0.56500000,441.76000000,0.516
1749267692,0.56600000,81.03000000,0.516
1749267692,0.56700000,51.53000000,0.516
1749267692,0.56800000,104.85000000,0.516
1749267692,0.56900000,38.64000000,0.516
1749267692,0.57000000,10.64000000,0.516
1749267692,0.57100000,739.00000000,0.516
1749267692,0.57200000,14.79000000,0.516
1749267692,0.57300000,13.79000000,0.516
1749267692,0.57400000,86.63000000,0.516
1749267692,0.57500000,583.50000000,0.516
1749267692,0.57600000,41.37000000,0.516
1749267692,0.57700000,1213.40000000,0.516
1749267692,0.57800000,1872.16000000,0.516
1749267692,0.57900000,233.70000000,0.516
1749267692,0.58000000,1486.31000000,0.516
1749267692,0.58100000,40.21000000,0.516
1749267692,0.58200000,247.75000000,0.516
1749267692,0.58300000,28.39000000,0.516
1749267692,0.58500000,69.18000000,0.516
1749267692,0.58600000,58.03000000,0.516
1749267692,0.58800000,16180.43000000,0.516
1749267692,0.58900000,825.99000000,0.516
1749267692,0.59000000,14.79000000,0.516
1749267692,0.59100000,234.00000000,0.516
1749267692,0.59200000,37.69000000,0.516
1749267692,0.59300000,170.79000000,0.516
1749267692,0.59500000,875.09000000,0.516
1749267692,0.59600000,443.43000000,0.516
1749267692,0.59700000,8.59000000,0.516
