timestamp,price,volume,current_price
1749260731,0.17710000,1710.00000000,0.1771
1749260731,0.17720000,33098.00000000,0.1771
1749260731,0.17730000,75692.00000000,0.1771
1749260731,0.17740000,60623.00000000,0.1771
1749260731,0.17750000,46801.00000000,0.1771
1749260731,0.17760000,64041.00000000,0.1771
1749260731,0.17770000,7539.00000000,0.1771
1749260731,0.17780000,62068.00000000,0.1771
1749260731,0.17790000,53807.00000000,0.1771
1749260731,0.17800000,2902.00000000,0.1771
1749260731,0.17810000,197.00000000,0.1771
1749260731,0.17820000,16567.00000000,0.1771
1749260731,0.17830000,2502.00000000,0.1771
1749260731,0.17840000,2945.00000000,0.1771
1749260731,0.17850000,1494.00000000,0.1771
1749260731,0.17860000,5100.00000000,0.1771
1749260731,0.17870000,57827.00000000,0.1771
1749260731,0.17880000,3147.00000000,0.1771
1749260731,0.17890000,3043.00000000,0.1771
1749260731,0.17900000,194.00000000,0.1771
1749260731,0.17910000,2995.00000000,0.1771
1749260731,0.17920000,10933.00000000,0.1771
1749260731,0.17930000,2859.00000000,0.1771
1749260731,0.17940000,43.00000000,0.1771
1749260731,0.17950000,116126.00000000,0.1771
1749260731,0.17970000,2816.00000000,0.1771
1749260731,0.17980000,33.00000000,0.1771
1749260731,0.17990000,8828.00000000,0.1771
1749260731,0.18000000,2549.00000000,0.1771
1749260731,0.18010000,2050.00000000,0.1771
1749260731,0.18020000,2860.00000000,0.1771
1749260731,0.18050000,4733.00000000,0.1771
1749260731,0.18070000,126.00000000,0.1771
1749260731,0.18100000,4336.00000000,0.1771
1749260731,0.18110000,44.00000000,0.1771
1749260731,0.18130000,50.00000000,0.1771
1749260731,0.18160000,44.00000000,0.1771
1749260731,0.18180000,6540.00000000,0.1771
1749260731,0.18190000,1353.00000000,0.1771
1749260731,0.18210000,202.00000000,0.1771
1749260731,0.18230000,34.00000000,0.1771
1749260731,0.18250000,31.00000000,0.1771
1749260731,0.18260000,43.00000000,0.1771
1749260731,0.18280000,680.00000000,0.1771
1749260731,0.18320000,44.00000000,0.1771
1749260731,0.18330000,99.00000000,0.1771
1749260731,0.18350000,5969.00000000,0.1771
1749260731,0.18360000,2200.00000000,0.1771
1749260731,0.18380000,143.00000000,0.1771
1749260731,0.18460000,54.00000000,0.1771
1749260731,0.18470000,43.00000000,0.1771
1749260731,0.18480000,65.00000000,0.1771
1749260731,0.18510000,606.00000000,0.1771
1749260731,0.18520000,6678.00000000,0.1771
1749260731,0.18530000,43.00000000,0.1771
1749260731,0.18540000,11000.00000000,0.1771
1749260731,0.18580000,150.00000000,0.1771
1749260731,0.18600000,2130.00000000,0.1771
1749260731,0.18670000,57.00000000,0.1771
1749260731,0.18680000,42.00000000,0.1771
1749260731,0.18690000,43.00000000,0.1771
1749260731,0.18720000,680.00000000,0.1771
1749260731,0.18730000,1000.00000000,0.1771
1749260731,0.18740000,64.00000000,0.1771
1749260731,0.18760000,57.00000000,0.1771
1749260731,0.18780000,251.00000000,0.1771
1749260731,0.18810000,136.00000000,0.1771
1749260731,0.18840000,34.00000000,0.1771
1749260731,0.18850000,432.00000000,0.1771
1749260731,0.18890000,1678.00000000,0.1771
1749260731,0.18900000,42185.00000000,0.1771
1749260731,0.18910000,1000.00000000,0.1771
1749260731,0.18940000,57.00000000,0.1771
1749260731,0.18950000,64.00000000,0.1771
1749260731,0.18970000,32.00000000,0.1771
1749260731,0.19000000,706.00000000,0.1771
1749260731,0.19020000,180.00000000,0.1771
1749260731,0.19030000,57.00000000,0.1771
1749260731,0.19080000,4298.00000000,0.1771
1749260731,0.19090000,1000.00000000,0.1771
1749260731,0.19100000,706.00000000,0.1771
1749260731,0.19110000,136.00000000,0.1771
1749260731,0.19120000,100.00000000,0.1771
1749260731,0.19150000,27.00000000,0.1771
1749260731,0.19160000,121.00000000,0.1771
1749260731,0.19170000,680.00000000,0.1771
1749260731,0.19190000,156.00000000,0.1771
1749260731,0.19200000,651.00000000,0.1771
1749260731,0.19220000,1000.00000000,0.1771
1749260731,0.19230000,586.00000000,0.1771
1749260731,0.19250000,177.00000000,0.1771
1749260731,0.19270000,259.00000000,0.1771
1749260731,0.19280000,1029.00000000,0.1771
1749260731,0.19290000,846.00000000,0.1771
1749260731,0.19300000,5263.00000000,0.1771
1749260731,0.19320000,1031.00000000,0.1771
1749260731,0.19330000,63.00000000,0.1771
1749260731,0.19340000,43.00000000,0.1771
1749260731,0.19350000,9375.00000000,0.1771
1749260731,0.19380000,57.00000000,0.1771
1749261052,0.17710000,10790.00000000,0.177
1749261052,0.17720000,36786.00000000,0.177
1749261052,0.17730000,19431.00000000,0.177
1749261052,0.17740000,56926.00000000,0.177
1749261052,0.17750000,42893.00000000,0.177
1749261052,0.17760000,70309.00000000,0.177
1749261052,0.17770000,93767.00000000,0.177
1749261052,0.17780000,55389.00000000,0.177
1749261052,0.17790000,2674.00000000,0.177
1749261052,0.17800000,4666.00000000,0.177
1749261052,0.17810000,197.00000000,0.177
1749261052,0.17820000,21454.00000000,0.177
1749261052,0.17830000,86.00000000,0.177
1749261052,0.17840000,5361.00000000,0.177
1749261052,0.17850000,52369.00000000,0.177
1749261052,0.17860000,5100.00000000,0.177
1749261052,0.17870000,1302.00000000,0.177
1749261052,0.17880000,3147.00000000,0.177
1749261052,0.17890000,3043.00000000,0.177
1749261052,0.17900000,194.00000000,0.177
1749261052,0.17910000,2995.00000000,0.177
1749261052,0.17920000,10933.00000000,0.177
1749261052,0.17930000,2859.00000000,0.177
1749261052,0.17940000,43.00000000,0.177
1749261052,0.17950000,2816.00000000,0.177
1749261052,0.17970000,2816.00000000,0.177
1749261052,0.17980000,33.00000000,0.177
1749261052,0.17990000,121878.00000000,0.177
1749261052,0.18000000,2549.00000000,0.177
1749261052,0.18010000,2050.00000000,0.177
1749261052,0.18020000,2860.00000000,0.177
1749261052,0.18050000,4733.00000000,0.177
1749261052,0.18070000,126.00000000,0.177
1749261052,0.18100000,4336.00000000,0.177
1749261052,0.18110000,44.00000000,0.177
1749261052,0.18130000,50.00000000,0.177
1749261052,0.18160000,44.00000000,0.177
1749261052,0.18180000,1039.00000000,0.177
1749261052,0.18210000,202.00000000,0.177
1749261052,0.18230000,5535.00000000,0.177
1749261052,0.18240000,1353.00000000,0.177
1749261052,0.18250000,31.00000000,0.177
1749261052,0.18260000,43.00000000,0.177
1749261052,0.18280000,680.00000000,0.177
1749261052,0.18320000,44.00000000,0.177
1749261052,0.18330000,99.00000000,0.177
1749261052,0.18350000,88.00000000,0.177
1749261052,0.18360000,2200.00000000,0.177
1749261052,0.18380000,143.00000000,0.177
1749261052,0.18400000,5881.00000000,0.177
1749261052,0.18460000,54.00000000,0.177
1749261052,0.18470000,43.00000000,0.177
1749261052,0.18480000,65.00000000,0.177
1749261052,0.18510000,606.00000000,0.177
1749261052,0.18520000,6678.00000000,0.177
1749261052,0.18530000,43.00000000,0.177
1749261052,0.18540000,11000.00000000,0.177
1749261052,0.18580000,150.00000000,0.177
1749261052,0.18600000,2130.00000000,0.177
1749261052,0.18670000,57.00000000,0.177
1749261052,0.18680000,42.00000000,0.177
1749261052,0.18690000,43.00000000,0.177
1749261052,0.18720000,680.00000000,0.177
1749261052,0.18730000,1000.00000000,0.177
1749261052,0.18740000,64.00000000,0.177
1749261052,0.18760000,57.00000000,0.177
1749261052,0.18780000,251.00000000,0.177
1749261052,0.18810000,136.00000000,0.177
1749261052,0.18840000,34.00000000,0.177
1749261052,0.18850000,432.00000000,0.177
1749261052,0.18890000,1678.00000000,0.177
1749261052,0.18900000,42185.00000000,0.177
1749261052,0.18910000,1000.00000000,0.177
1749261052,0.18940000,57.00000000,0.177
1749261052,0.18950000,64.00000000,0.177
1749261052,0.18970000,32.00000000,0.177
1749261052,0.19000000,706.00000000,0.177
1749261052,0.19020000,180.00000000,0.177
1749261052,0.19030000,57.00000000,0.177
1749261052,0.19080000,4298.00000000,0.177
1749261052,0.19090000,1000.00000000,0.177
1749261052,0.19100000,706.00000000,0.177
1749261052,0.19110000,136.00000000,0.177
1749261052,0.19120000,100.00000000,0.177
1749261052,0.19150000,27.00000000,0.177
1749261052,0.19160000,121.00000000,0.177
1749261052,0.19170000,680.00000000,0.177
1749261052,0.19190000,156.00000000,0.177
1749261052,0.19200000,651.00000000,0.177
1749261052,0.19220000,1000.00000000,0.177
1749261052,0.19230000,586.00000000,0.177
1749261052,0.19250000,177.00000000,0.177
1749261052,0.19270000,259.00000000,0.177
1749261052,0.19280000,1029.00000000,0.177
1749261052,0.19290000,846.00000000,0.177
1749261052,0.19300000,5263.00000000,0.177
1749261052,0.19320000,1031.00000000,0.177
1749261052,0.19330000,63.00000000,0.177
1749261052,0.19340000,43.00000000,0.177
1749261052,0.19350000,9375.00000000,0.177
1749261356,0.17700000,6089.00000000,0.1768
1749261356,0.17710000,50008.00000000,0.1768
1749261356,0.17720000,45503.00000000,0.1768
1749261356,0.17730000,56769.00000000,0.1768
1749261356,0.17740000,78640.00000000,0.1768
1749261356,0.17750000,83533.00000000,0.1768
1749261356,0.17760000,10343.00000000,0.1768
1749261356,0.17770000,1879.00000000,0.1768
1749261356,0.17780000,60169.00000000,0.1768
1749261356,0.17790000,4440.00000000,0.1768
1749261356,0.17800000,2902.00000000,0.1768
1749261356,0.17810000,2613.00000000,0.1768
1749261356,0.17820000,16685.00000000,0.1768
1749261356,0.17830000,86.00000000,0.1768
1749261356,0.17840000,2945.00000000,0.1768
1749261356,0.17850000,58019.00000000,0.1768
1749261356,0.17860000,5100.00000000,0.1768
1749261356,0.17870000,1302.00000000,0.1768
1749261356,0.17880000,3147.00000000,0.1768
1749261356,0.17890000,3043.00000000,0.1768
1749261356,0.17900000,194.00000000,0.1768
1749261356,0.17910000,2995.00000000,0.1768
1749261356,0.17920000,10933.00000000,0.1768
1749261356,0.17930000,2859.00000000,0.1768
1749261356,0.17940000,43.00000000,0.1768
1749261356,0.17950000,2816.00000000,0.1768
1749261356,0.17970000,115866.00000000,0.1768
1749261356,0.17980000,33.00000000,0.1768
1749261356,0.17990000,8828.00000000,0.1768
1749261356,0.18000000,2549.00000000,0.1768
1749261356,0.18010000,2050.00000000,0.1768
1749261356,0.18020000,2860.00000000,0.1768
1749261356,0.18050000,4733.00000000,0.1768
1749261356,0.18070000,126.00000000,0.1768
1749261356,0.18100000,4336.00000000,0.1768
1749261356,0.18110000,44.00000000,0.1768
1749261356,0.18130000,50.00000000,0.1768
1749261356,0.18160000,44.00000000,0.1768
1749261356,0.18180000,6540.00000000,0.1768
1749261356,0.18190000,1353.00000000,0.1768
1749261356,0.18210000,202.00000000,0.1768
1749261356,0.18230000,34.00000000,0.1768
1749261356,0.18250000,31.00000000,0.1768
1749261356,0.18260000,43.00000000,0.1768
1749261356,0.18280000,680.00000000,0.1768
1749261356,0.18320000,44.00000000,0.1768
1749261356,0.18330000,99.00000000,0.1768
1749261356,0.18350000,5969.00000000,0.1768
1749261356,0.18360000,2200.00000000,0.1768
1749261356,0.18380000,143.00000000,0.1768
1749261356,0.18460000,54.00000000,0.1768
1749261356,0.18470000,43.00000000,0.1768
1749261356,0.18480000,65.00000000,0.1768
1749261356,0.18510000,606.00000000,0.1768
1749261356,0.18520000,6678.00000000,0.1768
1749261356,0.18530000,43.00000000,0.1768
1749261356,0.18540000,11000.00000000,0.1768
1749261356,0.18580000,150.00000000,0.1768
1749261356,0.18600000,2130.00000000,0.1768
1749261356,0.18670000,57.00000000,0.1768
1749261356,0.18680000,42.00000000,0.1768
1749261356,0.18690000,43.00000000,0.1768
1749261356,0.18720000,680.00000000,0.1768
1749261356,0.18730000,1000.00000000,0.1768
1749261356,0.18740000,64.00000000,0.1768
1749261356,0.18760000,57.00000000,0.1768
1749261356,0.18780000,251.00000000,0.1768
1749261356,0.18810000,136.00000000,0.1768
1749261356,0.18840000,34.00000000,0.1768
1749261356,0.18850000,432.00000000,0.1768
1749261356,0.18890000,1678.00000000,0.1768
1749261356,0.18900000,42185.00000000,0.1768
1749261356,0.18910000,1000.00000000,0.1768
1749261356,0.18940000,57.00000000,0.1768
1749261356,0.18950000,64.00000000,0.1768
1749261356,0.18970000,32.00000000,0.1768
1749261356,0.19000000,706.00000000,0.1768
1749261356,0.19020000,180.00000000,0.1768
1749261356,0.19030000,57.00000000,0.1768
1749261356,0.19080000,4298.00000000,0.1768
1749261356,0.19090000,1000.00000000,0.1768
1749261356,0.19100000,706.00000000,0.1768
1749261356,0.19110000,136.00000000,0.1768
1749261356,0.19120000,100.00000000,0.1768
1749261356,0.19150000,27.00000000,0.1768
1749261356,0.19160000,121.00000000,0.1768
1749261356,0.19170000,680.00000000,0.1768
1749261356,0.19190000,156.00000000,0.1768
1749261356,0.19200000,651.00000000,0.1768
1749261356,0.19220000,1000.00000000,0.1768
1749261356,0.19230000,586.00000000,0.1768
1749261356,0.19250000,177.00000000,0.1768
1749261356,0.19270000,259.00000000,0.1768
1749261356,0.19280000,1029.00000000,0.1768
1749261356,0.19290000,846.00000000,0.1768
1749261356,0.19300000,5263.00000000,0.1768
1749261356,0.19320000,1031.00000000,0.1768
1749261356,0.19330000,63.00000000,0.1768
1749261356,0.19340000,43.00000000,0.1768
1749261356,0.19350000,9375.00000000,0.1768
1749261658,0.17700000,1710.00000000,0.177
1749261658,0.17710000,25467.00000000,0.177
1749261658,0.17720000,51685.00000000,0.177
1749261658,0.17730000,44533.00000000,0.177
1749261658,0.17740000,33381.00000000,0.177
1749261658,0.17750000,7437.00000000,0.177
1749261658,0.17760000,44799.00000000,0.177
1749261658,0.17770000,60578.00000000,0.177
1749261658,0.17780000,55389.00000000,0.177
1749261658,0.17790000,4440.00000000,0.177
1749261658,0.17800000,2902.00000000,0.177
1749261658,0.17810000,2613.00000000,0.177
1749261658,0.17820000,16685.00000000,0.177
1749261658,0.17830000,4852.00000000,0.177
1749261658,0.17840000,2945.00000000,0.177
1749261658,0.17850000,1494.00000000,0.177
1749261658,0.17860000,61595.00000000,0.177
1749261658,0.17870000,1302.00000000,0.177
1749261658,0.17880000,3147.00000000,0.177
1749261658,0.17890000,3043.00000000,0.177
1749261658,0.17900000,194.00000000,0.177
1749261658,0.17910000,2995.00000000,0.177
1749261658,0.17920000,10933.00000000,0.177
1749261658,0.17930000,2859.00000000,0.177
1749261658,0.17940000,43.00000000,0.177
1749261658,0.17950000,2816.00000000,0.177
1749261658,0.17970000,115866.00000000,0.177
1749261658,0.17980000,33.00000000,0.177
1749261658,0.17990000,8828.00000000,0.177
1749261658,0.18000000,2549.00000000,0.177
1749261658,0.18010000,2050.00000000,0.177
1749261658,0.18020000,2860.00000000,0.177
1749261658,0.18050000,4733.00000000,0.177
1749261658,0.18070000,126.00000000,0.177
1749261658,0.18100000,4336.00000000,0.177
1749261658,0.18110000,44.00000000,0.177
1749261658,0.18130000,50.00000000,0.177
1749261658,0.18160000,44.00000000,0.177
1749261658,0.18180000,6540.00000000,0.177
1749261658,0.18190000,1353.00000000,0.177
1749261658,0.18210000,202.00000000,0.177
1749261658,0.18230000,34.00000000,0.177
1749261658,0.18250000,31.00000000,0.177
1749261658,0.18260000,43.00000000,0.177
1749261658,0.18280000,680.00000000,0.177
1749261658,0.18320000,44.00000000,0.177
1749261658,0.18330000,99.00000000,0.177
1749261658,0.18350000,5969.00000000,0.177
1749261658,0.18360000,2200.00000000,0.177
1749261658,0.18380000,143.00000000,0.177
1749261658,0.18460000,54.00000000,0.177
1749261658,0.18470000,43.00000000,0.177
1749261658,0.18480000,65.00000000,0.177
1749261658,0.18510000,606.00000000,0.177
1749261658,0.18520000,6678.00000000,0.177
1749261658,0.18530000,43.00000000,0.177
1749261658,0.18540000,11000.00000000,0.177
1749261658,0.18580000,150.00000000,0.177
1749261658,0.18600000,2130.00000000,0.177
1749261658,0.18670000,57.00000000,0.177
1749261658,0.18680000,42.00000000,0.177
1749261658,0.18690000,43.00000000,0.177
1749261658,0.18720000,680.00000000,0.177
1749261658,0.18730000,1000.00000000,0.177
1749261658,0.18740000,64.00000000,0.177
1749261658,0.18760000,57.00000000,0.177
1749261658,0.18780000,251.00000000,0.177
1749261658,0.18810000,136.00000000,0.177
1749261658,0.18840000,34.00000000,0.177
1749261658,0.18850000,432.00000000,0.177
1749261658,0.18890000,1678.00000000,0.177
1749261658,0.18900000,42185.00000000,0.177
1749261658,0.18910000,1000.00000000,0.177
1749261658,0.18940000,57.00000000,0.177
1749261658,0.18950000,64.00000000,0.177
1749261658,0.18970000,32.00000000,0.177
1749261658,0.19000000,706.00000000,0.177
1749261658,0.19020000,180.00000000,0.177
1749261658,0.19030000,57.00000000,0.177
1749261658,0.19080000,4298.00000000,0.177
1749261658,0.19090000,1000.00000000,0.177
1749261658,0.19100000,706.00000000,0.177
1749261658,0.19110000,136.00000000,0.177
1749261658,0.19120000,100.00000000,0.177
1749261658,0.19150000,27.00000000,0.177
1749261658,0.19160000,121.00000000,0.177
1749261658,0.19170000,680.00000000,0.177
1749261658,0.19190000,156.00000000,0.177
1749261658,0.19200000,651.00000000,0.177
1749261658,0.19220000,1000.00000000,0.177
1749261658,0.19230000,586.00000000,0.177
1749261658,0.19250000,177.00000000,0.177
1749261658,0.19270000,259.00000000,0.177
1749261658,0.19280000,1029.00000000,0.177
1749261658,0.19290000,846.00000000,0.177
1749261658,0.19300000,5263.00000000,0.177
1749261658,0.19320000,1031.00000000,0.177
1749261658,0.19330000,63.00000000,0.177
1749261658,0.19340000,43.00000000,0.177
1749261658,0.19350000,9375.00000000,0.177
1749261965,0.17670000,19608.00000000,0.1766
1749261965,0.17680000,63638.00000000,0.1766
1749261965,0.17690000,53870.00000000,0.1766
1749261965,0.17700000,41911.00000000,0.1766
1749261965,0.17710000,19456.00000000,0.1766
1749261965,0.17720000,49449.00000000,0.1766
1749261965,0.17730000,16452.00000000,0.1766
1749261965,0.17740000,47888.00000000,0.1766
1749261965,0.17750000,1826.00000000,0.1766
1749261965,0.17760000,4702.00000000,0.1766
1749261965,0.17770000,1879.00000000,0.1766
1749261965,0.17780000,58407.00000000,0.1766
1749261965,0.17790000,2674.00000000,0.1766
1749261965,0.17800000,2902.00000000,0.1766
1749261965,0.17810000,59203.00000000,0.1766
1749261965,0.17820000,16685.00000000,0.1766
1749261965,0.17830000,86.00000000,0.1766
1749261965,0.17840000,2945.00000000,0.1766
1749261965,0.17850000,1494.00000000,0.1766
1749261965,0.17860000,5100.00000000,0.1766
1749261965,0.17870000,1302.00000000,0.1766
1749261965,0.17880000,3147.00000000,0.1766
1749261965,0.17890000,3043.00000000,0.1766
1749261965,0.17900000,194.00000000,0.1766
1749261965,0.17910000,2995.00000000,0.1766
1749261965,0.17920000,10933.00000000,0.1766
1749261965,0.17930000,2859.00000000,0.1766
1749261965,0.17940000,43.00000000,0.1766
1749261965,0.17950000,2816.00000000,0.1766
1749261965,0.17960000,113180.00000000,0.1766
1749261965,0.17970000,2816.00000000,0.1766
1749261965,0.17980000,33.00000000,0.1766
1749261965,0.17990000,8828.00000000,0.1766
1749261965,0.18000000,2549.00000000,0.1766
1749261965,0.18010000,2050.00000000,0.1766
1749261965,0.18020000,2860.00000000,0.1766
1749261965,0.18050000,4733.00000000,0.1766
1749261965,0.18070000,126.00000000,0.1766
1749261965,0.18100000,4336.00000000,0.1766
1749261965,0.18110000,44.00000000,0.1766
1749261965,0.18130000,50.00000000,0.1766
1749261965,0.18160000,44.00000000,0.1766
1749261965,0.18180000,6540.00000000,0.1766
1749261965,0.18190000,1353.00000000,0.1766
1749261965,0.18210000,202.00000000,0.1766
1749261965,0.18230000,34.00000000,0.1766
1749261965,0.18250000,31.00000000,0.1766
1749261965,0.18260000,43.00000000,0.1766
1749261965,0.18280000,680.00000000,0.1766
1749261965,0.18320000,44.00000000,0.1766
1749261965,0.18330000,99.00000000,0.1766
1749261965,0.18350000,5969.00000000,0.1766
1749261965,0.18360000,2200.00000000,0.1766
1749261965,0.18380000,143.00000000,0.1766
1749261965,0.18460000,54.00000000,0.1766
1749261965,0.18470000,43.00000000,0.1766
1749261965,0.18480000,65.00000000,0.1766
1749261965,0.18510000,606.00000000,0.1766
1749261965,0.18520000,6678.00000000,0.1766
1749261965,0.18530000,43.00000000,0.1766
1749261965,0.18540000,11000.00000000,0.1766
1749261965,0.18580000,150.00000000,0.1766
1749261965,0.18600000,2130.00000000,0.1766
1749261965,0.18670000,57.00000000,0.1766
1749261965,0.18680000,42.00000000,0.1766
1749261965,0.18690000,43.00000000,0.1766
1749261965,0.18720000,680.00000000,0.1766
1749261965,0.18730000,1000.00000000,0.1766
1749261965,0.18740000,64.00000000,0.1766
1749261965,0.18760000,57.00000000,0.1766
1749261965,0.18780000,251.00000000,0.1766
1749261965,0.18810000,136.00000000,0.1766
1749261965,0.18840000,34.00000000,0.1766
1749261965,0.18850000,432.00000000,0.1766
1749261965,0.18890000,1678.00000000,0.1766
1749261965,0.18900000,42185.00000000,0.1766
1749261965,0.18910000,1000.00000000,0.1766
1749261965,0.18940000,57.00000000,0.1766
1749261965,0.18950000,64.00000000,0.1766
1749261965,0.18970000,32.00000000,0.1766
1749261965,0.19000000,706.00000000,0.1766
1749261965,0.19020000,180.00000000,0.1766
1749261965,0.19030000,57.00000000,0.1766
1749261965,0.19080000,4298.00000000,0.1766
1749261965,0.19090000,1000.00000000,0.1766
1749261965,0.19100000,706.00000000,0.1766
1749261965,0.19110000,136.00000000,0.1766
1749261965,0.19120000,100.00000000,0.1766
1749261965,0.19150000,27.00000000,0.1766
1749261965,0.19160000,121.00000000,0.1766
1749261965,0.19170000,680.00000000,0.1766
1749261965,0.19190000,156.00000000,0.1766
1749261965,0.19200000,651.00000000,0.1766
1749261965,0.19220000,1000.00000000,0.1766
1749261965,0.19230000,586.00000000,0.1766
1749261965,0.19250000,177.00000000,0.1766
1749261965,0.19270000,259.00000000,0.1766
1749261965,0.19280000,1029.00000000,0.1766
1749261965,0.19290000,846.00000000,0.1766
1749261965,0.19300000,5263.00000000,0.1766
1749262266,0.17720000,27979.00000000,0.177
1749262266,0.17730000,72105.00000000,0.177
1749262266,0.17740000,49556.00000000,0.177
1749262266,0.17750000,52760.00000000,0.177
1749262266,0.17760000,45542.00000000,0.177
1749262266,0.17770000,1879.00000000,0.177
1749262266,0.17780000,109050.00000000,0.177
1749262266,0.17790000,11826.00000000,0.177
1749262266,0.17800000,2902.00000000,0.177
1749262266,0.17810000,197.00000000,0.177
1749262266,0.17820000,5318.00000000,0.177
1749262266,0.17830000,86.00000000,0.177
1749262266,0.17840000,2945.00000000,0.177
1749262266,0.17850000,15250.00000000,0.177
1749262266,0.17860000,61625.00000000,0.177
1749262266,0.17870000,1302.00000000,0.177
1749262266,0.17880000,3147.00000000,0.177
1749262266,0.17890000,3043.00000000,0.177
1749262266,0.17900000,194.00000000,0.177
1749262266,0.17910000,2995.00000000,0.177
1749262266,0.17920000,10933.00000000,0.177
1749262266,0.17930000,2859.00000000,0.177
1749262266,0.17940000,43.00000000,0.177
1749262266,0.17950000,2816.00000000,0.177
1749262266,0.17970000,2816.00000000,0.177
1749262266,0.17980000,33.00000000,0.177
1749262266,0.17990000,8828.00000000,0.177
1749262266,0.18000000,115599.00000000,0.177
1749262266,0.18010000,2050.00000000,0.177
1749262266,0.18020000,2860.00000000,0.177
1749262266,0.18050000,4733.00000000,0.177
1749262266,0.18070000,126.00000000,0.177
1749262266,0.18100000,4336.00000000,0.177
1749262266,0.18110000,44.00000000,0.177
1749262266,0.18130000,50.00000000,0.177
1749262266,0.18160000,44.00000000,0.177
1749262266,0.18180000,6540.00000000,0.177
1749262266,0.18190000,1353.00000000,0.177
1749262266,0.18210000,202.00000000,0.177
1749262266,0.18230000,34.00000000,0.177
1749262266,0.18250000,31.00000000,0.177
1749262266,0.18260000,43.00000000,0.177
1749262266,0.18280000,680.00000000,0.177
1749262266,0.18320000,44.00000000,0.177
1749262266,0.18330000,99.00000000,0.177
1749262266,0.18350000,5969.00000000,0.177
1749262266,0.18360000,2200.00000000,0.177
1749262266,0.18380000,143.00000000,0.177
1749262266,0.18460000,54.00000000,0.177
1749262266,0.18470000,43.00000000,0.177
1749262266,0.18480000,65.00000000,0.177
1749262266,0.18510000,606.00000000,0.177
1749262266,0.18520000,6678.00000000,0.177
1749262266,0.18530000,43.00000000,0.177
1749262266,0.18540000,11000.00000000,0.177
1749262266,0.18580000,150.00000000,0.177
1749262266,0.18600000,2130.00000000,0.177
1749262266,0.18670000,57.00000000,0.177
1749262266,0.18680000,42.00000000,0.177
1749262266,0.18690000,43.00000000,0.177
1749262266,0.18720000,680.00000000,0.177
1749262266,0.18730000,1000.00000000,0.177
1749262266,0.18740000,64.00000000,0.177
1749262266,0.18760000,57.00000000,0.177
1749262266,0.18780000,251.00000000,0.177
1749262266,0.18810000,136.00000000,0.177
1749262266,0.18840000,34.00000000,0.177
1749262266,0.18850000,432.00000000,0.177
1749262266,0.18890000,1678.00000000,0.177
1749262266,0.18900000,42185.00000000,0.177
1749262266,0.18910000,1000.00000000,0.177
1749262266,0.18940000,57.00000000,0.177
1749262266,0.18950000,64.00000000,0.177
1749262266,0.18970000,32.00000000,0.177
1749262266,0.19000000,706.00000000,0.177
1749262266,0.19020000,180.00000000,0.177
1749262266,0.19030000,57.00000000,0.177
1749262266,0.19080000,4298.00000000,0.177
1749262266,0.19090000,1000.00000000,0.177
1749262266,0.19100000,706.00000000,0.177
1749262266,0.19110000,136.00000000,0.177
1749262266,0.19120000,100.00000000,0.177
1749262266,0.19150000,27.00000000,0.177
1749262266,0.19160000,121.00000000,0.177
1749262266,0.19170000,680.00000000,0.177
1749262266,0.19190000,156.00000000,0.177
1749262266,0.19200000,651.00000000,0.177
1749262266,0.19220000,1000.00000000,0.177
1749262266,0.19230000,586.00000000,0.177
1749262266,0.19250000,177.00000000,0.177
1749262266,0.19270000,259.00000000,0.177
1749262266,0.19280000,1029.00000000,0.177
1749262266,0.19290000,846.00000000,0.177
1749262266,0.19300000,5263.00000000,0.177
1749262266,0.19320000,1031.00000000,0.177
1749262266,0.19330000,63.00000000,0.177
1749262266,0.19340000,43.00000000,0.177
1749262266,0.19350000,9375.00000000,0.177
1749262266,0.19380000,57.00000000,0.177
1749262266,0.19400000,107.00000000,0.177
1749262568,0.17720000,3420.00000000,0.1771
1749262568,0.17730000,32044.00000000,0.1771
1749262568,0.17740000,29076.00000000,0.1771
1749262568,0.17750000,69422.00000000,0.1771
1749262568,0.17760000,58258.00000000,0.1771
1749262568,0.17770000,104347.00000000,0.1771
1749262568,0.17780000,16368.00000000,0.1771
1749262568,0.17790000,3830.00000000,0.1771
1749262568,0.17800000,4646.00000000,0.1771
1749262568,0.17810000,50888.00000000,0.1771
1749262568,0.17820000,10087.00000000,0.1771
1749262568,0.17830000,86.00000000,0.1771
1749262568,0.17840000,3533.00000000,0.1771
1749262568,0.17850000,15062.00000000,0.1771
1749262568,0.17860000,5100.00000000,0.1771
1749262568,0.17870000,57767.00000000,0.1771
1749262568,0.17880000,3147.00000000,0.1771
1749262568,0.17890000,3043.00000000,0.1771
1749262568,0.17900000,194.00000000,0.1771
1749262568,0.17910000,2995.00000000,0.1771
1749262568,0.17920000,1243.00000000,0.1771
1749262568,0.17930000,2859.00000000,0.1771
1749262568,0.17940000,43.00000000,0.1771
1749262568,0.17950000,2859.00000000,0.1771
1749262568,0.17970000,2816.00000000,0.1771
1749262568,0.17980000,33.00000000,0.1771
1749262568,0.17990000,8828.00000000,0.1771
1749262568,0.18000000,125169.00000000,0.1771
1749262568,0.18020000,2860.00000000,0.1771
1749262568,0.18050000,4733.00000000,0.1771
1749262568,0.18060000,2050.00000000,0.1771
1749262568,0.18070000,126.00000000,0.1771
1749262568,0.18100000,2000.00000000,0.1771
1749262568,0.18110000,44.00000000,0.1771
1749262568,0.18130000,50.00000000,0.1771
1749262568,0.18150000,2336.00000000,0.1771
1749262568,0.18160000,44.00000000,0.1771
1749262568,0.18180000,1039.00000000,0.1771
1749262568,0.18210000,202.00000000,0.1771
1749262568,0.18230000,5535.00000000,0.1771
1749262568,0.18240000,1353.00000000,0.1771
1749262568,0.18250000,31.00000000,0.1771
1749262568,0.18260000,43.00000000,0.1771
1749262568,0.18280000,680.00000000,0.1771
1749262568,0.18320000,44.00000000,0.1771
1749262568,0.18330000,99.00000000,0.1771
1749262568,0.18350000,88.00000000,0.1771
1749262568,0.18360000,2200.00000000,0.1771
1749262568,0.18380000,143.00000000,0.1771
1749262568,0.18400000,5881.00000000,0.1771
1749262568,0.18460000,54.00000000,0.1771
1749262568,0.18470000,43.00000000,0.1771
1749262568,0.18480000,65.00000000,0.1771
1749262568,0.18510000,606.00000000,0.1771
1749262568,0.18520000,6678.00000000,0.1771
1749262568,0.18530000,43.00000000,0.1771
1749262568,0.18540000,11000.00000000,0.1771
1749262568,0.18580000,150.00000000,0.1771
1749262568,0.18600000,2130.00000000,0.1771
1749262568,0.18670000,57.00000000,0.1771
1749262568,0.18680000,42.00000000,0.1771
1749262568,0.18690000,43.00000000,0.1771
1749262568,0.18720000,680.00000000,0.1771
1749262568,0.18730000,1000.00000000,0.1771
1749262568,0.18740000,64.00000000,0.1771
1749262568,0.18760000,57.00000000,0.1771
1749262568,0.18780000,251.00000000,0.1771
1749262568,0.18810000,136.00000000,0.1771
1749262568,0.18840000,34.00000000,0.1771
1749262568,0.18850000,432.00000000,0.1771
1749262568,0.18890000,1678.00000000,0.1771
1749262568,0.18900000,42185.00000000,0.1771
1749262568,0.18910000,1000.00000000,0.1771
1749262568,0.18940000,57.00000000,0.1771
1749262568,0.18950000,64.00000000,0.1771
1749262568,0.18970000,32.00000000,0.1771
1749262568,0.19000000,706.00000000,0.1771
1749262568,0.19020000,180.00000000,0.1771
1749262568,0.19030000,57.00000000,0.1771
1749262568,0.19080000,4298.00000000,0.1771
1749262568,0.19090000,1000.00000000,0.1771
1749262568,0.19100000,706.00000000,0.1771
1749262568,0.19110000,136.00000000,0.1771
1749262568,0.19120000,100.00000000,0.1771
1749262568,0.19150000,27.00000000,0.1771
1749262568,0.19160000,121.00000000,0.1771
1749262568,0.19170000,680.00000000,0.1771
1749262568,0.19190000,156.00000000,0.1771
1749262568,0.19200000,651.00000000,0.1771
1749262568,0.19220000,1000.00000000,0.1771
1749262568,0.19230000,586.00000000,0.1771
1749262568,0.19250000,177.00000000,0.1771
1749262568,0.19270000,259.00000000,0.1771
1749262568,0.19280000,1029.00000000,0.1771
1749262568,0.19290000,846.00000000,0.1771
1749262568,0.19300000,5263.00000000,0.1771
1749262568,0.19320000,1031.00000000,0.1771
1749262568,0.19330000,63.00000000,0.1771
1749262568,0.19340000,43.00000000,0.1771
1749262568,0.19350000,9375.00000000,0.1771
1749262878,0.17730000,3714.00000000,0.1772
1749262878,0.17740000,23873.00000000,0.1772
1749262878,0.17750000,37709.00000000,0.1772
1749262878,0.17760000,40594.00000000,0.1772
1749262878,0.17770000,29709.00000000,0.1772
1749262878,0.17780000,14931.00000000,0.1772
1749262878,0.17790000,43541.00000000,0.1772
1749262878,0.17800000,58083.00000000,0.1772
1749262878,0.17810000,1939.00000000,0.1772
1749262878,0.17820000,61060.00000000,0.1772
1749262878,0.17830000,86.00000000,0.1772
1749262878,0.17840000,3533.00000000,0.1772
1749262878,0.17850000,15062.00000000,0.1772
1749262878,0.17860000,3422.00000000,0.1772
1749262878,0.17870000,1302.00000000,0.1772
1749262878,0.17880000,59577.00000000,0.1772
1749262878,0.17890000,3043.00000000,0.1772
1749262878,0.17900000,9884.00000000,0.1772
1749262878,0.17910000,4673.00000000,0.1772
1749262878,0.17920000,1243.00000000,0.1772
1749262878,0.17930000,2859.00000000,0.1772
1749262878,0.17940000,43.00000000,0.1772
1749262878,0.17950000,2859.00000000,0.1772
1749262878,0.17970000,2816.00000000,0.1772
1749262878,0.17980000,33.00000000,0.1772
1749262878,0.17990000,8828.00000000,0.1772
1749262878,0.18000000,115479.00000000,0.1772
1749262878,0.18020000,2860.00000000,0.1772
1749262878,0.18050000,2859.00000000,0.1772
1749262878,0.18060000,2050.00000000,0.1772
1749262878,0.18070000,126.00000000,0.1772
1749262878,0.18100000,3874.00000000,0.1772
1749262878,0.18110000,44.00000000,0.1772
1749262878,0.18130000,50.00000000,0.1772
1749262878,0.18150000,2336.00000000,0.1772
1749262878,0.18160000,44.00000000,0.1772
1749262878,0.18180000,1039.00000000,0.1772
1749262878,0.18210000,202.00000000,0.1772
1749262878,0.18230000,5535.00000000,0.1772
1749262878,0.18240000,1353.00000000,0.1772
1749262878,0.18250000,31.00000000,0.1772
1749262878,0.18260000,43.00000000,0.1772
1749262878,0.18280000,680.00000000,0.1772
1749262878,0.18320000,44.00000000,0.1772
1749262878,0.18330000,99.00000000,0.1772
1749262878,0.18350000,88.00000000,0.1772
1749262878,0.18360000,2200.00000000,0.1772
1749262878,0.18380000,143.00000000,0.1772
1749262878,0.18400000,5881.00000000,0.1772
1749262878,0.18460000,54.00000000,0.1772
1749262878,0.18470000,43.00000000,0.1772
1749262878,0.18480000,65.00000000,0.1772
1749262878,0.18510000,606.00000000,0.1772
1749262878,0.18520000,6678.00000000,0.1772
1749262878,0.18530000,43.00000000,0.1772
1749262878,0.18540000,1000.00000000,0.1772
1749262878,0.18580000,150.00000000,0.1772
1749262878,0.18600000,12130.00000000,0.1772
1749262878,0.18670000,57.00000000,0.1772
1749262878,0.18680000,42.00000000,0.1772
1749262878,0.18690000,43.00000000,0.1772
1749262878,0.18720000,680.00000000,0.1772
1749262878,0.18730000,1000.00000000,0.1772
1749262878,0.18740000,64.00000000,0.1772
1749262878,0.18760000,57.00000000,0.1772
1749262878,0.18780000,251.00000000,0.1772
1749262878,0.18810000,136.00000000,0.1772
1749262878,0.18840000,34.00000000,0.1772
1749262878,0.18850000,432.00000000,0.1772
1749262878,0.18890000,1678.00000000,0.1772
1749262878,0.18900000,42185.00000000,0.1772
1749262878,0.18910000,1000.00000000,0.1772
1749262878,0.18940000,57.00000000,0.1772
1749262878,0.18950000,64.00000000,0.1772
1749262878,0.18970000,32.00000000,0.1772
1749262878,0.19000000,706.00000000,0.1772
1749262878,0.19020000,180.00000000,0.1772
1749262878,0.19030000,57.00000000,0.1772
1749262878,0.19080000,4298.00000000,0.1772
1749262878,0.19090000,1000.00000000,0.1772
1749262878,0.19100000,706.00000000,0.1772
1749262878,0.19110000,136.00000000,0.1772
1749262878,0.19120000,100.00000000,0.1772
1749262878,0.19150000,27.00000000,0.1772
1749262878,0.19160000,121.00000000,0.1772
1749262878,0.19170000,680.00000000,0.1772
1749262878,0.19190000,156.00000000,0.1772
1749262878,0.19200000,651.00000000,0.1772
1749262878,0.19220000,1000.00000000,0.1772
1749262878,0.19230000,586.00000000,0.1772
1749262878,0.19250000,177.00000000,0.1772
1749262878,0.19270000,259.00000000,0.1772
1749262878,0.19280000,1029.00000000,0.1772
1749262878,0.19290000,846.00000000,0.1772
1749262878,0.19300000,5263.00000000,0.1772
1749262878,0.19320000,1031.00000000,0.1772
1749262878,0.19330000,63.00000000,0.1772
1749262878,0.19340000,43.00000000,0.1772
1749262878,0.19380000,57.00000000,0.1772
1749262878,0.19400000,107.00000000,0.1772
1749263179,0.17750000,1808.00000000,0.1775
1749263179,0.17760000,30929.00000000,0.1775
1749263179,0.17770000,29142.00000000,0.1775
1749263179,0.17780000,41772.00000000,0.1775
1749263179,0.17790000,20940.00000000,0.1775
1749263179,0.17800000,15115.00000000,0.1775
1749263179,0.17810000,41650.00000000,0.1775
1749263179,0.17820000,107374.00000000,0.1775
1749263179,0.17830000,1824.00000000,0.1775
1749263179,0.17840000,5265.00000000,0.1775
1749263179,0.17850000,86.00000000,0.1775
1749263179,0.17860000,8223.00000000,0.1775
1749263179,0.17870000,3718.00000000,0.1775
1749263179,0.17880000,16864.00000000,0.1775
1749263179,0.17890000,3043.00000000,0.1775
1749263179,0.17900000,56624.00000000,0.1775
1749263179,0.17910000,4673.00000000,0.1775
1749263179,0.17920000,1243.00000000,0.1775
1749263179,0.17930000,2859.00000000,0.1775
1749263179,0.17940000,1494.00000000,0.1775
1749263179,0.17950000,2859.00000000,0.1775
1749263179,0.17960000,43.00000000,0.1775
1749263179,0.17970000,2816.00000000,0.1775
1749263179,0.17980000,33.00000000,0.1775
1749263179,0.17990000,8828.00000000,0.1775
1749263179,0.18000000,125169.00000000,0.1775
1749263179,0.18020000,2860.00000000,0.1775
1749263179,0.18050000,2859.00000000,0.1775
1749263179,0.18060000,2050.00000000,0.1775
1749263179,0.18070000,126.00000000,0.1775
1749263179,0.18100000,3874.00000000,0.1775
1749263179,0.18110000,44.00000000,0.1775
1749263179,0.18130000,50.00000000,0.1775
1749263179,0.18150000,2336.00000000,0.1775
1749263179,0.18160000,44.00000000,0.1775
1749263179,0.18180000,1039.00000000,0.1775
1749263179,0.18210000,202.00000000,0.1775
1749263179,0.18230000,5535.00000000,0.1775
1749263179,0.18240000,1353.00000000,0.1775
1749263179,0.18250000,31.00000000,0.1775
1749263179,0.18260000,43.00000000,0.1775
1749263179,0.18280000,680.00000000,0.1775
1749263179,0.18320000,44.00000000,0.1775
1749263179,0.18330000,99.00000000,0.1775
1749263179,0.18350000,88.00000000,0.1775
1749263179,0.18360000,2200.00000000,0.1775
1749263179,0.18380000,143.00000000,0.1775
1749263179,0.18400000,5881.00000000,0.1775
1749263179,0.18460000,54.00000000,0.1775
1749263179,0.18470000,43.00000000,0.1775
1749263179,0.18480000,65.00000000,0.1775
1749263179,0.18510000,606.00000000,0.1775
1749263179,0.18520000,1000.00000000,0.1775
1749263179,0.18530000,43.00000000,0.1775
1749263179,0.18540000,1000.00000000,0.1775
1749263179,0.18570000,5678.00000000,0.1775
1749263179,0.18580000,150.00000000,0.1775
1749263179,0.18600000,12130.00000000,0.1775
1749263179,0.18670000,57.00000000,0.1775
1749263179,0.18680000,42.00000000,0.1775
1749263179,0.18690000,43.00000000,0.1775
1749263179,0.18720000,680.00000000,0.1775
1749263179,0.18730000,1000.00000000,0.1775
1749263179,0.18740000,64.00000000,0.1775
1749263179,0.18760000,57.00000000,0.1775
1749263179,0.18780000,251.00000000,0.1775
1749263179,0.18810000,136.00000000,0.1775
1749263179,0.18840000,34.00000000,0.1775
1749263179,0.18850000,432.00000000,0.1775
1749263179,0.18890000,1678.00000000,0.1775
1749263179,0.18900000,42185.00000000,0.1775
1749263179,0.18910000,1000.00000000,0.1775
1749263179,0.18940000,57.00000000,0.1775
1749263179,0.18950000,64.00000000,0.1775
1749263179,0.18970000,32.00000000,0.1775
1749263179,0.19000000,706.00000000,0.1775
1749263179,0.19020000,180.00000000,0.1775
1749263179,0.19030000,57.00000000,0.1775
1749263179,0.19080000,4298.00000000,0.1775
1749263179,0.19090000,1000.00000000,0.1775
1749263179,0.19100000,706.00000000,0.1775
1749263179,0.19110000,136.00000000,0.1775
1749263179,0.19120000,100.00000000,0.1775
1749263179,0.19150000,27.00000000,0.1775
1749263179,0.19160000,121.00000000,0.1775
1749263179,0.19170000,680.00000000,0.1775
1749263179,0.19190000,156.00000000,0.1775
1749263179,0.19200000,651.00000000,0.1775
1749263179,0.19220000,1000.00000000,0.1775
1749263179,0.19230000,586.00000000,0.1775
1749263179,0.19250000,177.00000000,0.1775
1749263179,0.19270000,259.00000000,0.1775
1749263179,0.19280000,1029.00000000,0.1775
1749263179,0.19290000,846.00000000,0.1775
1749263179,0.19300000,5263.00000000,0.1775
1749263179,0.19320000,1031.00000000,0.1775
1749263179,0.19330000,63.00000000,0.1775
1749263179,0.19340000,43.00000000,0.1775
1749263179,0.19380000,57.00000000,0.1775
1749263179,0.19400000,107.00000000,0.1775
1749263486,0.17740000,171.00000000,0.1774
1749263486,0.17750000,20563.00000000,0.1774
1749263486,0.17760000,54744.00000000,0.1774
1749263486,0.17770000,25683.00000000,0.1774
1749263486,0.17780000,26760.00000000,0.1774
1749263486,0.17790000,45015.00000000,0.1774
1749263486,0.17800000,15115.00000000,0.1774
1749263486,0.17810000,8208.00000000,0.1774
1749263486,0.17820000,56645.00000000,0.1774
1749263486,0.17830000,1824.00000000,0.1774
1749263486,0.17840000,4677.00000000,0.1774
1749263486,0.17850000,51059.00000000,0.1774
1749263486,0.17860000,8223.00000000,0.1774
1749263486,0.17870000,3493.00000000,0.1774
1749263486,0.17880000,16864.00000000,0.1774
1749263486,0.17890000,59378.00000000,0.1774
1749263486,0.17900000,194.00000000,0.1774
1749263486,0.17910000,4673.00000000,0.1774
1749263486,0.17920000,1243.00000000,0.1774
1749263486,0.17930000,2859.00000000,0.1774
1749263486,0.17940000,1494.00000000,0.1774
1749263486,0.17950000,3715.00000000,0.1774
1749263486,0.17960000,43.00000000,0.1774
1749263486,0.17970000,2859.00000000,0.1774
1749263486,0.17980000,33.00000000,0.1774
1749263486,0.17990000,8828.00000000,0.1774
1749263486,0.18000000,12239.00000000,0.1774
1749263486,0.18020000,2860.00000000,0.1774
1749263486,0.18030000,112670.00000000,0.1774
1749263486,0.18050000,2859.00000000,0.1774
1749263486,0.18060000,2050.00000000,0.1774
1749263486,0.18070000,126.00000000,0.1774
1749263486,0.18100000,3874.00000000,0.1774
1749263486,0.18110000,44.00000000,0.1774
1749263486,0.18130000,50.00000000,0.1774
1749263486,0.18150000,2336.00000000,0.1774
1749263486,0.18160000,44.00000000,0.1774
1749263486,0.18180000,1039.00000000,0.1774
1749263486,0.18210000,202.00000000,0.1774
1749263486,0.18230000,5535.00000000,0.1774
1749263486,0.18240000,1353.00000000,0.1774
1749263486,0.18250000,31.00000000,0.1774
1749263486,0.18260000,43.00000000,0.1774
1749263486,0.18280000,680.00000000,0.1774
1749263486,0.18320000,44.00000000,0.1774
1749263486,0.18330000,99.00000000,0.1774
1749263486,0.18350000,88.00000000,0.1774
1749263486,0.18360000,2200.00000000,0.1774
1749263486,0.18380000,143.00000000,0.1774
1749263486,0.18400000,5881.00000000,0.1774
1749263486,0.18460000,54.00000000,0.1774
1749263486,0.18470000,43.00000000,0.1774
1749263486,0.18480000,65.00000000,0.1774
1749263486,0.18510000,606.00000000,0.1774
1749263486,0.18520000,1000.00000000,0.1774
1749263486,0.18530000,43.00000000,0.1774
1749263486,0.18540000,1000.00000000,0.1774
1749263486,0.18570000,5678.00000000,0.1774
1749263486,0.18580000,150.00000000,0.1774
1749263486,0.18600000,12130.00000000,0.1774
1749263486,0.18670000,57.00000000,0.1774
1749263486,0.18680000,42.00000000,0.1774
1749263486,0.18690000,43.00000000,0.1774
1749263486,0.18720000,680.00000000,0.1774
1749263486,0.18730000,1000.00000000,0.1774
1749263486,0.18740000,64.00000000,0.1774
1749263486,0.18760000,57.00000000,0.1774
1749263486,0.18780000,251.00000000,0.1774
1749263486,0.18810000,136.00000000,0.1774
1749263486,0.18840000,34.00000000,0.1774
1749263486,0.18850000,432.00000000,0.1774
1749263486,0.18890000,1678.00000000,0.1774
1749263486,0.18900000,42185.00000000,0.1774
1749263486,0.18910000,1000.00000000,0.1774
1749263486,0.18940000,57.00000000,0.1774
1749263486,0.18950000,64.00000000,0.1774
1749263486,0.18970000,32.00000000,0.1774
1749263486,0.19000000,706.00000000,0.1774
1749263486,0.19020000,180.00000000,0.1774
1749263486,0.19030000,57.00000000,0.1774
1749263486,0.19080000,4298.00000000,0.1774
1749263486,0.19090000,1000.00000000,0.1774
1749263486,0.19100000,706.00000000,0.1774
1749263486,0.19110000,136.00000000,0.1774
1749263486,0.19120000,100.00000000,0.1774
1749263486,0.19150000,27.00000000,0.1774
1749263486,0.19160000,121.00000000,0.1774
1749263486,0.19170000,680.00000000,0.1774
1749263486,0.19190000,156.00000000,0.1774
1749263486,0.19200000,651.00000000,0.1774
1749263486,0.19220000,1000.00000000,0.1774
1749263486,0.19230000,586.00000000,0.1774
1749263486,0.19250000,177.00000000,0.1774
1749263486,0.19270000,259.00000000,0.1774
1749263486,0.19280000,1029.00000000,0.1774
1749263486,0.19290000,846.00000000,0.1774
1749263486,0.19300000,5263.00000000,0.1774
1749263486,0.19320000,1031.00000000,0.1774
1749263486,0.19330000,63.00000000,0.1774
1749263486,0.19340000,43.00000000,0.1774
1749263792,0.17760000,1743.00000000,0.1775
1749263792,0.17770000,28047.00000000,0.1775
1749263792,0.17780000,56665.00000000,0.1775
1749263792,0.17790000,53266.00000000,0.1775
1749263792,0.17800000,51360.00000000,0.1775
1749263792,0.17810000,35381.00000000,0.1775
1749263792,0.17820000,62277.00000000,0.1775
1749263792,0.17830000,1824.00000000,0.1775
1749263792,0.17840000,4677.00000000,0.1775
1749263792,0.17850000,51088.00000000,0.1775
1749263792,0.17860000,8223.00000000,0.1775
1749263792,0.17870000,3493.00000000,0.1775
1749263792,0.17880000,16576.00000000,0.1775
1749263792,0.17890000,3043.00000000,0.1775
1749263792,0.17900000,56529.00000000,0.1775
1749263792,0.17910000,4673.00000000,0.1775
1749263792,0.17920000,1243.00000000,0.1775
1749263792,0.17930000,2859.00000000,0.1775
1749263792,0.17940000,1494.00000000,0.1775
1749263792,0.17950000,3715.00000000,0.1775
1749263792,0.17960000,43.00000000,0.1775
1749263792,0.17970000,2859.00000000,0.1775
1749263792,0.17990000,8828.00000000,0.1775
1749263792,0.18000000,12239.00000000,0.1775
1749263792,0.18020000,2860.00000000,0.1775
1749263792,0.18030000,112670.00000000,0.1775
1749263792,0.18050000,2859.00000000,0.1775
1749263792,0.18060000,2050.00000000,0.1775
1749263792,0.18070000,126.00000000,0.1775
1749263792,0.18100000,3903.00000000,0.1775
1749263792,0.18130000,50.00000000,0.1775
1749263792,0.18150000,2336.00000000,0.1775
1749263792,0.18180000,1000.00000000,0.1775
1749263792,0.18210000,202.00000000,0.1775
1749263792,0.18230000,5535.00000000,0.1775
1749263792,0.18240000,1353.00000000,0.1775
1749263792,0.18250000,31.00000000,0.1775
1749263792,0.18260000,43.00000000,0.1775
1749263792,0.18280000,680.00000000,0.1775
1749263792,0.18330000,44.00000000,0.1775
1749263792,0.18350000,117.00000000,0.1775
1749263792,0.18360000,2200.00000000,0.1775
1749263792,0.18380000,143.00000000,0.1775
1749263792,0.18400000,5881.00000000,0.1775
1749263792,0.18470000,43.00000000,0.1775
1749263792,0.18480000,65.00000000,0.1775
1749263792,0.18510000,606.00000000,0.1775
1749263792,0.18520000,1000.00000000,0.1775
1749263792,0.18540000,1000.00000000,0.1775
1749263792,0.18570000,5678.00000000,0.1775
1749263792,0.18580000,150.00000000,0.1775
1749263792,0.18600000,12159.00000000,0.1775
1749263792,0.18670000,57.00000000,0.1775
1749263792,0.18680000,42.00000000,0.1775
1749263792,0.18690000,43.00000000,0.1775
1749263792,0.18720000,680.00000000,0.1775
1749263792,0.18730000,1000.00000000,0.1775
1749263792,0.18740000,64.00000000,0.1775
1749263792,0.18760000,57.00000000,0.1775
1749263792,0.18780000,251.00000000,0.1775
1749263792,0.18810000,136.00000000,0.1775
1749263792,0.18840000,34.00000000,0.1775
1749263792,0.18850000,432.00000000,0.1775
1749263792,0.18890000,1966.00000000,0.1775
1749263792,0.18900000,42185.00000000,0.1775
1749263792,0.18910000,1000.00000000,0.1775
1749263792,0.18940000,57.00000000,0.1775
1749263792,0.18950000,64.00000000,0.1775
1749263792,0.18970000,32.00000000,0.1775
1749263792,0.19000000,706.00000000,0.1775
1749263792,0.19020000,180.00000000,0.1775
1749263792,0.19030000,57.00000000,0.1775
1749263792,0.19080000,4298.00000000,0.1775
1749263792,0.19090000,1000.00000000,0.1775
1749263792,0.19100000,706.00000000,0.1775
1749263792,0.19110000,136.00000000,0.1775
1749263792,0.19120000,100.00000000,0.1775
1749263792,0.19150000,27.00000000,0.1775
1749263792,0.19160000,121.00000000,0.1775
1749263792,0.19170000,680.00000000,0.1775
1749263792,0.19190000,156.00000000,0.1775
1749263792,0.19200000,651.00000000,0.1775
1749263792,0.19220000,1000.00000000,0.1775
1749263792,0.19230000,586.00000000,0.1775
1749263792,0.19250000,177.00000000,0.1775
1749263792,0.19270000,259.00000000,0.1775
1749263792,0.19280000,1029.00000000,0.1775
1749263792,0.19290000,846.00000000,0.1775
1749263792,0.19300000,5263.00000000,0.1775
1749263792,0.19320000,1031.00000000,0.1775
1749263792,0.19330000,63.00000000,0.1775
1749263792,0.19340000,43.00000000,0.1775
1749263792,0.19380000,57.00000000,0.1775
1749263792,0.19400000,107.00000000,0.1775
1749263792,0.19410000,136.00000000,0.1775
1749263792,0.19420000,10426.00000000,0.1775
1749263792,0.19430000,778.00000000,0.1775
1749263792,0.19440000,39088.00000000,0.1775
1749263792,0.19460000,1034.00000000,0.1775
1749263792,0.19470000,57.00000000,0.1775
1749264094,0.17760000,4373.00000000,0.1776
1749264094,0.17770000,54501.00000000,0.1776
1749264094,0.17780000,63898.00000000,0.1776
1749264094,0.17790000,33155.00000000,0.1776
1749264094,0.17800000,36675.00000000,0.1776
1749264094,0.17810000,41225.00000000,0.1776
1749264094,0.17820000,4940.00000000,0.1776
1749264094,0.17830000,15581.00000000,0.1776
1749264094,0.17840000,50661.00000000,0.1776
1749264094,0.17850000,51088.00000000,0.1776
1749264094,0.17860000,7660.00000000,0.1776
1749264094,0.17870000,3493.00000000,0.1776
1749264094,0.17880000,2902.00000000,0.1776
1749264094,0.17890000,3086.00000000,0.1776
1749264094,0.17900000,194.00000000,0.1776
1749264094,0.17910000,74475.00000000,0.1776
1749264094,0.17920000,1243.00000000,0.1776
1749264094,0.17930000,2859.00000000,0.1776
1749264094,0.17940000,2057.00000000,0.1776
1749264094,0.17950000,3715.00000000,0.1776
1749264094,0.17960000,43.00000000,0.1776
1749264094,0.17970000,2859.00000000,0.1776
1749264094,0.17980000,43.00000000,0.1776
1749264094,0.17990000,8871.00000000,0.1776
1749264094,0.18000000,12239.00000000,0.1776
1749264094,0.18020000,2860.00000000,0.1776
1749264094,0.18050000,115339.00000000,0.1776
1749264094,0.18060000,2050.00000000,0.1776
1749264094,0.18070000,126.00000000,0.1776
1749264094,0.18100000,3903.00000000,0.1776
1749264094,0.18130000,50.00000000,0.1776
1749264094,0.18150000,2336.00000000,0.1776
1749264094,0.18180000,1000.00000000,0.1776
1749264094,0.18210000,202.00000000,0.1776
1749264094,0.18230000,5535.00000000,0.1776
1749264094,0.18240000,1353.00000000,0.1776
1749264094,0.18250000,31.00000000,0.1776
1749264094,0.18260000,43.00000000,0.1776
1749264094,0.18280000,680.00000000,0.1776
1749264094,0.18330000,44.00000000,0.1776
1749264094,0.18350000,117.00000000,0.1776
1749264094,0.18360000,2200.00000000,0.1776
1749264094,0.18380000,143.00000000,0.1776
1749264094,0.18400000,5881.00000000,0.1776
1749264094,0.18470000,43.00000000,0.1776
1749264094,0.18480000,65.00000000,0.1776
1749264094,0.18510000,606.00000000,0.1776
1749264094,0.18520000,1000.00000000,0.1776
1749264094,0.18540000,1000.00000000,0.1776
1749264094,0.18570000,5678.00000000,0.1776
1749264094,0.18580000,150.00000000,0.1776
1749264094,0.18600000,12159.00000000,0.1776
1749264094,0.18670000,57.00000000,0.1776
1749264094,0.18680000,42.00000000,0.1776
1749264094,0.18690000,43.00000000,0.1776
1749264094,0.18720000,680.00000000,0.1776
1749264094,0.18730000,1000.00000000,0.1776
1749264094,0.18740000,64.00000000,0.1776
1749264094,0.18760000,57.00000000,0.1776
1749264094,0.18780000,251.00000000,0.1776
1749264094,0.18810000,136.00000000,0.1776
1749264094,0.18840000,34.00000000,0.1776
1749264094,0.18850000,432.00000000,0.1776
1749264094,0.18890000,1966.00000000,0.1776
1749264094,0.18900000,42185.00000000,0.1776
1749264094,0.18910000,1000.00000000,0.1776
1749264094,0.18940000,57.00000000,0.1776
1749264094,0.18950000,64.00000000,0.1776
1749264094,0.18970000,32.00000000,0.1776
1749264094,0.19000000,706.00000000,0.1776
1749264094,0.19020000,180.00000000,0.1776
1749264094,0.19030000,57.00000000,0.1776
1749264094,0.19080000,4298.00000000,0.1776
1749264094,0.19090000,1000.00000000,0.1776
1749264094,0.19100000,706.00000000,0.1776
1749264094,0.19110000,136.00000000,0.1776
1749264094,0.19120000,100.00000000,0.1776
1749264094,0.19150000,27.00000000,0.1776
1749264094,0.19160000,121.00000000,0.1776
1749264094,0.19170000,680.00000000,0.1776
1749264094,0.19190000,156.00000000,0.1776
1749264094,0.19200000,651.00000000,0.1776
1749264094,0.19220000,1000.00000000,0.1776
1749264094,0.19230000,586.00000000,0.1776
1749264094,0.19250000,177.00000000,0.1776
1749264094,0.19270000,259.00000000,0.1776
1749264094,0.19280000,1029.00000000,0.1776
1749264094,0.19290000,846.00000000,0.1776
1749264094,0.19300000,5263.00000000,0.1776
1749264094,0.19320000,1031.00000000,0.1776
1749264094,0.19330000,63.00000000,0.1776
1749264094,0.19340000,43.00000000,0.1776
1749264094,0.19380000,57.00000000,0.1776
1749264094,0.19400000,107.00000000,0.1776
1749264094,0.19410000,136.00000000,0.1776
1749264094,0.19420000,10426.00000000,0.1776
1749264094,0.19430000,778.00000000,0.1776
1749264094,0.19440000,39088.00000000,0.1776
1749264094,0.19460000,1034.00000000,0.1776
1749264094,0.19470000,57.00000000,0.1776
1749264401,0.17770000,3420.00000000,0.1776
1749264401,0.17780000,25733.00000000,0.1776
1749264401,0.17790000,42647.00000000,0.1776
1749264401,0.17800000,49282.00000000,0.1776
1749264401,0.17810000,79160.00000000,0.1776
1749264401,0.17820000,80742.00000000,0.1776
1749264401,0.17830000,13792.00000000,0.1776
1749264401,0.17840000,12450.00000000,0.1776
1749264401,0.17850000,51088.00000000,0.1776
1749264401,0.17860000,7660.00000000,0.1776
1749264401,0.17870000,3493.00000000,0.1776
1749264401,0.17880000,16573.00000000,0.1776
1749264401,0.17890000,53703.00000000,0.1776
1749264401,0.17900000,194.00000000,0.1776
1749264401,0.17910000,4673.00000000,0.1776
1749264401,0.17920000,1243.00000000,0.1776
1749264401,0.17930000,2859.00000000,0.1776
1749264401,0.17940000,606.00000000,0.1776
1749264401,0.17950000,3715.00000000,0.1776
1749264401,0.17960000,1494.00000000,0.1776
1749264401,0.17970000,2859.00000000,0.1776
1749264401,0.17980000,43.00000000,0.1776
1749264401,0.17990000,8871.00000000,0.1776
1749264401,0.18000000,12239.00000000,0.1776
1749264401,0.18020000,115660.00000000,0.1776
1749264401,0.18050000,2859.00000000,0.1776
1749264401,0.18060000,2050.00000000,0.1776
1749264401,0.18070000,126.00000000,0.1776
1749264401,0.18100000,3903.00000000,0.1776
1749264401,0.18130000,50.00000000,0.1776
1749264401,0.18150000,2336.00000000,0.1776
1749264401,0.18180000,1000.00000000,0.1776
1749264401,0.18210000,202.00000000,0.1776
1749264401,0.18230000,5535.00000000,0.1776
1749264401,0.18240000,1353.00000000,0.1776
1749264401,0.18250000,31.00000000,0.1776
1749264401,0.18260000,43.00000000,0.1776
1749264401,0.18280000,680.00000000,0.1776
1749264401,0.18330000,44.00000000,0.1776
1749264401,0.18350000,117.00000000,0.1776
1749264401,0.18360000,2200.00000000,0.1776
1749264401,0.18380000,143.00000000,0.1776
1749264401,0.18400000,5881.00000000,0.1776
1749264401,0.18470000,43.00000000,0.1776
1749264401,0.18480000,65.00000000,0.1776
1749264401,0.18510000,606.00000000,0.1776
1749264401,0.18520000,1000.00000000,0.1776
1749264401,0.18540000,1000.00000000,0.1776
1749264401,0.18570000,5678.00000000,0.1776
1749264401,0.18580000,150.00000000,0.1776
1749264401,0.18600000,2159.00000000,0.1776
1749264401,0.18640000,10000.00000000,0.1776
1749264401,0.18670000,57.00000000,0.1776
1749264401,0.18680000,42.00000000,0.1776
1749264401,0.18690000,43.00000000,0.1776
1749264401,0.18720000,680.00000000,0.1776
1749264401,0.18730000,1000.00000000,0.1776
1749264401,0.18740000,64.00000000,0.1776
1749264401,0.18760000,57.00000000,0.1776
1749264401,0.18780000,251.00000000,0.1776
1749264401,0.18810000,136.00000000,0.1776
1749264401,0.18840000,34.00000000,0.1776
1749264401,0.18850000,432.00000000,0.1776
1749264401,0.18890000,1966.00000000,0.1776
1749264401,0.18900000,42185.00000000,0.1776
1749264401,0.18910000,1000.00000000,0.1776
1749264401,0.18940000,57.00000000,0.1776
1749264401,0.18950000,64.00000000,0.1776
1749264401,0.18970000,32.00000000,0.1776
1749264401,0.19000000,706.00000000,0.1776
1749264401,0.19020000,180.00000000,0.1776
1749264401,0.19030000,57.00000000,0.1776
1749264401,0.19080000,4298.00000000,0.1776
1749264401,0.19090000,1000.00000000,0.1776
1749264401,0.19100000,706.00000000,0.1776
1749264401,0.19110000,136.00000000,0.1776
1749264401,0.19120000,100.00000000,0.1776
1749264401,0.19150000,27.00000000,0.1776
1749264401,0.19160000,121.00000000,0.1776
1749264401,0.19170000,680.00000000,0.1776
1749264401,0.19190000,156.00000000,0.1776
1749264401,0.19200000,651.00000000,0.1776
1749264401,0.19220000,1000.00000000,0.1776
1749264401,0.19230000,586.00000000,0.1776
1749264401,0.19250000,177.00000000,0.1776
1749264401,0.19270000,259.00000000,0.1776
1749264401,0.19280000,1029.00000000,0.1776
1749264401,0.19290000,846.00000000,0.1776
1749264401,0.19300000,5263.00000000,0.1776
1749264401,0.19320000,1031.00000000,0.1776
1749264401,0.19330000,63.00000000,0.1776
1749264401,0.19340000,43.00000000,0.1776
1749264401,0.19380000,57.00000000,0.1776
1749264401,0.19400000,107.00000000,0.1776
1749264401,0.19410000,136.00000000,0.1776
1749264401,0.19420000,1051.00000000,0.1776
1749264401,0.19430000,778.00000000,0.1776
1749264401,0.19440000,39088.00000000,0.1776
1749264401,0.19450000,9375.00000000,0.1776
1749264401,0.19460000,1034.00000000,0.1776
1749264702,0.17790000,22851.00000000,0.1778
1749264702,0.17800000,58758.00000000,0.1778
1749264702,0.17810000,47622.00000000,0.1778
1749264702,0.17820000,49981.00000000,0.1778
1749264702,0.17830000,67974.00000000,0.1778
1749264702,0.17840000,70689.00000000,0.1778
1749264702,0.17850000,58484.00000000,0.1778
1749264702,0.17860000,8128.00000000,0.1778
1749264702,0.17870000,5257.00000000,0.1778
1749264702,0.17880000,2902.00000000,0.1778
1749264702,0.17890000,3086.00000000,0.1778
1749264702,0.17900000,194.00000000,0.1778
1749264702,0.17910000,18102.00000000,0.1778
1749264702,0.17920000,1243.00000000,0.1778
1749264702,0.17930000,2859.00000000,0.1778
1749264702,0.17940000,56846.00000000,0.1778
1749264702,0.17950000,3715.00000000,0.1778
1749264702,0.17960000,1494.00000000,0.1778
1749264702,0.17970000,2859.00000000,0.1778
1749264702,0.17980000,43.00000000,0.1778
1749264702,0.17990000,8871.00000000,0.1778
1749264702,0.18000000,12239.00000000,0.1778
1749264702,0.18020000,115616.00000000,0.1778
1749264702,0.18050000,2859.00000000,0.1778
1749264702,0.18060000,2050.00000000,0.1778
1749264702,0.18070000,126.00000000,0.1778
1749264702,0.18100000,3903.00000000,0.1778
1749264702,0.18150000,2336.00000000,0.1778
1749264702,0.18180000,1000.00000000,0.1778
1749264702,0.18210000,202.00000000,0.1778
1749264702,0.18230000,5535.00000000,0.1778
1749264702,0.18240000,1353.00000000,0.1778
1749264702,0.18250000,31.00000000,0.1778
1749264702,0.18260000,43.00000000,0.1778
1749264702,0.18280000,680.00000000,0.1778
1749264702,0.18330000,44.00000000,0.1778
1749264702,0.18350000,117.00000000,0.1778
1749264702,0.18360000,2200.00000000,0.1778
1749264702,0.18380000,89.00000000,0.1778
1749264702,0.18400000,5881.00000000,0.1778
1749264702,0.18470000,43.00000000,0.1778
1749264702,0.18510000,606.00000000,0.1778
1749264702,0.18520000,1000.00000000,0.1778
1749264702,0.18540000,1000.00000000,0.1778
1749264702,0.18570000,5678.00000000,0.1778
1749264702,0.18580000,150.00000000,0.1778
1749264702,0.18600000,2159.00000000,0.1778
1749264702,0.18640000,10000.00000000,0.1778
1749264702,0.18670000,57.00000000,0.1778
1749264702,0.18680000,42.00000000,0.1778
1749264702,0.18690000,43.00000000,0.1778
1749264702,0.18720000,680.00000000,0.1778
1749264702,0.18730000,1000.00000000,0.1778
1749264702,0.18740000,64.00000000,0.1778
1749264702,0.18760000,57.00000000,0.1778
1749264702,0.18780000,251.00000000,0.1778
1749264702,0.18810000,136.00000000,0.1778
1749264702,0.18840000,34.00000000,0.1778
1749264702,0.18850000,432.00000000,0.1778
1749264702,0.18890000,1966.00000000,0.1778
1749264702,0.18900000,42185.00000000,0.1778
1749264702,0.18910000,1000.00000000,0.1778
1749264702,0.18940000,57.00000000,0.1778
1749264702,0.18950000,64.00000000,0.1778
1749264702,0.18970000,32.00000000,0.1778
1749264702,0.19000000,706.00000000,0.1778
1749264702,0.19020000,180.00000000,0.1778
1749264702,0.19030000,57.00000000,0.1778
1749264702,0.19080000,4298.00000000,0.1778
1749264702,0.19090000,1000.00000000,0.1778
1749264702,0.19100000,706.00000000,0.1778
1749264702,0.19110000,136.00000000,0.1778
1749264702,0.19120000,100.00000000,0.1778
1749264702,0.19150000,27.00000000,0.1778
1749264702,0.19160000,121.00000000,0.1778
1749264702,0.19170000,680.00000000,0.1778
1749264702,0.19190000,156.00000000,0.1778
1749264702,0.19200000,651.00000000,0.1778
1749264702,0.19220000,1000.00000000,0.1778
1749264702,0.19230000,586.00000000,0.1778
1749264702,0.19250000,177.00000000,0.1778
1749264702,0.19270000,259.00000000,0.1778
1749264702,0.19280000,1029.00000000,0.1778
1749264702,0.19290000,846.00000000,0.1778
1749264702,0.19300000,5263.00000000,0.1778
1749264702,0.19320000,1031.00000000,0.1778
1749264702,0.19330000,63.00000000,0.1778
1749264702,0.19340000,43.00000000,0.1778
1749264702,0.19380000,57.00000000,0.1778
1749264702,0.19400000,107.00000000,0.1778
1749264702,0.19410000,136.00000000,0.1778
1749264702,0.19420000,1051.00000000,0.1778
1749264702,0.19430000,778.00000000,0.1778
1749264702,0.19440000,39088.00000000,0.1778
1749264702,0.19450000,9375.00000000,0.1778
1749264702,0.19460000,1034.00000000,0.1778
1749264702,0.19470000,57.00000000,0.1778
1749264702,0.19500000,384.00000000,0.1778
1749264702,0.19520000,1031.00000000,0.1778
1749264702,0.19540000,10180.00000000,0.1778
1749265004,0.17840000,16900.00000000,0.1783
1749265004,0.17850000,75332.00000000,0.1783
1749265004,0.17860000,53665.00000000,0.1783
1749265004,0.17870000,57581.00000000,0.1783
1749265004,0.17880000,25912.00000000,0.1783
1749265004,0.17890000,92789.00000000,0.1783
1749265004,0.17900000,8094.00000000,0.1783
1749265004,0.17910000,4796.00000000,0.1783
1749265004,0.17920000,8374.00000000,0.1783
1749265004,0.17930000,53875.00000000,0.1783
1749265004,0.17940000,2407.00000000,0.1783
1749265004,0.17950000,6174.00000000,0.1783
1749265004,0.17960000,1537.00000000,0.1783
1749265004,0.17970000,16546.00000000,0.1783
1749265004,0.17980000,43.00000000,0.1783
1749265004,0.17990000,59316.00000000,0.1783
1749265004,0.18000000,12282.00000000,0.1783
1749265004,0.18010000,43.00000000,0.1783
1749265004,0.18020000,4537.00000000,0.1783
1749265004,0.18030000,43.00000000,0.1783
1749265004,0.18040000,43.00000000,0.1783
1749265004,0.18050000,2902.00000000,0.1783
1749265004,0.18060000,43.00000000,0.1783
1749265004,0.18070000,168.00000000,0.1783
1749265004,0.18080000,2816.00000000,0.1783
1749265004,0.18100000,2029.00000000,0.1783
1749265004,0.18110000,2816.00000000,0.1783
1749265004,0.18140000,114916.00000000,0.1783
1749265004,0.18160000,2050.00000000,0.1783
1749265004,0.18180000,1000.00000000,0.1783
1749265004,0.18200000,1874.00000000,0.1783
1749265004,0.18210000,202.00000000,0.1783
1749265004,0.18230000,34.00000000,0.1783
1749265004,0.18250000,2367.00000000,0.1783
1749265004,0.18260000,43.00000000,0.1783
1749265004,0.18280000,680.00000000,0.1783
1749265004,0.18330000,5545.00000000,0.1783
1749265004,0.18340000,1353.00000000,0.1783
1749265004,0.18350000,117.00000000,0.1783
1749265004,0.18360000,2200.00000000,0.1783
1749265004,0.18380000,89.00000000,0.1783
1749265004,0.18470000,43.00000000,0.1783
1749265004,0.18500000,5881.00000000,0.1783
1749265004,0.18510000,606.00000000,0.1783
1749265004,0.18520000,1000.00000000,0.1783
1749265004,0.18540000,1000.00000000,0.1783
1749265004,0.18580000,150.00000000,0.1783
1749265004,0.18600000,2159.00000000,0.1783
1749265004,0.18620000,5678.00000000,0.1783
1749265004,0.18640000,10000.00000000,0.1783
1749265004,0.18670000,57.00000000,0.1783
1749265004,0.18680000,42.00000000,0.1783
1749265004,0.18690000,43.00000000,0.1783
1749265004,0.18720000,680.00000000,0.1783
1749265004,0.18730000,1000.00000000,0.1783
1749265004,0.18740000,64.00000000,0.1783
1749265004,0.18760000,57.00000000,0.1783
1749265004,0.18780000,251.00000000,0.1783
1749265004,0.18810000,136.00000000,0.1783
1749265004,0.18840000,34.00000000,0.1783
1749265004,0.18850000,432.00000000,0.1783
1749265004,0.18890000,1966.00000000,0.1783
1749265004,0.18900000,42185.00000000,0.1783
1749265004,0.18910000,1000.00000000,0.1783
1749265004,0.18940000,57.00000000,0.1783
1749265004,0.18950000,64.00000000,0.1783
1749265004,0.18970000,32.00000000,0.1783
1749265004,0.19000000,900706.00000000,0.1783
1749265004,0.19020000,180.00000000,0.1783
1749265004,0.19030000,57.00000000,0.1783
1749265004,0.19080000,4298.00000000,0.1783
1749265004,0.19090000,1000.00000000,0.1783
1749265004,0.19100000,706.00000000,0.1783
1749265004,0.19110000,136.00000000,0.1783
1749265004,0.19120000,100.00000000,0.1783
1749265004,0.19150000,27.00000000,0.1783
1749265004,0.19160000,121.00000000,0.1783
1749265004,0.19170000,680.00000000,0.1783
1749265004,0.19190000,156.00000000,0.1783
1749265004,0.19200000,651.00000000,0.1783
1749265004,0.19220000,1000.00000000,0.1783
1749265004,0.19230000,586.00000000,0.1783
1749265004,0.19250000,177.00000000,0.1783
1749265004,0.19270000,259.00000000,0.1783
1749265004,0.19280000,1029.00000000,0.1783
1749265004,0.19290000,846.00000000,0.1783
1749265004,0.19300000,5263.00000000,0.1783
1749265004,0.19320000,1031.00000000,0.1783
1749265004,0.19330000,63.00000000,0.1783
1749265004,0.19340000,43.00000000,0.1783
1749265004,0.19380000,57.00000000,0.1783
1749265004,0.19400000,107.00000000,0.1783
1749265004,0.19410000,136.00000000,0.1783
1749265004,0.19420000,1051.00000000,0.1783
1749265004,0.19430000,778.00000000,0.1783
1749265004,0.19440000,39088.00000000,0.1783
1749265004,0.19450000,9375.00000000,0.1783
1749265004,0.19460000,1034.00000000,0.1783
1749265004,0.19470000,57.00000000,0.1783
1749265004,0.19500000,384.00000000,0.1783
1749265305,0.17820000,10727.00000000,0.1781
1749265305,0.17830000,43380.00000000,0.1781
1749265305,0.17840000,42770.00000000,0.1781
1749265305,0.17850000,57187.00000000,0.1781
1749265305,0.17860000,56135.00000000,0.1781
1749265305,0.17870000,52430.00000000,0.1781
1749265305,0.17880000,9163.00000000,0.1781
1749265305,0.17890000,59347.00000000,0.1781
1749265305,0.17900000,2311.00000000,0.1781
1749265305,0.17910000,4796.00000000,0.1781
1749265305,0.17920000,8374.00000000,0.1781
1749265305,0.17930000,53875.00000000,0.1781
1749265305,0.17940000,649.00000000,0.1781
1749265305,0.17950000,6174.00000000,0.1781
1749265305,0.17960000,1537.00000000,0.1781
1749265305,0.17970000,66991.00000000,0.1781
1749265305,0.17980000,43.00000000,0.1781
1749265305,0.17990000,8871.00000000,0.1781
1749265305,0.18000000,12282.00000000,0.1781
1749265305,0.18010000,193.00000000,0.1781
1749265305,0.18020000,4537.00000000,0.1781
1749265305,0.18030000,43.00000000,0.1781
1749265305,0.18040000,43.00000000,0.1781
1749265305,0.18050000,2902.00000000,0.1781
1749265305,0.18060000,43.00000000,0.1781
1749265305,0.18070000,168.00000000,0.1781
1749265305,0.18080000,2816.00000000,0.1781
1749265305,0.18100000,2029.00000000,0.1781
1749265305,0.18110000,114916.00000000,0.1781
1749265305,0.18140000,2816.00000000,0.1781
1749265305,0.18160000,2050.00000000,0.1781
1749265305,0.18180000,1000.00000000,0.1781
1749265305,0.18200000,1874.00000000,0.1781
1749265305,0.18210000,202.00000000,0.1781
1749265305,0.18230000,34.00000000,0.1781
1749265305,0.18250000,2367.00000000,0.1781
1749265305,0.18260000,43.00000000,0.1781
1749265305,0.18280000,680.00000000,0.1781
1749265305,0.18330000,5545.00000000,0.1781
1749265305,0.18340000,1353.00000000,0.1781
1749265305,0.18350000,117.00000000,0.1781
1749265305,0.18360000,2200.00000000,0.1781
1749265305,0.18380000,89.00000000,0.1781
1749265305,0.18470000,43.00000000,0.1781
1749265305,0.18500000,5881.00000000,0.1781
1749265305,0.18510000,606.00000000,0.1781
1749265305,0.18520000,1000.00000000,0.1781
1749265305,0.18540000,1000.00000000,0.1781
1749265305,0.18580000,150.00000000,0.1781
1749265305,0.18600000,2159.00000000,0.1781
1749265305,0.18620000,5678.00000000,0.1781
1749265305,0.18670000,57.00000000,0.1781
1749265305,0.18680000,42.00000000,0.1781
1749265305,0.18690000,43.00000000,0.1781
1749265305,0.18720000,10680.00000000,0.1781
1749265305,0.18730000,1000.00000000,0.1781
1749265305,0.18740000,64.00000000,0.1781
1749265305,0.18760000,57.00000000,0.1781
1749265305,0.18780000,251.00000000,0.1781
1749265305,0.18810000,136.00000000,0.1781
1749265305,0.18840000,34.00000000,0.1781
1749265305,0.18850000,432.00000000,0.1781
1749265305,0.18890000,1966.00000000,0.1781
1749265305,0.18900000,42185.00000000,0.1781
1749265305,0.18910000,1000.00000000,0.1781
1749265305,0.18940000,57.00000000,0.1781
1749265305,0.18950000,64.00000000,0.1781
1749265305,0.18970000,32.00000000,0.1781
1749265305,0.19000000,1069706.00000000,0.1781
1749265305,0.19020000,180.00000000,0.1781
1749265305,0.19030000,57.00000000,0.1781
1749265305,0.19080000,4298.00000000,0.1781
1749265305,0.19090000,1000.00000000,0.1781
1749265305,0.19100000,706.00000000,0.1781
1749265305,0.19110000,136.00000000,0.1781
1749265305,0.19120000,100.00000000,0.1781
1749265305,0.19150000,27.00000000,0.1781
1749265305,0.19160000,121.00000000,0.1781
1749265305,0.19170000,680.00000000,0.1781
1749265305,0.19190000,156.00000000,0.1781
1749265305,0.19200000,651.00000000,0.1781
1749265305,0.19220000,1000.00000000,0.1781
1749265305,0.19230000,586.00000000,0.1781
1749265305,0.19250000,177.00000000,0.1781
1749265305,0.19270000,259.00000000,0.1781
1749265305,0.19280000,1029.00000000,0.1781
1749265305,0.19290000,846.00000000,0.1781
1749265305,0.19300000,5263.00000000,0.1781
1749265305,0.19320000,1031.00000000,0.1781
1749265305,0.19330000,63.00000000,0.1781
1749265305,0.19340000,43.00000000,0.1781
1749265305,0.19380000,57.00000000,0.1781
1749265305,0.19400000,107.00000000,0.1781
1749265305,0.19410000,136.00000000,0.1781
1749265305,0.19420000,1051.00000000,0.1781
1749265305,0.19430000,778.00000000,0.1781
1749265305,0.19440000,39088.00000000,0.1781
1749265305,0.19460000,1034.00000000,0.1781
1749265305,0.19470000,57.00000000,0.1781
1749265305,0.19500000,384.00000000,0.1781
1749265607,0.17870000,4635.00000000,0.1786
1749265607,0.17880000,58256.00000000,0.1786
1749265607,0.17890000,60518.00000000,0.1786
1749265607,0.17900000,51408.00000000,0.1786
1749265607,0.17910000,52208.00000000,0.1786
1749265607,0.17920000,16992.00000000,0.1786
1749265607,0.17930000,97075.00000000,0.1786
1749265607,0.17940000,53142.00000000,0.1786
1749265607,0.17950000,7112.00000000,0.1786
1749265607,0.17960000,1537.00000000,0.1786
1749265607,0.17970000,8218.00000000,0.1786
1749265607,0.17980000,85.00000000,0.1786
1749265607,0.17990000,8871.00000000,0.1786
1749265607,0.18000000,72311.00000000,0.1786
1749265607,0.18010000,193.00000000,0.1786
1749265607,0.18020000,3422.00000000,0.1786
1749265607,0.18030000,899.00000000,0.1786
1749265607,0.18040000,43.00000000,0.1786
1749265607,0.18050000,2902.00000000,0.1786
1749265607,0.18060000,9733.00000000,0.1786
1749265607,0.18070000,1846.00000000,0.1786
1749265607,0.18080000,2858.00000000,0.1786
1749265607,0.18100000,2029.00000000,0.1786
1749265607,0.18110000,2816.00000000,0.1786
1749265607,0.18140000,2816.00000000,0.1786
1749265607,0.18160000,114220.00000000,0.1786
1749265607,0.18180000,1000.00000000,0.1786
1749265607,0.18200000,1874.00000000,0.1786
1749265607,0.18210000,202.00000000,0.1786
1749265607,0.18230000,34.00000000,0.1786
1749265607,0.18250000,2367.00000000,0.1786
1749265607,0.18260000,43.00000000,0.1786
1749265607,0.18280000,680.00000000,0.1786
1749265607,0.18330000,5545.00000000,0.1786
1749265607,0.18340000,1353.00000000,0.1786
1749265607,0.18350000,117.00000000,0.1786
1749265607,0.18360000,2200.00000000,0.1786
1749265607,0.18380000,89.00000000,0.1786
1749265607,0.18470000,43.00000000,0.1786
1749265607,0.18500000,5881.00000000,0.1786
1749265607,0.18510000,606.00000000,0.1786
1749265607,0.18520000,1000.00000000,0.1786
1749265607,0.18540000,1000.00000000,0.1786
1749265607,0.18580000,150.00000000,0.1786
1749265607,0.18600000,2159.00000000,0.1786
1749265607,0.18670000,57.00000000,0.1786
1749265607,0.18680000,5720.00000000,0.1786
1749265607,0.18690000,43.00000000,0.1786
1749265607,0.18720000,10680.00000000,0.1786
1749265607,0.18730000,1000.00000000,0.1786
1749265607,0.18740000,64.00000000,0.1786
1749265607,0.18760000,57.00000000,0.1786
1749265607,0.18780000,251.00000000,0.1786
1749265607,0.18810000,136.00000000,0.1786
1749265607,0.18840000,34.00000000,0.1786
1749265607,0.18850000,432.00000000,0.1786
1749265607,0.18890000,298.00000000,0.1786
1749265607,0.18900000,42185.00000000,0.1786
1749265607,0.18910000,1000.00000000,0.1786
1749265607,0.18940000,57.00000000,0.1786
1749265607,0.18950000,64.00000000,0.1786
1749265607,0.18970000,32.00000000,0.1786
1749265607,0.18990000,1815.00000000,0.1786
1749265607,0.19000000,1069706.00000000,0.1786
1749265607,0.19020000,180.00000000,0.1786
1749265607,0.19030000,57.00000000,0.1786
1749265607,0.19080000,4298.00000000,0.1786
1749265607,0.19090000,1000.00000000,0.1786
1749265607,0.19100000,706.00000000,0.1786
1749265607,0.19110000,136.00000000,0.1786
1749265607,0.19120000,100.00000000,0.1786
1749265607,0.19150000,27.00000000,0.1786
1749265607,0.19160000,121.00000000,0.1786
1749265607,0.19170000,680.00000000,0.1786
1749265607,0.19190000,156.00000000,0.1786
1749265607,0.19200000,651.00000000,0.1786
1749265607,0.19220000,1000.00000000,0.1786
1749265607,0.19230000,586.00000000,0.1786
1749265607,0.19250000,177.00000000,0.1786
1749265607,0.19270000,259.00000000,0.1786
1749265607,0.19280000,1029.00000000,0.1786
1749265607,0.19290000,846.00000000,0.1786
1749265607,0.19300000,5263.00000000,0.1786
1749265607,0.19320000,1031.00000000,0.1786
1749265607,0.19330000,63.00000000,0.1786
1749265607,0.19340000,43.00000000,0.1786
1749265607,0.19380000,57.00000000,0.1786
1749265607,0.19400000,107.00000000,0.1786
1749265607,0.19410000,136.00000000,0.1786
1749265607,0.19420000,1051.00000000,0.1786
1749265607,0.19430000,778.00000000,0.1786
1749265607,0.19440000,39088.00000000,0.1786
1749265607,0.19460000,1034.00000000,0.1786
1749265607,0.19470000,57.00000000,0.1786
1749265607,0.19500000,384.00000000,0.1786
1749265607,0.19520000,1031.00000000,0.1786
1749265607,0.19540000,19555.00000000,0.1786
1749265607,0.19550000,29.00000000,0.1786
1749265607,0.19560000,57.00000000,0.1786
1749265607,0.19570000,43.00000000,0.1786
1749265909,0.17870000,3420.00000000,0.1786
1749265909,0.17880000,26203.00000000,0.1786
1749265909,0.17890000,51059.00000000,0.1786
1749265909,0.17900000,61126.00000000,0.1786
1749265909,0.17910000,78226.00000000,0.1786
1749265909,0.17920000,33168.00000000,0.1786
1749265909,0.17930000,63638.00000000,0.1786
1749265909,0.17940000,51348.00000000,0.1786
1749265909,0.17950000,5318.00000000,0.1786
1749265909,0.17960000,1537.00000000,0.1786
1749265909,0.17970000,8218.00000000,0.1786
1749265909,0.17980000,85.00000000,0.1786
1749265909,0.17990000,8913.00000000,0.1786
1749265909,0.18000000,16291.00000000,0.1786
1749265909,0.18010000,56213.00000000,0.1786
1749265909,0.18020000,3422.00000000,0.1786
1749265909,0.18030000,899.00000000,0.1786
1749265909,0.18040000,43.00000000,0.1786
1749265909,0.18050000,2902.00000000,0.1786
1749265909,0.18060000,9733.00000000,0.1786
1749265909,0.18070000,1846.00000000,0.1786
1749265909,0.18080000,2858.00000000,0.1786
1749265909,0.18090000,42.00000000,0.1786
1749265909,0.18100000,2029.00000000,0.1786
1749265909,0.18110000,2816.00000000,0.1786
1749265909,0.18140000,2816.00000000,0.1786
1749265909,0.18150000,112100.00000000,0.1786
1749265909,0.18160000,2050.00000000,0.1786
1749265909,0.18170000,2816.00000000,0.1786
1749265909,0.18180000,1000.00000000,0.1786
1749265909,0.18200000,1874.00000000,0.1786
1749265909,0.18210000,202.00000000,0.1786
1749265909,0.18230000,34.00000000,0.1786
1749265909,0.18250000,2367.00000000,0.1786
1749265909,0.18260000,43.00000000,0.1786
1749265909,0.18280000,680.00000000,0.1786
1749265909,0.18330000,5545.00000000,0.1786
1749265909,0.18340000,1353.00000000,0.1786
1749265909,0.18350000,117.00000000,0.1786
1749265909,0.18360000,2200.00000000,0.1786
1749265909,0.18380000,89.00000000,0.1786
1749265909,0.18470000,43.00000000,0.1786
1749265909,0.18500000,5881.00000000,0.1786
1749265909,0.18510000,606.00000000,0.1786
1749265909,0.18520000,1000.00000000,0.1786
1749265909,0.18540000,1000.00000000,0.1786
1749265909,0.18580000,150.00000000,0.1786
1749265909,0.18600000,2159.00000000,0.1786
1749265909,0.18670000,57.00000000,0.1786
1749265909,0.18680000,5720.00000000,0.1786
1749265909,0.18690000,43.00000000,0.1786
1749265909,0.18720000,10680.00000000,0.1786
1749265909,0.18730000,1000.00000000,0.1786
1749265909,0.18740000,64.00000000,0.1786
1749265909,0.18760000,57.00000000,0.1786
1749265909,0.18780000,251.00000000,0.1786
1749265909,0.18810000,136.00000000,0.1786
1749265909,0.18840000,34.00000000,0.1786
1749265909,0.18850000,432.00000000,0.1786
1749265909,0.18890000,298.00000000,0.1786
1749265909,0.18900000,42185.00000000,0.1786
1749265909,0.18910000,1000.00000000,0.1786
1749265909,0.18940000,57.00000000,0.1786
1749265909,0.18950000,64.00000000,0.1786
1749265909,0.18970000,32.00000000,0.1786
1749265909,0.18990000,1815.00000000,0.1786
1749265909,0.19000000,1069706.00000000,0.1786
1749265909,0.19020000,180.00000000,0.1786
1749265909,0.19030000,57.00000000,0.1786
1749265909,0.19080000,4298.00000000,0.1786
1749265909,0.19090000,1000.00000000,0.1786
1749265909,0.19100000,706.00000000,0.1786
1749265909,0.19110000,136.00000000,0.1786
1749265909,0.19120000,100.00000000,0.1786
1749265909,0.19150000,27.00000000,0.1786
1749265909,0.19160000,121.00000000,0.1786
1749265909,0.19170000,680.00000000,0.1786
1749265909,0.19190000,156.00000000,0.1786
1749265909,0.19200000,651.00000000,0.1786
1749265909,0.19220000,1000.00000000,0.1786
1749265909,0.19230000,586.00000000,0.1786
1749265909,0.19250000,177.00000000,0.1786
1749265909,0.19270000,259.00000000,0.1786
1749265909,0.19280000,1029.00000000,0.1786
1749265909,0.19290000,846.00000000,0.1786
1749265909,0.19300000,5263.00000000,0.1786
1749265909,0.19320000,1031.00000000,0.1786
1749265909,0.19330000,63.00000000,0.1786
1749265909,0.19340000,43.00000000,0.1786
1749265909,0.19380000,57.00000000,0.1786
1749265909,0.19400000,107.00000000,0.1786
1749265909,0.19410000,136.00000000,0.1786
1749265909,0.19420000,1051.00000000,0.1786
1749265909,0.19430000,778.00000000,0.1786
1749265909,0.19440000,39088.00000000,0.1786
1749265909,0.19460000,1034.00000000,0.1786
1749265909,0.19470000,57.00000000,0.1786
1749265909,0.19500000,384.00000000,0.1786
1749265909,0.19520000,1031.00000000,0.1786
1749265909,0.19540000,19555.00000000,0.1786
1749266210,0.17910000,11978.00000000,0.1791
1749266210,0.17920000,56511.00000000,0.1791
1749266210,0.17930000,55457.00000000,0.1791
1749266210,0.17940000,37358.00000000,0.1791
1749266210,0.17950000,32988.00000000,0.1791
1749266210,0.17960000,7962.00000000,0.1791
1749266210,0.17970000,82915.00000000,0.1791
1749266210,0.17980000,9593.00000000,0.1791
1749266210,0.17990000,10643.00000000,0.1791
1749266210,0.18000000,5050.00000000,0.1791
1749266210,0.18010000,51208.00000000,0.1791
1749266210,0.18020000,3464.00000000,0.1791
1749266210,0.18030000,14331.00000000,0.1791
1749266210,0.18040000,43.00000000,0.1791
1749266210,0.18050000,2902.00000000,0.1791
1749266210,0.18060000,55112.00000000,0.1791
1749266210,0.18070000,1846.00000000,0.1791
1749266210,0.18080000,2858.00000000,0.1791
1749266210,0.18090000,42.00000000,0.1791
1749266210,0.18100000,2071.00000000,0.1791
1749266210,0.18110000,2858.00000000,0.1791
1749266210,0.18120000,1493.00000000,0.1791
1749266210,0.18140000,2816.00000000,0.1791
1749266210,0.18170000,12506.00000000,0.1791
1749266210,0.18180000,1000.00000000,0.1791
1749266210,0.18200000,114726.00000000,0.1791
1749266210,0.18210000,2252.00000000,0.1791
1749266210,0.18230000,2850.00000000,0.1791
1749266210,0.18250000,1905.00000000,0.1791
1749266210,0.18260000,43.00000000,0.1791
1749266210,0.18280000,680.00000000,0.1791
1749266210,0.18300000,2336.00000000,0.1791
1749266210,0.18330000,44.00000000,0.1791
1749266210,0.18350000,117.00000000,0.1791
1749266210,0.18360000,2200.00000000,0.1791
1749266210,0.18380000,5590.00000000,0.1791
1749266210,0.18390000,1353.00000000,0.1791
1749266210,0.18470000,43.00000000,0.1791
1749266210,0.18510000,606.00000000,0.1791
1749266210,0.18520000,1000.00000000,0.1791
1749266210,0.18540000,1000.00000000,0.1791
1749266210,0.18550000,5881.00000000,0.1791
1749266210,0.18580000,150.00000000,0.1791
1749266210,0.18600000,2159.00000000,0.1791
1749266210,0.18670000,57.00000000,0.1791
1749266210,0.18680000,5720.00000000,0.1791
1749266210,0.18690000,43.00000000,0.1791
1749266210,0.18720000,680.00000000,0.1791
1749266210,0.18730000,1000.00000000,0.1791
1749266210,0.18740000,64.00000000,0.1791
1749266210,0.18760000,10057.00000000,0.1791
1749266210,0.18780000,251.00000000,0.1791
1749266210,0.18810000,136.00000000,0.1791
1749266210,0.18840000,34.00000000,0.1791
1749266210,0.18850000,432.00000000,0.1791
1749266210,0.18900000,42185.00000000,0.1791
1749266210,0.18910000,1000.00000000,0.1791
1749266210,0.18940000,57.00000000,0.1791
1749266210,0.18950000,64.00000000,0.1791
1749266210,0.18970000,32.00000000,0.1791
1749266210,0.18990000,2113.00000000,0.1791
1749266210,0.19000000,1069706.00000000,0.1791
1749266210,0.19020000,180.00000000,0.1791
1749266210,0.19030000,57.00000000,0.1791
1749266210,0.19080000,4298.00000000,0.1791
1749266210,0.19090000,1000.00000000,0.1791
1749266210,0.19100000,706.00000000,0.1791
1749266210,0.19110000,136.00000000,0.1791
1749266210,0.19120000,100.00000000,0.1791
1749266210,0.19150000,27.00000000,0.1791
1749266210,0.19160000,121.00000000,0.1791
1749266210,0.19170000,680.00000000,0.1791
1749266210,0.19190000,156.00000000,0.1791
1749266210,0.19200000,651.00000000,0.1791
1749266210,0.19220000,1000.00000000,0.1791
1749266210,0.19230000,586.00000000,0.1791
1749266210,0.19250000,177.00000000,0.1791
1749266210,0.19270000,259.00000000,0.1791
1749266210,0.19280000,1029.00000000,0.1791
1749266210,0.19290000,846.00000000,0.1791
1749266210,0.19300000,5263.00000000,0.1791
1749266210,0.19320000,1031.00000000,0.1791
1749266210,0.19330000,63.00000000,0.1791
1749266210,0.19340000,43.00000000,0.1791
1749266210,0.19380000,57.00000000,0.1791
1749266210,0.19400000,107.00000000,0.1791
1749266210,0.19410000,136.00000000,0.1791
1749266210,0.19420000,1051.00000000,0.1791
1749266210,0.19430000,778.00000000,0.1791
1749266210,0.19440000,39088.00000000,0.1791
1749266210,0.19460000,1034.00000000,0.1791
1749266210,0.19470000,57.00000000,0.1791
1749266210,0.19500000,384.00000000,0.1791
1749266210,0.19520000,1031.00000000,0.1791
1749266210,0.19540000,10180.00000000,0.1791
1749266210,0.19550000,29.00000000,0.1791
1749266210,0.19560000,57.00000000,0.1791
1749266210,0.19570000,43.00000000,0.1791
1749266210,0.19580000,9375.00000000,0.1791
1749266210,0.19590000,1371.00000000,0.1791
1749266512,0.17850000,4065.00000000,0.1787
1749266512,0.17860000,21454.00000000,0.1787
1749266512,0.17870000,49217.00000000,0.1787
1749266512,0.17880000,58232.00000000,0.1787
1749266512,0.17890000,29043.00000000,0.1787
1749266512,0.17900000,31454.00000000,0.1787
1749266512,0.17910000,55391.00000000,0.1787
1749266512,0.17920000,56799.00000000,0.1787
1749266512,0.17930000,5816.00000000,0.1787
1749266512,0.17940000,86.00000000,0.1787
1749266512,0.17950000,53875.00000000,0.1787
1749266512,0.17960000,86.00000000,0.1787
1749266512,0.17970000,3489.00000000,0.1787
1749266512,0.17980000,85.00000000,0.1787
1749266512,0.17990000,8913.00000000,0.1787
1749266512,0.18000000,18825.00000000,0.1787
1749266512,0.18010000,6405.00000000,0.1787
1749266512,0.18020000,53863.00000000,0.1787
1749266512,0.18030000,899.00000000,0.1787
1749266512,0.18040000,43.00000000,0.1787
1749266512,0.18050000,2902.00000000,0.1787
1749266512,0.18060000,43.00000000,0.1787
1749266512,0.18070000,11536.00000000,0.1787
1749266512,0.18080000,2858.00000000,0.1787
1749266512,0.18090000,42.00000000,0.1787
1749266512,0.18100000,2071.00000000,0.1787
1749266512,0.18110000,2858.00000000,0.1787
1749266512,0.18120000,42.00000000,0.1787
1749266512,0.18140000,2816.00000000,0.1787
1749266512,0.18150000,111980.00000000,0.1787
1749266512,0.18160000,2050.00000000,0.1787
1749266512,0.18170000,2816.00000000,0.1787
1749266512,0.18180000,1000.00000000,0.1787
1749266512,0.18200000,2816.00000000,0.1787
1749266512,0.18210000,202.00000000,0.1787
1749266512,0.18230000,2850.00000000,0.1787
1749266512,0.18250000,4241.00000000,0.1787
1749266512,0.18260000,43.00000000,0.1787
1749266512,0.18280000,680.00000000,0.1787
1749266512,0.18330000,44.00000000,0.1787
1749266512,0.18350000,117.00000000,0.1787
1749266512,0.18360000,2200.00000000,0.1787
1749266512,0.18380000,5590.00000000,0.1787
1749266512,0.18390000,1353.00000000,0.1787
1749266512,0.18470000,43.00000000,0.1787
1749266512,0.18510000,606.00000000,0.1787
1749266512,0.18520000,1000.00000000,0.1787
1749266512,0.18540000,1000.00000000,0.1787
1749266512,0.18550000,5881.00000000,0.1787
1749266512,0.18580000,150.00000000,0.1787
1749266512,0.18600000,2159.00000000,0.1787
1749266512,0.18670000,57.00000000,0.1787
1749266512,0.18680000,5720.00000000,0.1787
1749266512,0.18690000,43.00000000,0.1787
1749266512,0.18720000,680.00000000,0.1787
1749266512,0.18730000,11000.00000000,0.1787
1749266512,0.18740000,64.00000000,0.1787
1749266512,0.18760000,57.00000000,0.1787
1749266512,0.18780000,251.00000000,0.1787
1749266512,0.18810000,136.00000000,0.1787
1749266512,0.18840000,34.00000000,0.1787
1749266512,0.18850000,432.00000000,0.1787
1749266512,0.18900000,42185.00000000,0.1787
1749266512,0.18910000,1000.00000000,0.1787
1749266512,0.18940000,57.00000000,0.1787
1749266512,0.18950000,64.00000000,0.1787
1749266512,0.18970000,32.00000000,0.1787
1749266512,0.18990000,2113.00000000,0.1787
1749266512,0.19000000,1069706.00000000,0.1787
1749266512,0.19020000,180.00000000,0.1787
1749266512,0.19030000,57.00000000,0.1787
1749266512,0.19080000,4298.00000000,0.1787
1749266512,0.19090000,1000.00000000,0.1787
1749266512,0.19100000,706.00000000,0.1787
1749266512,0.19110000,136.00000000,0.1787
1749266512,0.19120000,100.00000000,0.1787
1749266512,0.19150000,27.00000000,0.1787
1749266512,0.19160000,121.00000000,0.1787
1749266512,0.19170000,680.00000000,0.1787
1749266512,0.19190000,156.00000000,0.1787
1749266512,0.19200000,651.00000000,0.1787
1749266512,0.19220000,1000.00000000,0.1787
1749266512,0.19230000,586.00000000,0.1787
1749266512,0.19250000,177.00000000,0.1787
1749266512,0.19270000,259.00000000,0.1787
1749266512,0.19280000,1029.00000000,0.1787
1749266512,0.19290000,846.00000000,0.1787
1749266512,0.19300000,5263.00000000,0.1787
1749266512,0.19320000,1031.00000000,0.1787
1749266512,0.19330000,63.00000000,0.1787
1749266512,0.19340000,43.00000000,0.1787
1749266512,0.19380000,57.00000000,0.1787
1749266512,0.19400000,107.00000000,0.1787
1749266512,0.19410000,136.00000000,0.1787
1749266512,0.19420000,1051.00000000,0.1787
1749266512,0.19430000,778.00000000,0.1787
1749266512,0.19440000,39088.00000000,0.1787
1749266512,0.19460000,1034.00000000,0.1787
1749266512,0.19470000,57.00000000,0.1787
1749266512,0.19500000,384.00000000,0.1787
1749266813,0.17900000,5170.00000000,0.1789
1749266813,0.17910000,59991.00000000,0.1789
1749266813,0.17920000,46182.00000000,0.1789
1749266813,0.17930000,36147.00000000,0.1789
1749266813,0.17940000,47358.00000000,0.1789
1749266813,0.17950000,48054.00000000,0.1789
1749266813,0.17960000,55584.00000000,0.1789
1749266813,0.17970000,12595.00000000,0.1789
1749266813,0.17980000,51058.00000000,0.1789
1749266813,0.17990000,8913.00000000,0.1789
1749266813,0.18000000,5050.00000000,0.1789
1749266813,0.18010000,6405.00000000,0.1789
1749266813,0.18020000,3464.00000000,0.1789
1749266813,0.18030000,14562.00000000,0.1789
1749266813,0.18040000,55908.00000000,0.1789
1749266813,0.18050000,2902.00000000,0.1789
1749266813,0.18060000,43.00000000,0.1789
1749266813,0.18070000,168.00000000,0.1789
1749266813,0.18080000,12548.00000000,0.1789
1749266813,0.18090000,42.00000000,0.1789
1749266813,0.18100000,2071.00000000,0.1789
1749266813,0.18110000,2858.00000000,0.1789
1749266813,0.18120000,1720.00000000,0.1789
1749266813,0.18140000,2816.00000000,0.1789
1749266813,0.18170000,2816.00000000,0.1789
1749266813,0.18180000,112980.00000000,0.1789
1749266813,0.18200000,2816.00000000,0.1789
1749266813,0.18210000,2252.00000000,0.1789
1749266813,0.18230000,2850.00000000,0.1789
1749266813,0.18250000,1905.00000000,0.1789
1749266813,0.18260000,43.00000000,0.1789
1749266813,0.18280000,680.00000000,0.1789
1749266813,0.18300000,2336.00000000,0.1789
1749266813,0.18330000,44.00000000,0.1789
1749266813,0.18350000,117.00000000,0.1789
1749266813,0.18360000,2200.00000000,0.1789
1749266813,0.18380000,5590.00000000,0.1789
1749266813,0.18390000,1353.00000000,0.1789
1749266813,0.18470000,43.00000000,0.1789
1749266813,0.18510000,606.00000000,0.1789
1749266813,0.18520000,1000.00000000,0.1789
1749266813,0.18540000,1000.00000000,0.1789
1749266813,0.18550000,5881.00000000,0.1789
1749266813,0.18580000,150.00000000,0.1789
1749266813,0.18600000,2159.00000000,0.1789
1749266813,0.18670000,57.00000000,0.1789
1749266813,0.18680000,5720.00000000,0.1789
1749266813,0.18690000,43.00000000,0.1789
1749266813,0.18720000,680.00000000,0.1789
1749266813,0.18730000,11000.00000000,0.1789
1749266813,0.18740000,64.00000000,0.1789
1749266813,0.18760000,57.00000000,0.1789
1749266813,0.18780000,251.00000000,0.1789
1749266813,0.18810000,136.00000000,0.1789
1749266813,0.18840000,34.00000000,0.1789
1749266813,0.18850000,432.00000000,0.1789
1749266813,0.18900000,42185.00000000,0.1789
1749266813,0.18910000,1000.00000000,0.1789
1749266813,0.18940000,57.00000000,0.1789
1749266813,0.18950000,64.00000000,0.1789
1749266813,0.18970000,32.00000000,0.1789
1749266813,0.18990000,2113.00000000,0.1789
1749266813,0.19000000,1084401.00000000,0.1789
1749266813,0.19020000,180.00000000,0.1789
1749266813,0.19030000,57.00000000,0.1789
1749266813,0.19080000,4298.00000000,0.1789
1749266813,0.19090000,1000.00000000,0.1789
1749266813,0.19100000,706.00000000,0.1789
1749266813,0.19110000,136.00000000,0.1789
1749266813,0.19120000,100.00000000,0.1789
1749266813,0.19150000,27.00000000,0.1789
1749266813,0.19160000,121.00000000,0.1789
1749266813,0.19170000,680.00000000,0.1789
1749266813,0.19190000,156.00000000,0.1789
1749266813,0.19200000,651.00000000,0.1789
1749266813,0.19220000,1000.00000000,0.1789
1749266813,0.19230000,586.00000000,0.1789
1749266813,0.19250000,177.00000000,0.1789
1749266813,0.19270000,259.00000000,0.1789
1749266813,0.19280000,1029.00000000,0.1789
1749266813,0.19290000,846.00000000,0.1789
1749266813,0.19300000,5263.00000000,0.1789
1749266813,0.19320000,1031.00000000,0.1789
1749266813,0.19330000,63.00000000,0.1789
1749266813,0.19340000,43.00000000,0.1789
1749266813,0.19380000,57.00000000,0.1789
1749266813,0.19400000,107.00000000,0.1789
1749266813,0.19410000,136.00000000,0.1789
1749266813,0.19420000,1051.00000000,0.1789
1749266813,0.19430000,778.00000000,0.1789
1749266813,0.19440000,39088.00000000,0.1789
1749266813,0.19460000,1034.00000000,0.1789
1749266813,0.19470000,57.00000000,0.1789
1749266813,0.19500000,384.00000000,0.1789
1749266813,0.19520000,1031.00000000,0.1789
1749266813,0.19540000,10180.00000000,0.1789
1749266813,0.19550000,9404.00000000,0.1789
1749266813,0.19560000,57.00000000,0.1789
1749266813,0.19570000,43.00000000,0.1789
1749266813,0.19590000,1371.00000000,0.1789
1749267115,0.17870000,5126.00000000,0.1787
1749267115,0.17880000,25055.00000000,0.1787
1749267115,0.17890000,40517.00000000,0.1787
1749267115,0.17900000,61811.00000000,0.1787
1749267115,0.17910000,45242.00000000,0.1787
1749267115,0.17920000,20884.00000000,0.1787
1749267115,0.17930000,55313.00000000,0.1787
1749267115,0.17940000,62877.00000000,0.1787
1749267115,0.17950000,6338.00000000,0.1787
1749267115,0.17960000,3544.00000000,0.1787
1749267115,0.17970000,5235.00000000,0.1787
1749267115,0.17980000,51058.00000000,0.1787
1749267115,0.17990000,8913.00000000,0.1787
1749267115,0.18000000,5050.00000000,0.1787
1749267115,0.18010000,6405.00000000,0.1787
1749267115,0.18020000,3464.00000000,0.1787
1749267115,0.18030000,14562.00000000,0.1787
1749267115,0.18040000,55908.00000000,0.1787
1749267115,0.18050000,2902.00000000,0.1787
1749267115,0.18060000,43.00000000,0.1787
1749267115,0.18070000,168.00000000,0.1787
1749267115,0.18080000,12548.00000000,0.1787
1749267115,0.18090000,42.00000000,0.1787
1749267115,0.18100000,2071.00000000,0.1787
1749267115,0.18110000,2858.00000000,0.1787
1749267115,0.18120000,1720.00000000,0.1787
1749267115,0.18140000,2816.00000000,0.1787
1749267115,0.18170000,2816.00000000,0.1787
1749267115,0.18180000,112980.00000000,0.1787
1749267115,0.18200000,2816.00000000,0.1787
1749267115,0.18210000,2252.00000000,0.1787
1749267115,0.18230000,2850.00000000,0.1787
1749267115,0.18250000,1905.00000000,0.1787
1749267115,0.18260000,43.00000000,0.1787
1749267115,0.18280000,680.00000000,0.1787
1749267115,0.18300000,2336.00000000,0.1787
1749267115,0.18330000,44.00000000,0.1787
1749267115,0.18350000,117.00000000,0.1787
1749267115,0.18360000,2200.00000000,0.1787
1749267115,0.18380000,5590.00000000,0.1787
1749267115,0.18390000,1353.00000000,0.1787
1749267115,0.18420000,43.00000000,0.1787
1749267115,0.18470000,43.00000000,0.1787
1749267115,0.18510000,606.00000000,0.1787
1749267115,0.18520000,1000.00000000,0.1787
1749267115,0.18540000,1000.00000000,0.1787
1749267115,0.18550000,5881.00000000,0.1787
1749267115,0.18580000,150.00000000,0.1787
1749267115,0.18600000,2159.00000000,0.1787
1749267115,0.18670000,57.00000000,0.1787
1749267115,0.18680000,5720.00000000,0.1787
1749267115,0.18690000,43.00000000,0.1787
1749267115,0.18720000,680.00000000,0.1787
1749267115,0.18730000,1000.00000000,0.1787
1749267115,0.18740000,64.00000000,0.1787
1749267115,0.18760000,57.00000000,0.1787
1749267115,0.18770000,10053.00000000,0.1787
1749267115,0.18780000,251.00000000,0.1787
1749267115,0.18810000,136.00000000,0.1787
1749267115,0.18840000,34.00000000,0.1787
1749267115,0.18850000,432.00000000,0.1787
1749267115,0.18900000,42185.00000000,0.1787
1749267115,0.18910000,1000.00000000,0.1787
1749267115,0.18940000,57.00000000,0.1787
1749267115,0.18950000,64.00000000,0.1787
1749267115,0.18970000,32.00000000,0.1787
1749267115,0.18990000,2113.00000000,0.1787
1749267115,0.19000000,1084401.00000000,0.1787
1749267115,0.19020000,180.00000000,0.1787
1749267115,0.19030000,57.00000000,0.1787
1749267115,0.19080000,4847.00000000,0.1787
1749267115,0.19090000,1000.00000000,0.1787
1749267115,0.19100000,706.00000000,0.1787
1749267115,0.19110000,136.00000000,0.1787
1749267115,0.19120000,100.00000000,0.1787
1749267115,0.19150000,27.00000000,0.1787
1749267115,0.19160000,121.00000000,0.1787
1749267115,0.19170000,680.00000000,0.1787
1749267115,0.19190000,156.00000000,0.1787
1749267115,0.19200000,651.00000000,0.1787
1749267115,0.19220000,1000.00000000,0.1787
1749267115,0.19230000,586.00000000,0.1787
1749267115,0.19250000,177.00000000,0.1787
1749267115,0.19270000,259.00000000,0.1787
1749267115,0.19280000,1029.00000000,0.1787
1749267115,0.19290000,846.00000000,0.1787
1749267115,0.19300000,5263.00000000,0.1787
1749267115,0.19320000,1031.00000000,0.1787
1749267115,0.19330000,63.00000000,0.1787
1749267115,0.19340000,43.00000000,0.1787
1749267115,0.19380000,57.00000000,0.1787
1749267115,0.19400000,107.00000000,0.1787
1749267115,0.19410000,136.00000000,0.1787
1749267115,0.19420000,1051.00000000,0.1787
1749267115,0.19430000,778.00000000,0.1787
1749267115,0.19440000,39088.00000000,0.1787
1749267115,0.19460000,1034.00000000,0.1787
1749267115,0.19470000,57.00000000,0.1787
1749267115,0.19500000,384.00000000,0.1787
1749267115,0.19520000,1031.00000000,0.1787
1749267416,0.17890000,3718.00000000,0.1788
1749267416,0.17900000,34910.00000000,0.1788
1749267416,0.17910000,69192.00000000,0.1788
1749267416,0.17920000,58670.00000000,0.1788
1749267416,0.17930000,72066.00000000,0.1788
1749267416,0.17940000,60794.00000000,0.1788
1749267416,0.17950000,13656.00000000,0.1788
1749267416,0.17960000,3544.00000000,0.1788
1749267416,0.17970000,5235.00000000,0.1788
1749267416,0.17980000,51058.00000000,0.1788
1749267416,0.17990000,8913.00000000,0.1788
1749267416,0.18000000,5050.00000000,0.1788
1749267416,0.18010000,6405.00000000,0.1788
1749267416,0.18020000,3464.00000000,0.1788
1749267416,0.18030000,70398.00000000,0.1788
1749267416,0.18040000,43.00000000,0.1788
1749267416,0.18050000,2902.00000000,0.1788
1749267416,0.18060000,43.00000000,0.1788
1749267416,0.18070000,168.00000000,0.1788
1749267416,0.18080000,12548.00000000,0.1788
1749267416,0.18090000,42.00000000,0.1788
1749267416,0.18100000,2071.00000000,0.1788
1749267416,0.18110000,2858.00000000,0.1788
1749267416,0.18120000,1720.00000000,0.1788
1749267416,0.18140000,2816.00000000,0.1788
1749267416,0.18160000,111850.00000000,0.1788
1749267416,0.18170000,2816.00000000,0.1788
1749267416,0.18180000,1000.00000000,0.1788
1749267416,0.18200000,2816.00000000,0.1788
1749267416,0.18210000,2252.00000000,0.1788
1749267416,0.18230000,2850.00000000,0.1788
1749267416,0.18240000,49.00000000,0.1788
1749267416,0.18250000,1905.00000000,0.1788
1749267416,0.18260000,43.00000000,0.1788
1749267416,0.18280000,680.00000000,0.1788
1749267416,0.18300000,2336.00000000,0.1788
1749267416,0.18330000,44.00000000,0.1788
1749267416,0.18350000,117.00000000,0.1788
1749267416,0.18360000,2200.00000000,0.1788
1749267416,0.18380000,5590.00000000,0.1788
1749267416,0.18390000,1353.00000000,0.1788
1749267416,0.18420000,43.00000000,0.1788
1749267416,0.18470000,43.00000000,0.1788
1749267416,0.18510000,606.00000000,0.1788
1749267416,0.18520000,1000.00000000,0.1788
1749267416,0.18540000,1000.00000000,0.1788
1749267416,0.18550000,5881.00000000,0.1788
1749267416,0.18580000,150.00000000,0.1788
1749267416,0.18600000,2224.00000000,0.1788
1749267416,0.18670000,57.00000000,0.1788
1749267416,0.18680000,5720.00000000,0.1788
1749267416,0.18690000,43.00000000,0.1788
1749267416,0.18720000,680.00000000,0.1788
1749267416,0.18730000,1000.00000000,0.1788
1749267416,0.18740000,64.00000000,0.1788
1749267416,0.18750000,10000.00000000,0.1788
1749267416,0.18760000,57.00000000,0.1788
1749267416,0.18770000,53.00000000,0.1788
1749267416,0.18780000,251.00000000,0.1788
1749267416,0.18810000,136.00000000,0.1788
1749267416,0.18840000,34.00000000,0.1788
1749267416,0.18850000,432.00000000,0.1788
1749267416,0.18900000,42185.00000000,0.1788
1749267416,0.18910000,1000.00000000,0.1788
1749267416,0.18940000,57.00000000,0.1788
1749267416,0.18950000,143.00000000,0.1788
1749267416,0.18970000,32.00000000,0.1788
1749267416,0.18990000,2113.00000000,0.1788
1749267416,0.19000000,1084401.00000000,0.1788
1749267416,0.19020000,180.00000000,0.1788
1749267416,0.19030000,57.00000000,0.1788
1749267416,0.19080000,4847.00000000,0.1788
1749267416,0.19090000,1000.00000000,0.1788
1749267416,0.19100000,706.00000000,0.1788
1749267416,0.19110000,136.00000000,0.1788
1749267416,0.19120000,100.00000000,0.1788
1749267416,0.19150000,27.00000000,0.1788
1749267416,0.19160000,121.00000000,0.1788
1749267416,0.19170000,680.00000000,0.1788
1749267416,0.19190000,156.00000000,0.1788
1749267416,0.19200000,651.00000000,0.1788
1749267416,0.19220000,1000.00000000,0.1788
1749267416,0.19230000,586.00000000,0.1788
1749267416,0.19250000,177.00000000,0.1788
1749267416,0.19270000,259.00000000,0.1788
1749267416,0.19280000,1029.00000000,0.1788
1749267416,0.19290000,846.00000000,0.1788
1749267416,0.19300000,5263.00000000,0.1788
1749267416,0.19320000,1031.00000000,0.1788
1749267416,0.19330000,63.00000000,0.1788
1749267416,0.19340000,43.00000000,0.1788
1749267416,0.19380000,57.00000000,0.1788
1749267416,0.19400000,107.00000000,0.1788
1749267416,0.19410000,136.00000000,0.1788
1749267416,0.19420000,1051.00000000,0.1788
1749267416,0.19430000,778.00000000,0.1788
1749267416,0.19440000,39088.00000000,0.1788
1749267416,0.19460000,1034.00000000,0.1788
1749267416,0.19470000,57.00000000,0.1788
1749267416,0.19500000,384.00000000,0.1788
1749267718,0.17910000,1690.00000000,0.179
1749267718,0.17920000,45272.00000000,0.179
1749267718,0.17930000,59884.00000000,0.179
1749267718,0.17940000,55572.00000000,0.179
1749267718,0.17950000,79210.00000000,0.179
1749267718,0.17960000,9428.00000000,0.179
1749267718,0.17970000,14319.00000000,0.179
1749267718,0.17980000,98752.00000000,0.179
1749267718,0.17990000,10623.00000000,0.179
