timestamp,price,volume,current_price
1749258329,0.17690000,14279.00000000,0.1768
1749258329,0.17700000,46286.00000000,0.1768
1749258329,0.17710000,42418.00000000,0.1768
1749258329,0.17720000,58168.00000000,0.1768
1749258329,0.17730000,69309.00000000,0.1768
1749258329,0.17740000,42131.00000000,0.1768
1749258329,0.17750000,73556.00000000,0.1768
1749258329,0.17760000,7218.00000000,0.1768
1749258329,0.17770000,1887.00000000,0.1768
1749258329,0.17780000,56194.00000000,0.1768
1749258329,0.17790000,5526.00000000,0.1768
1749258329,0.17800000,5318.00000000,0.1768
1749258329,0.17810000,197.00000000,0.1768
1749258329,0.17820000,16588.00000000,0.1768
1749258329,0.17830000,1537.00000000,0.1768
1749258329,0.17840000,59375.00000000,0.1768
1749258329,0.17850000,43.00000000,0.1768
1749258329,0.17860000,5100.00000000,0.1768
1749258329,0.17870000,446.00000000,0.1768
1749258329,0.17880000,4003.00000000,0.1768
1749258329,0.17890000,3043.00000000,0.1768
1749258329,0.17900000,194.00000000,0.1768
1749258329,0.17910000,2995.00000000,0.1768
1749258329,0.17920000,1243.00000000,0.1768
1749258329,0.17930000,17289.00000000,0.1768
1749258329,0.17940000,43.00000000,0.1768
1749258329,0.17950000,2816.00000000,0.1768
1749258329,0.17970000,2816.00000000,0.1768
1749258329,0.17980000,33.00000000,0.1768
1749258329,0.17990000,121688.00000000,0.1768
1749258329,0.18000000,2549.00000000,0.1768
1749258329,0.18010000,2050.00000000,0.1768
1749258329,0.18020000,2860.00000000,0.1768
1749258329,0.18050000,4733.00000000,0.1768
1749258329,0.18070000,126.00000000,0.1768
1749258329,0.18100000,4336.00000000,0.1768
1749258329,0.18110000,44.00000000,0.1768
1749258329,0.18130000,50.00000000,0.1768
1749258329,0.18160000,44.00000000,0.1768
1749258329,0.18180000,6540.00000000,0.1768
1749258329,0.18190000,1353.00000000,0.1768
1749258329,0.18210000,202.00000000,0.1768
1749258329,0.18230000,34.00000000,0.1768
1749258329,0.18250000,31.00000000,0.1768
1749258329,0.18260000,43.00000000,0.1768
1749258329,0.18280000,680.00000000,0.1768
1749258329,0.18320000,44.00000000,0.1768
1749258329,0.18330000,99.00000000,0.1768
1749258329,0.18350000,5969.00000000,0.1768
1749258329,0.18360000,2200.00000000,0.1768
1749258329,0.18380000,143.00000000,0.1768
1749258329,0.18460000,54.00000000,0.1768
1749258329,0.18470000,43.00000000,0.1768
1749258329,0.18480000,65.00000000,0.1768
1749258329,0.18490000,10000.00000000,0.1768
1749258329,0.18510000,606.00000000,0.1768
1749258329,0.18520000,6678.00000000,0.1768
1749258329,0.18530000,43.00000000,0.1768
1749258329,0.18540000,1000.00000000,0.1768
1749258329,0.18580000,150.00000000,0.1768
1749258329,0.18600000,2130.00000000,0.1768
1749258329,0.18670000,57.00000000,0.1768
1749258329,0.18680000,42.00000000,0.1768
1749258329,0.18690000,43.00000000,0.1768
1749258329,0.18720000,680.00000000,0.1768
1749258329,0.18730000,1000.00000000,0.1768
1749258329,0.18740000,64.00000000,0.1768
1749258329,0.18760000,57.00000000,0.1768
1749258329,0.18780000,251.00000000,0.1768
1749258329,0.18810000,136.00000000,0.1768
1749258329,0.18840000,34.00000000,0.1768
1749258329,0.18850000,432.00000000,0.1768
1749258329,0.18890000,1678.00000000,0.1768
1749258329,0.18900000,42185.00000000,0.1768
1749258329,0.18910000,1000.00000000,0.1768
1749258329,0.18940000,57.00000000,0.1768
1749258329,0.18950000,64.00000000,0.1768
1749258329,0.18970000,32.00000000,0.1768
1749258329,0.19000000,706.00000000,0.1768
1749258329,0.19020000,180.00000000,0.1768
1749258329,0.19030000,57.00000000,0.1768
1749258329,0.19080000,4298.00000000,0.1768
1749258329,0.19090000,1000.00000000,0.1768
1749258329,0.19100000,706.00000000,0.1768
1749258329,0.19110000,136.00000000,0.1768
1749258329,0.19120000,100.00000000,0.1768
1749258329,0.19150000,27.00000000,0.1768
1749258329,0.19160000,121.00000000,0.1768
1749258329,0.19170000,680.00000000,0.1768
1749258329,0.19190000,156.00000000,0.1768
1749258329,0.19200000,651.00000000,0.1768
1749258329,0.19220000,1000.00000000,0.1768
1749258329,0.19230000,586.00000000,0.1768
1749258329,0.19250000,177.00000000,0.1768
1749258329,0.19270000,259.00000000,0.1768
1749258329,0.19280000,1029.00000000,0.1768
1749258329,0.19290000,846.00000000,0.1768
1749258329,0.19300000,5263.00000000,0.1768
1749258329,0.19310000,9375.00000000,0.1768
1749258329,0.19320000,1031.00000000,0.1768
1749258630,0.17680000,4776.00000000,0.1768
1749258630,0.17690000,58855.00000000,0.1768
1749258630,0.17700000,50835.00000000,0.1768
1749258630,0.17710000,39881.00000000,0.1768
1749258630,0.17720000,62094.00000000,0.1768
1749258630,0.17730000,63209.00000000,0.1768
1749258630,0.17740000,59400.00000000,0.1768
1749258630,0.17750000,14877.00000000,0.1768
1749258630,0.17760000,6231.00000000,0.1768
1749258630,0.17770000,53404.00000000,0.1768
1749258630,0.17780000,4708.00000000,0.1768
1749258630,0.17790000,5526.00000000,0.1768
1749258630,0.17800000,5318.00000000,0.1768
1749258630,0.17810000,197.00000000,0.1768
1749258630,0.17820000,16588.00000000,0.1768
1749258630,0.17830000,1537.00000000,0.1768
1749258630,0.17840000,59535.00000000,0.1768
1749258630,0.17850000,43.00000000,0.1768
1749258630,0.17860000,5100.00000000,0.1768
1749258630,0.17870000,446.00000000,0.1768
1749258630,0.17880000,4003.00000000,0.1768
1749258630,0.17890000,3043.00000000,0.1768
1749258630,0.17900000,194.00000000,0.1768
1749258630,0.17910000,2995.00000000,0.1768
1749258630,0.17920000,1243.00000000,0.1768
1749258630,0.17930000,17289.00000000,0.1768
1749258630,0.17940000,43.00000000,0.1768
1749258630,0.17950000,2816.00000000,0.1768
1749258630,0.17970000,2816.00000000,0.1768
1749258630,0.17980000,33.00000000,0.1768
1749258630,0.17990000,121688.00000000,0.1768
1749258630,0.18000000,2549.00000000,0.1768
1749258630,0.18010000,2050.00000000,0.1768
1749258630,0.18020000,2860.00000000,0.1768
1749258630,0.18050000,4733.00000000,0.1768
1749258630,0.18070000,126.00000000,0.1768
1749258630,0.18100000,4336.00000000,0.1768
1749258630,0.18110000,44.00000000,0.1768
1749258630,0.18130000,50.00000000,0.1768
1749258630,0.18160000,44.00000000,0.1768
1749258630,0.18180000,6540.00000000,0.1768
1749258630,0.18190000,1353.00000000,0.1768
1749258630,0.18210000,202.00000000,0.1768
1749258630,0.18230000,34.00000000,0.1768
1749258630,0.18250000,31.00000000,0.1768
1749258630,0.18260000,43.00000000,0.1768
1749258630,0.18280000,680.00000000,0.1768
1749258630,0.18320000,44.00000000,0.1768
1749258630,0.18330000,99.00000000,0.1768
1749258630,0.18350000,5969.00000000,0.1768
1749258630,0.18360000,2200.00000000,0.1768
1749258630,0.18380000,143.00000000,0.1768
1749258630,0.18460000,54.00000000,0.1768
1749258630,0.18470000,43.00000000,0.1768
1749258630,0.18480000,65.00000000,0.1768
1749258630,0.18510000,606.00000000,0.1768
1749258630,0.18520000,6678.00000000,0.1768
1749258630,0.18530000,43.00000000,0.1768
1749258630,0.18540000,1000.00000000,0.1768
1749258630,0.18580000,150.00000000,0.1768
1749258630,0.18590000,10000.00000000,0.1768
1749258630,0.18600000,2130.00000000,0.1768
1749258630,0.18670000,57.00000000,0.1768
1749258630,0.18680000,42.00000000,0.1768
1749258630,0.18690000,43.00000000,0.1768
1749258630,0.18720000,680.00000000,0.1768
1749258630,0.18730000,1000.00000000,0.1768
1749258630,0.18740000,64.00000000,0.1768
1749258630,0.18760000,57.00000000,0.1768
1749258630,0.18780000,251.00000000,0.1768
1749258630,0.18810000,136.00000000,0.1768
1749258630,0.18840000,34.00000000,0.1768
1749258630,0.18850000,432.00000000,0.1768
1749258630,0.18890000,1678.00000000,0.1768
1749258630,0.18900000,42185.00000000,0.1768
1749258630,0.18910000,1000.00000000,0.1768
1749258630,0.18940000,57.00000000,0.1768
1749258630,0.18950000,64.00000000,0.1768
1749258630,0.18970000,32.00000000,0.1768
1749258630,0.19000000,706.00000000,0.1768
1749258630,0.19020000,180.00000000,0.1768
1749258630,0.19030000,57.00000000,0.1768
1749258630,0.19080000,4298.00000000,0.1768
1749258630,0.19090000,1000.00000000,0.1768
1749258630,0.19100000,706.00000000,0.1768
1749258630,0.19110000,136.00000000,0.1768
1749258630,0.19120000,100.00000000,0.1768
1749258630,0.19150000,27.00000000,0.1768
1749258630,0.19160000,121.00000000,0.1768
1749258630,0.19170000,680.00000000,0.1768
1749258630,0.19190000,156.00000000,0.1768
1749258630,0.19200000,651.00000000,0.1768
1749258630,0.19220000,1000.00000000,0.1768
1749258630,0.19230000,586.00000000,0.1768
1749258630,0.19250000,177.00000000,0.1768
1749258630,0.19270000,259.00000000,0.1768
1749258630,0.19280000,1029.00000000,0.1768
1749258630,0.19290000,846.00000000,0.1768
1749258630,0.19300000,5263.00000000,0.1768
1749258630,0.19320000,1031.00000000,0.1768
1749258963,0.17690000,12449.00000000,0.1768
1749258963,0.17700000,55679.00000000,0.1768
1749258963,0.17710000,39711.00000000,0.1768
1749258963,0.17720000,59551.00000000,0.1768
1749258963,0.17730000,82379.00000000,0.1768
1749258963,0.17740000,22881.00000000,0.1768
1749258963,0.17750000,14947.00000000,0.1768
1749258963,0.17760000,51925.00000000,0.1768
1749258963,0.17770000,53404.00000000,0.1768
1749258963,0.17780000,4708.00000000,0.1768
1749258963,0.17790000,5667.00000000,0.1768
1749258963,0.17800000,5318.00000000,0.1768
1749258963,0.17810000,197.00000000,0.1768
1749258963,0.17820000,16588.00000000,0.1768
1749258963,0.17830000,1537.00000000,0.1768
1749258963,0.17840000,59535.00000000,0.1768
1749258963,0.17850000,43.00000000,0.1768
1749258963,0.17860000,5100.00000000,0.1768
1749258963,0.17870000,446.00000000,0.1768
1749258963,0.17880000,4003.00000000,0.1768
1749258963,0.17890000,3043.00000000,0.1768
1749258963,0.17900000,194.00000000,0.1768
1749258963,0.17910000,2995.00000000,0.1768
1749258963,0.17920000,1243.00000000,0.1768
1749258963,0.17930000,17289.00000000,0.1768
1749258963,0.17940000,43.00000000,0.1768
1749258963,0.17950000,2816.00000000,0.1768
1749258963,0.17960000,113120.00000000,0.1768
1749258963,0.17970000,2816.00000000,0.1768
1749258963,0.17980000,33.00000000,0.1768
1749258963,0.17990000,8828.00000000,0.1768
1749258963,0.18000000,2549.00000000,0.1768
1749258963,0.18010000,2050.00000000,0.1768
1749258963,0.18020000,2860.00000000,0.1768
1749258963,0.18050000,4733.00000000,0.1768
1749258963,0.18070000,126.00000000,0.1768
1749258963,0.18100000,4336.00000000,0.1768
1749258963,0.18110000,44.00000000,0.1768
1749258963,0.18130000,50.00000000,0.1768
1749258963,0.18160000,44.00000000,0.1768
1749258963,0.18180000,6540.00000000,0.1768
1749258963,0.18190000,1353.00000000,0.1768
1749258963,0.18210000,202.00000000,0.1768
1749258963,0.18230000,34.00000000,0.1768
1749258963,0.18250000,31.00000000,0.1768
1749258963,0.18260000,43.00000000,0.1768
1749258963,0.18280000,680.00000000,0.1768
1749258963,0.18320000,44.00000000,0.1768
1749258963,0.18330000,99.00000000,0.1768
1749258963,0.18350000,5969.00000000,0.1768
1749258963,0.18360000,2200.00000000,0.1768
1749258963,0.18380000,143.00000000,0.1768
1749258963,0.18460000,54.00000000,0.1768
1749258963,0.18470000,43.00000000,0.1768
1749258963,0.18480000,65.00000000,0.1768
1749258963,0.18510000,606.00000000,0.1768
1749258963,0.18520000,6678.00000000,0.1768
1749258963,0.18530000,43.00000000,0.1768
1749258963,0.18540000,1000.00000000,0.1768
1749258963,0.18580000,150.00000000,0.1768
1749258963,0.18590000,10000.00000000,0.1768
1749258963,0.18600000,2130.00000000,0.1768
1749258963,0.18670000,57.00000000,0.1768
1749258963,0.18680000,42.00000000,0.1768
1749258963,0.18690000,43.00000000,0.1768
1749258963,0.18720000,680.00000000,0.1768
1749258963,0.18730000,1000.00000000,0.1768
1749258963,0.18740000,64.00000000,0.1768
1749258963,0.18760000,57.00000000,0.1768
1749258963,0.18780000,251.00000000,0.1768
1749258963,0.18810000,136.00000000,0.1768
1749258963,0.18840000,34.00000000,0.1768
1749258963,0.18850000,432.00000000,0.1768
1749258963,0.18890000,1678.00000000,0.1768
1749258963,0.18900000,42185.00000000,0.1768
1749258963,0.18910000,1000.00000000,0.1768
1749258963,0.18940000,57.00000000,0.1768
1749258963,0.18950000,64.00000000,0.1768
1749258963,0.18970000,32.00000000,0.1768
1749258963,0.19000000,706.00000000,0.1768
1749258963,0.19020000,180.00000000,0.1768
1749258963,0.19030000,57.00000000,0.1768
1749258963,0.19080000,4298.00000000,0.1768
1749258963,0.19090000,1000.00000000,0.1768
1749258963,0.19100000,706.00000000,0.1768
1749258963,0.19110000,136.00000000,0.1768
1749258963,0.19120000,100.00000000,0.1768
1749258963,0.19150000,27.00000000,0.1768
1749258963,0.19160000,121.00000000,0.1768
1749258963,0.19170000,680.00000000,0.1768
1749258963,0.19190000,156.00000000,0.1768
1749258963,0.19200000,651.00000000,0.1768
1749258963,0.19220000,1000.00000000,0.1768
1749258963,0.19230000,586.00000000,0.1768
1749258963,0.19250000,177.00000000,0.1768
1749258963,0.19270000,259.00000000,0.1768
1749258963,0.19280000,1029.00000000,0.1768
1749258963,0.19290000,846.00000000,0.1768
1749258963,0.19300000,5263.00000000,0.1768
1749258963,0.19320000,1031.00000000,0.1768
1749259271,0.17660000,13022.00000000,0.1766
1749259271,0.17670000,30302.00000000,0.1766
1749259271,0.17680000,61337.00000000,0.1766
1749259271,0.17690000,58932.00000000,0.1766
1749259271,0.17700000,50742.00000000,0.1766
1749259271,0.17710000,66706.00000000,0.1766
1749259271,0.17720000,4640.00000000,0.1766
1749259271,0.17730000,15142.00000000,0.1766
1749259271,0.17740000,51125.00000000,0.1766
1749259271,0.17750000,4242.00000000,0.1766
1749259271,0.17760000,4821.00000000,0.1766
1749259271,0.17770000,48718.00000000,0.1766
1749259271,0.17780000,2936.00000000,0.1766
1749259271,0.17790000,16269.00000000,0.1766
1749259271,0.17800000,53805.00000000,0.1766
1749259271,0.17810000,197.00000000,0.1766
1749259271,0.17820000,2902.00000000,0.1766
1749259271,0.17830000,6303.00000000,0.1766
1749259271,0.17840000,2945.00000000,0.1766
1749259271,0.17850000,43.00000000,0.1766
1749259271,0.17860000,5100.00000000,0.1766
1749259271,0.17870000,446.00000000,0.1766
1749259271,0.17880000,4003.00000000,0.1766
1749259271,0.17890000,3043.00000000,0.1766
1749259271,0.17900000,194.00000000,0.1766
1749259271,0.17910000,2995.00000000,0.1766
1749259271,0.17920000,1243.00000000,0.1766
1749259271,0.17930000,12549.00000000,0.1766
1749259271,0.17940000,113163.00000000,0.1766
1749259271,0.17950000,2816.00000000,0.1766
1749259271,0.17970000,2816.00000000,0.1766
1749259271,0.17980000,33.00000000,0.1766
1749259271,0.17990000,8828.00000000,0.1766
1749259271,0.18000000,2549.00000000,0.1766
1749259271,0.18010000,2050.00000000,0.1766
1749259271,0.18020000,2860.00000000,0.1766
1749259271,0.18050000,4733.00000000,0.1766
1749259271,0.18070000,126.00000000,0.1766
1749259271,0.18100000,4336.00000000,0.1766
1749259271,0.18110000,44.00000000,0.1766
1749259271,0.18130000,50.00000000,0.1766
1749259271,0.18160000,44.00000000,0.1766
1749259271,0.18180000,6540.00000000,0.1766
1749259271,0.18190000,1353.00000000,0.1766
1749259271,0.18210000,202.00000000,0.1766
1749259271,0.18230000,34.00000000,0.1766
1749259271,0.18250000,31.00000000,0.1766
1749259271,0.18260000,43.00000000,0.1766
1749259271,0.18280000,680.00000000,0.1766
1749259271,0.18320000,44.00000000,0.1766
1749259271,0.18330000,99.00000000,0.1766
1749259271,0.18350000,5969.00000000,0.1766
1749259271,0.18360000,2200.00000000,0.1766
1749259271,0.18380000,143.00000000,0.1766
1749259271,0.18460000,54.00000000,0.1766
1749259271,0.18470000,43.00000000,0.1766
1749259271,0.18480000,65.00000000,0.1766
1749259271,0.18510000,606.00000000,0.1766
1749259271,0.18520000,6678.00000000,0.1766
1749259271,0.18530000,43.00000000,0.1766
1749259271,0.18540000,11000.00000000,0.1766
1749259271,0.18580000,150.00000000,0.1766
1749259271,0.18600000,2130.00000000,0.1766
1749259271,0.18670000,57.00000000,0.1766
1749259271,0.18680000,42.00000000,0.1766
1749259271,0.18690000,43.00000000,0.1766
1749259271,0.18720000,680.00000000,0.1766
1749259271,0.18730000,1000.00000000,0.1766
1749259271,0.18740000,64.00000000,0.1766
1749259271,0.18760000,57.00000000,0.1766
1749259271,0.18780000,251.00000000,0.1766
1749259271,0.18810000,136.00000000,0.1766
1749259271,0.18840000,34.00000000,0.1766
1749259271,0.18850000,432.00000000,0.1766
1749259271,0.18890000,1678.00000000,0.1766
1749259271,0.18900000,42185.00000000,0.1766
1749259271,0.18910000,1000.00000000,0.1766
1749259271,0.18940000,57.00000000,0.1766
1749259271,0.18950000,64.00000000,0.1766
1749259271,0.18970000,32.00000000,0.1766
1749259271,0.19000000,706.00000000,0.1766
1749259271,0.19020000,180.00000000,0.1766
1749259271,0.19030000,57.00000000,0.1766
1749259271,0.19080000,4298.00000000,0.1766
1749259271,0.19090000,1000.00000000,0.1766
1749259271,0.19100000,706.00000000,0.1766
1749259271,0.19110000,136.00000000,0.1766
1749259271,0.19120000,100.00000000,0.1766
1749259271,0.19150000,27.00000000,0.1766
1749259271,0.19160000,121.00000000,0.1766
1749259271,0.19170000,680.00000000,0.1766
1749259271,0.19190000,156.00000000,0.1766
1749259271,0.19200000,651.00000000,0.1766
1749259271,0.19220000,1000.00000000,0.1766
1749259271,0.19230000,586.00000000,0.1766
1749259271,0.19250000,177.00000000,0.1766
1749259271,0.19270000,259.00000000,0.1766
1749259271,0.19280000,1029.00000000,0.1766
1749259271,0.19290000,846.00000000,0.1766
1749259271,0.19300000,5263.00000000,0.1766
