timestamp,price,volume,current_price
1749254739,0.02063000,4850.00000000,0.02063
1749254739,0.02064000,253626.00000000,0.02063
1749254739,0.02065000,31343.00000000,0.02063
1749254739,0.02066000,102576.00000000,0.02063
1749254739,0.02067000,175333.00000000,0.02063
1749254739,0.02068000,15821.00000000,0.02063
1749254739,0.02069000,17689.00000000,0.02063
1749254739,0.02070000,70397.00000000,0.02063
1749254739,0.02071000,83809.00000000,0.02063
1749254739,0.02072000,115250.00000000,0.02063
1749254739,0.02073000,9743.00000000,0.02063
1749254739,0.02074000,2924.00000000,0.02063
1749254739,0.02075000,9741.00000000,0.02063
1749254739,0.02076000,10949.00000000,0.02063
1749254739,0.02077000,58255.00000000,0.02063
1749254739,0.02078000,10947.00000000,0.02063
1749254739,0.02079000,269666.00000000,0.02063
1749254739,0.02080000,139153.00000000,0.02063
1749254739,0.02081000,287795.00000000,0.02063
1749254739,0.02082000,147902.00000000,0.02063
1749254739,0.02083000,105750.00000000,0.02063
1749254739,0.02084000,8024.00000000,0.02063
1749254739,0.02085000,12348.00000000,0.02063
1749254739,0.02086000,1395.00000000,0.02063
1749254739,0.02087000,96187.00000000,0.02063
1749254739,0.02088000,19024.00000000,0.02063
1749254739,0.02089000,8024.00000000,0.02063
1749254739,0.02091000,15524.00000000,0.02063
1749254739,0.02093000,27024.00000000,0.02063
1749254739,0.02094000,2500.00000000,0.02063
1749254739,0.02095000,16024.00000000,0.02063
1749254739,0.02097000,8024.00000000,0.02063
1749254739,0.02098000,13348.00000000,0.02063
1749254739,0.02099000,10410.00000000,0.02063
1749254739,0.02100000,8408.00000000,0.02063
1749254739,0.02101000,8024.00000000,0.02063
1749254739,0.02103000,198228.00000000,0.02063
1749254739,0.02104000,8024.00000000,0.02063
1749254739,0.02105000,167353.00000000,0.02063
1749254739,0.02107000,77286.00000000,0.02063
1749254739,0.02109000,8024.00000000,0.02063
1749254739,0.02110000,70822.00000000,0.02063
1749254739,0.02112000,18799.00000000,0.02063
1749254739,0.02115000,58346.00000000,0.02063
1749254739,0.02116000,1081.00000000,0.02063
1749254739,0.02118000,20219.00000000,0.02063
1749254739,0.02120000,47553.00000000,0.02063
1749254739,0.02121000,2106.00000000,0.02063
1749254739,0.02122000,1113.00000000,0.02063
1749254739,0.02123000,424.00000000,0.02063
1749254739,0.02124000,377.00000000,0.02063
1749254739,0.02126000,23580.00000000,0.02063
1749254739,0.02127000,362.00000000,0.02063
1749254739,0.02130000,73153.00000000,0.02063
1749254739,0.02132000,45144.00000000,0.02063
1749254739,0.02133000,1686.00000000,0.02063
1749254739,0.02134000,824.00000000,0.02063
1749254739,0.02135000,10793.00000000,0.02063
1749254739,0.02136000,11169.00000000,0.02063
1749254739,0.02139000,630.00000000,0.02063
1749254739,0.02140000,47112.00000000,0.02063
1749254739,0.02141000,512.00000000,0.02063
1749254739,0.02143000,522.00000000,0.02063
1749254739,0.02144000,2160.00000000,0.02063
1749254739,0.02145000,11229.00000000,0.02063
1749254739,0.02146000,824.00000000,0.02063
1749254739,0.02149000,326.00000000,0.02063
1749254739,0.02150000,93627.00000000,0.02063
1749254739,0.02152000,43370.00000000,0.02063
1749254739,0.02154000,879.00000000,0.02063
1749254739,0.02155000,289.00000000,0.02063
1749254739,0.02156000,12604.00000000,0.02063
1749254739,0.02159000,14631.00000000,0.02063
1749254739,0.02160000,93209.00000000,0.02063
1749254739,0.02161000,1249.00000000,0.02063
1749254739,0.02163000,362.00000000,0.02063
1749254739,0.02164000,555.00000000,0.02063
1749254739,0.02165000,462.00000000,0.02063
1749254739,0.02166000,282.00000000,0.02063
1749254739,0.02167000,506.00000000,0.02063
1749254739,0.02169000,1901.00000000,0.02063
1749254739,0.02170000,95053.00000000,0.02063
1749254739,0.02171000,824.00000000,0.02063
1749254739,0.02173000,45379.00000000,0.02063
1749254739,0.02175000,829.00000000,0.02063
1749254739,0.02178000,11595.00000000,0.02063
1749254739,0.02180000,95976.00000000,0.02063
1749254739,0.02181000,502.00000000,0.02063
1749254739,0.02182000,15421.00000000,0.02063
1749254739,0.02183000,824.00000000,0.02063
1749254739,0.02184000,285.00000000,0.02063
1749254739,0.02186000,289.00000000,0.02063
1749254739,0.02190000,96267.00000000,0.02063
1749254739,0.02191000,365.00000000,0.02063
1749254739,0.02192000,1651.00000000,0.02063
1749254739,0.02195000,1323.00000000,0.02063
1749254739,0.02197000,255.00000000,0.02063
1749254739,0.02199000,64797.00000000,0.02063
1749254739,0.02200000,112769.00000000,0.02063
1749254739,0.02201000,1806.00000000,0.02063
1749255069,0.02062000,30979.00000000,0.02062
1749255069,0.02063000,19107.00000000,0.02062
1749255069,0.02064000,32054.00000000,0.02062
1749255069,0.02065000,56849.00000000,0.02062
1749255069,0.02066000,108433.00000000,0.02062
1749255069,0.02067000,125737.00000000,0.02062
1749255069,0.02068000,77929.00000000,0.02062
1749255069,0.02069000,105853.00000000,0.02062
1749255069,0.02070000,162966.00000000,0.02062
1749255069,0.02071000,114506.00000000,0.02062
1749255069,0.02072000,10954.00000000,0.02062
1749255069,0.02073000,10567.00000000,0.02062
1749255069,0.02074000,10952.00000000,0.02062
1749255069,0.02075000,289421.00000000,0.02062
1749255069,0.02076000,58886.00000000,0.02062
1749255069,0.02077000,9740.00000000,0.02062
1749255069,0.02078000,180006.00000000,0.02062
1749255069,0.02079000,217198.00000000,0.02062
1749255069,0.02080000,10947.00000000,0.02062
1749255069,0.02081000,8115.00000000,0.02062
1749255069,0.02082000,242755.00000000,0.02062
1749255069,0.02084000,19024.00000000,0.02062
1749255069,0.02085000,12348.00000000,0.02062
1749255069,0.02086000,9419.00000000,0.02062
1749255069,0.02087000,88425.00000000,0.02062
1749255069,0.02089000,8024.00000000,0.02062
1749255069,0.02091000,15524.00000000,0.02062
1749255069,0.02092000,8024.00000000,0.02062
1749255069,0.02093000,27024.00000000,0.02062
1749255069,0.02094000,2500.00000000,0.02062
1749255069,0.02095000,16024.00000000,0.02062
1749255069,0.02097000,8024.00000000,0.02062
1749255069,0.02098000,13348.00000000,0.02062
1749255069,0.02099000,10410.00000000,0.02062
1749255069,0.02100000,198884.00000000,0.02062
1749255069,0.02104000,8309.00000000,0.02062
1749255069,0.02105000,167353.00000000,0.02062
1749255069,0.02107000,77286.00000000,0.02062
1749255069,0.02109000,8024.00000000,0.02062
1749255069,0.02110000,70822.00000000,0.02062
1749255069,0.02112000,26823.00000000,0.02062
1749255069,0.02115000,58346.00000000,0.02062
1749255069,0.02116000,1081.00000000,0.02062
1749255069,0.02118000,20219.00000000,0.02062
1749255069,0.02120000,47553.00000000,0.02062
1749255069,0.02121000,2106.00000000,0.02062
1749255069,0.02122000,1113.00000000,0.02062
1749255069,0.02123000,424.00000000,0.02062
1749255069,0.02124000,377.00000000,0.02062
1749255069,0.02126000,23580.00000000,0.02062
1749255069,0.02127000,362.00000000,0.02062
1749255069,0.02129000,1407.00000000,0.02062
1749255069,0.02130000,73153.00000000,0.02062
1749255069,0.02132000,45144.00000000,0.02062
1749255069,0.02133000,281.00000000,0.02062
1749255069,0.02134000,824.00000000,0.02062
1749255069,0.02135000,10793.00000000,0.02062
1749255069,0.02136000,11169.00000000,0.02062
1749255069,0.02139000,630.00000000,0.02062
1749255069,0.02140000,47112.00000000,0.02062
1749255069,0.02141000,512.00000000,0.02062
1749255069,0.02143000,1006.00000000,0.02062
1749255069,0.02144000,2160.00000000,0.02062
1749255069,0.02145000,10745.00000000,0.02062
1749255069,0.02146000,824.00000000,0.02062
1749255069,0.02149000,326.00000000,0.02062
1749255069,0.02150000,93627.00000000,0.02062
1749255069,0.02152000,43370.00000000,0.02062
1749255069,0.02154000,879.00000000,0.02062
1749255069,0.02155000,289.00000000,0.02062
1749255069,0.02156000,12604.00000000,0.02062
1749255069,0.02159000,14631.00000000,0.02062
1749255069,0.02160000,93209.00000000,0.02062
1749255069,0.02161000,1249.00000000,0.02062
1749255069,0.02163000,362.00000000,0.02062
1749255069,0.02164000,555.00000000,0.02062
1749255069,0.02165000,462.00000000,0.02062
1749255069,0.02166000,282.00000000,0.02062
1749255069,0.02167000,506.00000000,0.02062
1749255069,0.02169000,1901.00000000,0.02062
1749255069,0.02170000,95053.00000000,0.02062
1749255069,0.02171000,824.00000000,0.02062
1749255069,0.02173000,45379.00000000,0.02062
1749255069,0.02175000,829.00000000,0.02062
1749255069,0.02178000,11595.00000000,0.02062
1749255069,0.02180000,95976.00000000,0.02062
1749255069,0.02181000,502.00000000,0.02062
1749255069,0.02182000,15421.00000000,0.02062
1749255069,0.02183000,824.00000000,0.02062
1749255069,0.02184000,285.00000000,0.02062
1749255069,0.02186000,289.00000000,0.02062
1749255069,0.02190000,96267.00000000,0.02062
1749255069,0.02191000,365.00000000,0.02062
1749255069,0.02192000,1651.00000000,0.02062
1749255069,0.02195000,1323.00000000,0.02062
1749255069,0.02197000,255.00000000,0.02062
1749255069,0.02199000,64797.00000000,0.02062
1749255069,0.02200000,112769.00000000,0.02062
1749255069,0.02201000,1806.00000000,0.02062
1749255069,0.02204000,363.00000000,0.02062
