timestamp,price,volume,current_price
1749258474,0.02077000,11398.00000000,0.02077
1749258474,0.02078000,109951.00000000,0.02077
1749258474,0.02079000,201077.00000000,0.02077
1749258474,0.02080000,158343.00000000,0.02077
1749258474,0.02081000,121557.00000000,0.02077
1749258474,0.02082000,207731.00000000,0.02077
1749258474,0.02083000,17627.00000000,0.02077
1749258474,0.02084000,25579.00000000,0.02077
1749258474,0.02085000,220361.00000000,0.02077
1749258474,0.02086000,128495.00000000,0.02077
1749258474,0.02087000,20231.00000000,0.02077
1749258474,0.02088000,18231.00000000,0.02077
1749258474,0.02089000,20730.00000000,0.02077
1749258474,0.02090000,9729.00000000,0.02077
1749258474,0.02091000,59149.00000000,0.02077
1749258474,0.02092000,178384.00000000,0.02077
1749258474,0.02093000,100253.00000000,0.02077
1749258474,0.02094000,9726.00000000,0.02077
1749258474,0.02095000,148021.00000000,0.02077
1749258474,0.02096000,105143.00000000,0.02077
1749258474,0.02097000,11118.00000000,0.02077
1749258474,0.02098000,13134.00000000,0.02077
1749258474,0.02099000,10410.00000000,0.02077
1749258474,0.02100000,8408.00000000,0.02077
1749258474,0.02102000,95484.00000000,0.02077
1749258474,0.02104000,14682.00000000,0.02077
1749258474,0.02105000,167353.00000000,0.02077
1749258474,0.02107000,77286.00000000,0.02077
1749258474,0.02109000,8024.00000000,0.02077
1749258474,0.02110000,70822.00000000,0.02077
1749258474,0.02113000,8024.00000000,0.02077
1749258474,0.02115000,66370.00000000,0.02077
1749258474,0.02116000,1081.00000000,0.02077
1749258474,0.02117000,188946.00000000,0.02077
1749258474,0.02118000,8024.00000000,0.02077
1749258474,0.02120000,55577.00000000,0.02077
1749258474,0.02121000,2106.00000000,0.02077
1749258474,0.02122000,1113.00000000,0.02077
1749258474,0.02123000,424.00000000,0.02077
1749258474,0.02124000,8401.00000000,0.02077
1749258474,0.02127000,362.00000000,0.02077
1749258474,0.02130000,93372.00000000,0.02077
1749258474,0.02133000,281.00000000,0.02077
1749258474,0.02134000,824.00000000,0.02077
1749258474,0.02135000,10793.00000000,0.02077
1749258474,0.02137000,18799.00000000,0.02077
1749258474,0.02139000,630.00000000,0.02077
1749258474,0.02140000,47112.00000000,0.02077
1749258474,0.02141000,512.00000000,0.02077
1749258474,0.02143000,522.00000000,0.02077
1749258474,0.02144000,70884.00000000,0.02077
1749258474,0.02145000,10745.00000000,0.02077
1749258474,0.02146000,824.00000000,0.02077
1749258474,0.02149000,11495.00000000,0.02077
1749258474,0.02150000,93627.00000000,0.02077
1749258474,0.02154000,879.00000000,0.02077
1749258474,0.02155000,289.00000000,0.02077
1749258474,0.02156000,12604.00000000,0.02077
1749258474,0.02157000,481.00000000,0.02077
1749258474,0.02159000,2729.00000000,0.02077
1749258474,0.02160000,93209.00000000,0.02077
1749258474,0.02161000,1249.00000000,0.02077
1749258474,0.02163000,362.00000000,0.02077
1749258474,0.02164000,555.00000000,0.02077
1749258474,0.02165000,462.00000000,0.02077
1749258474,0.02166000,282.00000000,0.02077
1749258474,0.02167000,506.00000000,0.02077
1749258474,0.02169000,1901.00000000,0.02077
1749258474,0.02170000,95053.00000000,0.02077
1749258474,0.02171000,44194.00000000,0.02077
1749258474,0.02175000,829.00000000,0.02077
1749258474,0.02178000,11902.00000000,0.02077
1749258474,0.02180000,95976.00000000,0.02077
1749258474,0.02181000,502.00000000,0.02077
1749258474,0.02182000,15421.00000000,0.02077
1749258474,0.02183000,824.00000000,0.02077
1749258474,0.02184000,285.00000000,0.02077
1749258474,0.02186000,289.00000000,0.02077
1749258474,0.02190000,96267.00000000,0.02077
1749258474,0.02191000,365.00000000,0.02077
1749258474,0.02192000,47030.00000000,0.02077
1749258474,0.02195000,1323.00000000,0.02077
1749258474,0.02196000,11595.00000000,0.02077
1749258474,0.02197000,255.00000000,0.02077
1749258474,0.02199000,64797.00000000,0.02077
1749258474,0.02200000,112769.00000000,0.02077
1749258474,0.02201000,1806.00000000,0.02077
1749258474,0.02204000,363.00000000,0.02077
1749258474,0.02207000,1330.00000000,0.02077
1749258474,0.02208000,11409.00000000,0.02077
1749258474,0.02209000,495.00000000,0.02077
1749258474,0.02210000,90496.00000000,0.02077
1749258474,0.02212000,4714.00000000,0.02077
1749258474,0.02214000,228.00000000,0.02077
1749258474,0.02219000,824.00000000,0.02077
1749258474,0.02220000,45718.00000000,0.02077
1749258474,0.02221000,896.00000000,0.02077
1749258474,0.02223000,493.00000000,0.02077
1749258474,0.02224000,630.00000000,0.02077
1749258474,0.02225000,17217.00000000,0.02077
1749258835,0.02080000,10121.00000000,0.02079
1749258835,0.02081000,65014.00000000,0.02079
1749258835,0.02082000,249204.00000000,0.02079
1749258835,0.02083000,217406.00000000,0.02079
1749258835,0.02084000,194707.00000000,0.02079
1749258835,0.02085000,73787.00000000,0.02079
1749258835,0.02086000,52437.00000000,0.02079
1749258835,0.02087000,163108.00000000,0.02079
1749258835,0.02088000,172216.00000000,0.02079
1749258835,0.02089000,178628.00000000,0.02079
1749258835,0.02090000,17619.00000000,0.02079
1749258835,0.02091000,10017.00000000,0.02079
1749258835,0.02092000,21932.00000000,0.02079
1749258835,0.02093000,60032.00000000,0.02079
1749258835,0.02094000,9726.00000000,0.02079
1749258835,0.02095000,1701.00000000,0.02079
1749258835,0.02096000,100974.00000000,0.02079
1749258835,0.02097000,106492.00000000,0.02079
1749258835,0.02098000,13047.00000000,0.02079
1749258835,0.02099000,56333.00000000,0.02079
1749258835,0.02100000,111430.00000000,0.02079
1749258835,0.02102000,4500.00000000,0.02079
1749258835,0.02104000,14682.00000000,0.02079
1749258835,0.02105000,258597.00000000,0.02079
1749258835,0.02107000,77286.00000000,0.02079
1749258835,0.02109000,8024.00000000,0.02079
1749258835,0.02110000,70822.00000000,0.02079
1749258835,0.02113000,8024.00000000,0.02079
1749258835,0.02115000,66370.00000000,0.02079
1749258835,0.02116000,1081.00000000,0.02079
1749258835,0.02117000,188946.00000000,0.02079
1749258835,0.02118000,8024.00000000,0.02079
1749258835,0.02120000,55577.00000000,0.02079
1749258835,0.02121000,2106.00000000,0.02079
1749258835,0.02122000,1113.00000000,0.02079
1749258835,0.02123000,424.00000000,0.02079
1749258835,0.02124000,8401.00000000,0.02079
1749258835,0.02127000,362.00000000,0.02079
1749258835,0.02130000,93372.00000000,0.02079
1749258835,0.02133000,281.00000000,0.02079
1749258835,0.02134000,824.00000000,0.02079
1749258835,0.02135000,10793.00000000,0.02079
1749258835,0.02137000,18799.00000000,0.02079
1749258835,0.02139000,630.00000000,0.02079
1749258835,0.02140000,47112.00000000,0.02079
1749258835,0.02141000,512.00000000,0.02079
1749258835,0.02143000,522.00000000,0.02079
1749258835,0.02144000,70884.00000000,0.02079
1749258835,0.02145000,10745.00000000,0.02079
1749258835,0.02146000,824.00000000,0.02079
1749258835,0.02149000,11495.00000000,0.02079
1749258835,0.02150000,93627.00000000,0.02079
1749258835,0.02154000,879.00000000,0.02079
1749258835,0.02155000,771.00000000,0.02079
1749258835,0.02156000,12604.00000000,0.02079
1749258835,0.02159000,2729.00000000,0.02079
1749258835,0.02160000,93209.00000000,0.02079
1749258835,0.02161000,1249.00000000,0.02079
1749258835,0.02163000,362.00000000,0.02079
1749258835,0.02164000,555.00000000,0.02079
1749258835,0.02165000,462.00000000,0.02079
1749258835,0.02166000,282.00000000,0.02079
1749258835,0.02167000,506.00000000,0.02079
1749258835,0.02169000,1901.00000000,0.02079
1749258835,0.02170000,95053.00000000,0.02079
1749258835,0.02171000,44194.00000000,0.02079
1749258835,0.02175000,829.00000000,0.02079
1749258835,0.02178000,11902.00000000,0.02079
1749258835,0.02180000,95976.00000000,0.02079
1749258835,0.02181000,502.00000000,0.02079
1749258835,0.02182000,15421.00000000,0.02079
1749258835,0.02183000,824.00000000,0.02079
1749258835,0.02184000,285.00000000,0.02079
1749258835,0.02186000,289.00000000,0.02079
1749258835,0.02190000,96267.00000000,0.02079
1749258835,0.02191000,365.00000000,0.02079
1749258835,0.02192000,47030.00000000,0.02079
1749258835,0.02195000,1323.00000000,0.02079
1749258835,0.02196000,11595.00000000,0.02079
1749258835,0.02197000,255.00000000,0.02079
1749258835,0.02199000,64797.00000000,0.02079
1749258835,0.02200000,112769.00000000,0.02079
1749258835,0.02201000,1806.00000000,0.02079
1749258835,0.02204000,363.00000000,0.02079
1749258835,0.02207000,1330.00000000,0.02079
1749258835,0.02208000,11409.00000000,0.02079
1749258835,0.02209000,495.00000000,0.02079
1749258835,0.02210000,90496.00000000,0.02079
1749258835,0.02212000,4714.00000000,0.02079
1749258835,0.02214000,228.00000000,0.02079
1749258835,0.02219000,824.00000000,0.02079
1749258835,0.02220000,45718.00000000,0.02079
1749258835,0.02221000,896.00000000,0.02079
1749258835,0.02223000,493.00000000,0.02079
1749258835,0.02224000,630.00000000,0.02079
1749258835,0.02225000,17217.00000000,0.02079
1749258835,0.02226000,285.00000000,0.02079
1749258835,0.02228000,47949.00000000,0.02079
1749258835,0.02229000,5722.00000000,0.02079
1749258835,0.02230000,46221.00000000,0.02079
1749259142,0.02076000,7789.00000000,0.02076
1749259142,0.02077000,15935.00000000,0.02076
1749259142,0.02078000,16946.00000000,0.02076
1749259142,0.02079000,67495.00000000,0.02076
1749259142,0.02080000,217570.00000000,0.02076
1749259142,0.02081000,150156.00000000,0.02076
1749259142,0.02082000,331657.00000000,0.02076
1749259142,0.02083000,17629.00000000,0.02076
1749259142,0.02084000,317995.00000000,0.02076
1749259142,0.02085000,22458.00000000,0.02076
1749259142,0.02086000,24732.00000000,0.02076
1749259142,0.02087000,238290.00000000,0.02076
1749259142,0.02088000,19435.00000000,0.02076
1749259142,0.02089000,9730.00000000,0.02076
1749259142,0.02090000,9729.00000000,0.02076
1749259142,0.02091000,21017.00000000,0.02076
1749259142,0.02092000,10932.00000000,0.02076
1749259142,0.02093000,101455.00000000,0.02076
1749259142,0.02094000,9726.00000000,0.02076
1749259142,0.02095000,218533.00000000,0.02076
1749259142,0.02096000,8024.00000000,0.02076
1749259142,0.02097000,9419.00000000,0.02076
1749259142,0.02098000,8848.00000000,0.02076
1749259142,0.02099000,54635.00000000,0.02076
1749259142,0.02100000,98833.00000000,0.02076
1749259142,0.02102000,4500.00000000,0.02076
1749259142,0.02103000,8024.00000000,0.02076
1749259142,0.02104000,14682.00000000,0.02076
1749259142,0.02105000,167353.00000000,0.02076
1749259142,0.02107000,77286.00000000,0.02076
1749259142,0.02109000,8024.00000000,0.02076
1749259142,0.02110000,70822.00000000,0.02076
1749259142,0.02113000,197328.00000000,0.02076
1749259142,0.02115000,66370.00000000,0.02076
1749259142,0.02116000,1081.00000000,0.02076
1749259142,0.02118000,8024.00000000,0.02076
1749259142,0.02120000,55577.00000000,0.02076
1749259142,0.02121000,2106.00000000,0.02076
1749259142,0.02122000,1113.00000000,0.02076
1749259142,0.02123000,424.00000000,0.02076
1749259142,0.02124000,8401.00000000,0.02076
1749259142,0.02127000,362.00000000,0.02076
1749259142,0.02130000,93372.00000000,0.02076
1749259142,0.02133000,281.00000000,0.02076
1749259142,0.02134000,824.00000000,0.02076
1749259142,0.02135000,10793.00000000,0.02076
1749259142,0.02137000,18799.00000000,0.02076
1749259142,0.02139000,630.00000000,0.02076
1749259142,0.02140000,47112.00000000,0.02076
1749259142,0.02141000,512.00000000,0.02076
1749259142,0.02143000,522.00000000,0.02076
1749259142,0.02144000,70884.00000000,0.02076
1749259142,0.02145000,10745.00000000,0.02076
1749259142,0.02146000,824.00000000,0.02076
1749259142,0.02149000,11495.00000000,0.02076
1749259142,0.02150000,93627.00000000,0.02076
1749259142,0.02154000,879.00000000,0.02076
1749259142,0.02155000,289.00000000,0.02076
1749259142,0.02156000,13085.00000000,0.02076
1749259142,0.02159000,2729.00000000,0.02076
1749259142,0.02160000,93209.00000000,0.02076
1749259142,0.02161000,1249.00000000,0.02076
1749259142,0.02163000,362.00000000,0.02076
1749259142,0.02164000,555.00000000,0.02076
1749259142,0.02165000,462.00000000,0.02076
1749259142,0.02166000,282.00000000,0.02076
1749259142,0.02167000,506.00000000,0.02076
1749259142,0.02169000,1901.00000000,0.02076
1749259142,0.02170000,95053.00000000,0.02076
1749259142,0.02171000,44194.00000000,0.02076
1749259142,0.02175000,829.00000000,0.02076
1749259142,0.02178000,11902.00000000,0.02076
1749259142,0.02180000,95976.00000000,0.02076
1749259142,0.02181000,502.00000000,0.02076
1749259142,0.02182000,15421.00000000,0.02076
1749259142,0.02183000,824.00000000,0.02076
1749259142,0.02184000,285.00000000,0.02076
1749259142,0.02186000,289.00000000,0.02076
1749259142,0.02190000,96267.00000000,0.02076
1749259142,0.02191000,365.00000000,0.02076
1749259142,0.02192000,47030.00000000,0.02076
1749259142,0.02195000,1323.00000000,0.02076
1749259142,0.02196000,11595.00000000,0.02076
1749259142,0.02197000,255.00000000,0.02076
1749259142,0.02199000,64797.00000000,0.02076
1749259142,0.02200000,112769.00000000,0.02076
1749259142,0.02201000,1806.00000000,0.02076
1749259142,0.02204000,363.00000000,0.02076
1749259142,0.02207000,1330.00000000,0.02076
1749259142,0.02208000,11409.00000000,0.02076
1749259142,0.02209000,495.00000000,0.02076
1749259142,0.02210000,90496.00000000,0.02076
1749259142,0.02212000,4714.00000000,0.02076
1749259142,0.02214000,228.00000000,0.02076
1749259142,0.02219000,824.00000000,0.02076
1749259142,0.02220000,45718.00000000,0.02076
1749259142,0.02221000,896.00000000,0.02076
1749259142,0.02223000,493.00000000,0.02076
1749259142,0.02224000,630.00000000,0.02076
1749259142,0.02225000,17217.00000000,0.02076
