timestamp,price,volume,current_price
1749254553,0.01377000,55889.90000000,0.01377
1749254553,0.01378000,1162792.80000000,0.01377
1749254553,0.01379000,999113.90000000,0.01377
1749254553,0.01380000,447883.40000000,0.01377
1749254553,0.01381000,288246.00000000,0.01377
1749254553,0.01382000,463847.40000000,0.01377
1749254553,0.01383000,289139.20000000,0.01377
1749254553,0.01384000,253994.30000000,0.01377
1749254553,0.01385000,372890.70000000,0.01377
1749254553,0.01386000,199043.70000000,0.01377
1749254553,0.01387000,229929.80000000,0.01377
1749254553,0.01388000,151759.30000000,0.01377
1749254553,0.01389000,669543.40000000,0.01377
1749254553,0.01390000,457638.00000000,0.01377
1749254553,0.01391000,413246.30000000,0.01377
1749254553,0.01392000,338045.00000000,0.01377
1749254553,0.01393000,115977.00000000,0.01377
1749254553,0.01394000,52689.10000000,0.01377
1749254553,0.01395000,82389.90000000,0.01377
1749254553,0.01396000,412836.20000000,0.01377
1749254553,0.01397000,80494.80000000,0.01377
1749254553,0.01398000,44899.70000000,0.01377
1749254553,0.01399000,79377.70000000,0.01377
1749254553,0.01400000,398968.80000000,0.01377
1749254553,0.01401000,79610.30000000,0.01377
1749254553,0.01402000,44747.50000000,0.01377
1749254553,0.01403000,79594.30000000,0.01377
1749254553,0.01404000,45423.50000000,0.01377
1749254553,0.01405000,103185.10000000,0.01377
1749254553,0.01406000,42874.40000000,0.01377
1749254553,0.01407000,84294.80000000,0.01377
1749254553,0.01408000,42324.10000000,0.01377
1749254553,0.01409000,85024.70000000,0.01377
1749254553,0.01410000,46487.20000000,0.01377
1749254553,0.01411000,63485.50000000,0.01377
1749254553,0.01412000,264418.50000000,0.01377
1749254553,0.01413000,301008.70000000,0.01377
1749254553,0.01414000,281228.70000000,0.01377
1749254553,0.01415000,655959.10000000,0.01377
1749254553,0.01416000,261414.10000000,0.01377
1749254553,0.01417000,303687.50000000,0.01377
1749254553,0.01418000,329203.30000000,0.01377
1749254553,0.01419000,37159.00000000,0.01377
1749254553,0.01420000,21548.30000000,0.01377
1749254553,0.01421000,36730.40000000,0.01377
1749254553,0.01422000,720.30000000,0.01377
1749254553,0.01423000,53211.50000000,0.01377
1749254553,0.01424000,4971.90000000,0.01377
1749254553,0.01425000,41929.90000000,0.01377
1749254553,0.01426000,720.30000000,0.01377
1749254553,0.01427000,36730.40000000,0.01377
1749254553,0.01428000,720.30000000,0.01377
1749254553,0.01429000,39085.90000000,0.01377
1749254553,0.01430000,92111.60000000,0.01377
1749254553,0.01431000,720.30000000,0.01377
1749254553,0.01432000,1786.00000000,0.01377
1749254553,0.01433000,37149.10000000,0.01377
1749254553,0.01434000,720.30000000,0.01377
1749254553,0.01435000,45417.50000000,0.01377
1749254553,0.01436000,66387.40000000,0.01377
1749254553,0.01437000,36730.40000000,0.01377
1749254553,0.01438000,1540.70000000,0.01377
1749254553,0.01439000,36730.40000000,0.01377
1749254553,0.01440000,10395.80000000,0.01377
1749254553,0.01441000,38441.70000000,0.01377
1749254553,0.01442000,18537.20000000,0.01377
1749254553,0.01443000,36730.40000000,0.01377
1749254553,0.01444000,35346.30000000,0.01377
1749254553,0.01445000,720.30000000,0.01377
1749254553,0.01446000,38435.80000000,0.01377
1749254553,0.01447000,24570.60000000,0.01377
1749254553,0.01448000,720.30000000,0.01377
1749254553,0.01449000,36730.40000000,0.01377
1749254553,0.01450000,69225.30000000,0.01377
1749254553,0.01451000,92798.80000000,0.01377
1749254553,0.01452000,59286.70000000,0.01377
1749254553,0.01454000,2047.30000000,0.01377
1749254553,0.01455000,37075.80000000,0.01377
1749254553,0.01456000,824.20000000,0.01377
1749254553,0.01458000,3886.20000000,0.01377
1749254553,0.01460000,1105.00000000,0.01377
1749254553,0.01461000,28896.20000000,0.01377
1749254553,0.01462000,684.00000000,0.01377
1749254553,0.01463000,10976.30000000,0.01377
1749254553,0.01464000,68306.00000000,0.01377
1749254553,0.01465000,20897.30000000,0.01377
1749254553,0.01466000,4012.70000000,0.01377
1749254553,0.01467000,2223.10000000,0.01377
1749254553,0.01468000,7830.50000000,0.01377
1749254553,0.01469000,1678.70000000,0.01377
1749254553,0.01474000,366.40000000,0.01377
1749254553,0.01475000,1671.90000000,0.01377
1749254553,0.01477000,1756.00000000,0.01377
1749254553,0.01478000,13466.10000000,0.01377
1749254553,0.01479000,1065.70000000,0.01377
1749254553,0.01480000,472.60000000,0.01377
1749254553,0.01481000,1665.10000000,0.01377
1749254553,0.01482000,13536.40000000,0.01377
1749254553,0.01484000,41144.40000000,0.01377
1749254553,0.01485000,721.30000000,0.01377
1749254854,0.01377000,30751.30000000,0.01376
1749254854,0.01378000,615957.70000000,0.01376
1749254854,0.01379000,989906.10000000,0.01376
1749254854,0.01380000,627187.10000000,0.01376
1749254854,0.01381000,300159.70000000,0.01376
1749254854,0.01382000,480218.40000000,0.01376
1749254854,0.01383000,287324.40000000,0.01376
1749254854,0.01384000,252771.20000000,0.01376
1749254854,0.01385000,358763.20000000,0.01376
1749254854,0.01386000,190837.60000000,0.01376
1749254854,0.01387000,227041.10000000,0.01376
1749254854,0.01388000,164354.30000000,0.01376
1749254854,0.01389000,632428.60000000,0.01376
1749254854,0.01390000,461713.30000000,0.01376
1749254854,0.01391000,413246.30000000,0.01376
1749254854,0.01392000,352287.80000000,0.01376
1749254854,0.01393000,115431.10000000,0.01376
1749254854,0.01394000,52689.10000000,0.01376
1749254854,0.01395000,82389.90000000,0.01376
1749254854,0.01396000,411768.10000000,0.01376
1749254854,0.01397000,80094.10000000,0.01376
1749254854,0.01398000,44899.70000000,0.01376
1749254854,0.01399000,79377.70000000,0.01376
1749254854,0.01400000,398968.80000000,0.01376
1749254854,0.01401000,79610.30000000,0.01376
1749254854,0.01402000,44747.50000000,0.01376
1749254854,0.01403000,79594.30000000,0.01376
1749254854,0.01404000,45014.00000000,0.01376
1749254854,0.01405000,103185.10000000,0.01376
1749254854,0.01406000,42874.40000000,0.01376
1749254854,0.01407000,84294.80000000,0.01376
1749254854,0.01408000,42324.10000000,0.01376
1749254854,0.01409000,84510.40000000,0.01376
1749254854,0.01410000,54994.40000000,0.01376
1749254854,0.01411000,63485.50000000,0.01376
1749254854,0.01412000,270724.40000000,0.01376
1749254854,0.01413000,301008.70000000,0.01376
1749254854,0.01414000,255930.80000000,0.01376
1749254854,0.01415000,655959.10000000,0.01376
1749254854,0.01416000,250032.60000000,0.01376
1749254854,0.01417000,265442.50000000,0.01376
1749254854,0.01418000,337326.60000000,0.01376
1749254854,0.01419000,37159.00000000,0.01376
1749254854,0.01420000,21548.30000000,0.01376
1749254854,0.01421000,36730.40000000,0.01376
1749254854,0.01422000,720.30000000,0.01376
1749254854,0.01423000,53211.50000000,0.01376
1749254854,0.01424000,4971.90000000,0.01376
1749254854,0.01425000,41929.90000000,0.01376
1749254854,0.01426000,720.30000000,0.01376
1749254854,0.01427000,36730.40000000,0.01376
1749254854,0.01428000,720.30000000,0.01376
1749254854,0.01429000,39085.90000000,0.01376
1749254854,0.01430000,92111.60000000,0.01376
1749254854,0.01431000,720.30000000,0.01376
1749254854,0.01432000,1786.00000000,0.01376
1749254854,0.01433000,37149.10000000,0.01376
1749254854,0.01434000,720.30000000,0.01376
1749254854,0.01435000,45417.50000000,0.01376
1749254854,0.01436000,66387.40000000,0.01376
1749254854,0.01437000,36730.40000000,0.01376
1749254854,0.01438000,19357.60000000,0.01376
1749254854,0.01439000,36730.40000000,0.01376
1749254854,0.01440000,10395.80000000,0.01376
1749254854,0.01441000,38441.70000000,0.01376
1749254854,0.01442000,720.30000000,0.01376
1749254854,0.01443000,36730.40000000,0.01376
1749254854,0.01444000,35346.30000000,0.01376
1749254854,0.01445000,720.30000000,0.01376
1749254854,0.01446000,104804.70000000,0.01376
1749254854,0.01447000,24570.60000000,0.01376
1749254854,0.01448000,720.30000000,0.01376
1749254854,0.01449000,36730.40000000,0.01376
1749254854,0.01450000,2856.40000000,0.01376
1749254854,0.01451000,92798.80000000,0.01376
1749254854,0.01452000,59292.80000000,0.01376
1749254854,0.01454000,2047.30000000,0.01376
1749254854,0.01455000,37075.80000000,0.01376
1749254854,0.01456000,824.20000000,0.01376
1749254854,0.01458000,3886.20000000,0.01376
1749254854,0.01460000,1105.00000000,0.01376
1749254854,0.01461000,28896.20000000,0.01376
1749254854,0.01462000,684.00000000,0.01376
1749254854,0.01463000,10976.30000000,0.01376
1749254854,0.01464000,68306.00000000,0.01376
1749254854,0.01465000,20897.30000000,0.01376
1749254854,0.01466000,4012.70000000,0.01376
1749254854,0.01467000,2223.10000000,0.01376
1749254854,0.01468000,7830.50000000,0.01376
1749254854,0.01469000,1678.70000000,0.01376
1749254854,0.01474000,366.40000000,0.01376
1749254854,0.01475000,1671.90000000,0.01376
1749254854,0.01477000,1756.00000000,0.01376
1749254854,0.01478000,13466.10000000,0.01376
1749254854,0.01479000,1065.70000000,0.01376
1749254854,0.01480000,472.60000000,0.01376
1749254854,0.01481000,1665.10000000,0.01376
1749254854,0.01482000,13536.40000000,0.01376
1749254854,0.01484000,41144.40000000,0.01376
1749254854,0.01485000,721.30000000,0.01376
