timestamp,price,volume,current_price
1749258425,0.03392000,50484.20000000,0.03392
1749258425,0.03393000,143728.40000000,0.03392
1749258425,0.03394000,200131.20000000,0.03392
1749258425,0.03395000,254172.40000000,0.03392
1749258425,0.03396000,217824.10000000,0.03392
1749258425,0.03397000,51501.90000000,0.03392
1749258425,0.03398000,72836.30000000,0.03392
1749258425,0.03399000,46344.90000000,0.03392
1749258425,0.03400000,16089.30000000,0.03392
1749258425,0.03401000,175095.30000000,0.03392
1749258425,0.03402000,12128.20000000,0.03392
1749258425,0.03403000,27408.80000000,0.03392
1749258425,0.03404000,36385.40000000,0.03392
1749258425,0.03405000,82262.50000000,0.03392
1749258425,0.03406000,11907.00000000,0.03392
1749258425,0.03407000,36398.50000000,0.03392
1749258425,0.03408000,21984.10000000,0.03392
1749258425,0.03409000,6972.60000000,0.03392
1749258425,0.03410000,45900.80000000,0.03392
1749258425,0.03411000,32172.00000000,0.03392
1749258425,0.03412000,21808.00000000,0.03392
1749258425,0.03413000,31241.60000000,0.03392
1749258425,0.03414000,6750.00000000,0.03392
1749258425,0.03415000,22031.00000000,0.03392
1749258425,0.03416000,45099.70000000,0.03392
1749258425,0.03417000,22195.50000000,0.03392
1749258425,0.03419000,330247.10000000,0.03392
1749258425,0.03420000,15058.00000000,0.03392
1749258425,0.03421000,24315.80000000,0.03392
1749258425,0.03422000,304504.60000000,0.03392
1749258425,0.03423000,281316.00000000,0.03392
1749258425,0.03425000,15281.00000000,0.03392
1749258425,0.03426000,43762.20000000,0.03392
1749258425,0.03427000,1542.50000000,0.03392
1749258425,0.03429000,957.50000000,0.03392
1749258425,0.03431000,387.50000000,0.03392
1749258425,0.03433000,223.00000000,0.03392
1749258425,0.03435000,223.00000000,0.03392
1749258425,0.03437000,223.00000000,0.03392
1749258425,0.03439000,223.00000000,0.03392
1749258425,0.03441000,223.00000000,0.03392
1749258425,0.03442000,55212.80000000,0.03392
1749258425,0.03443000,1415.60000000,0.03392
1749258425,0.03444000,53279.20000000,0.03392
1749258425,0.03445000,223.00000000,0.03392
1749258425,0.03446000,67187.00000000,0.03392
1749258425,0.03447000,617.40000000,0.03392
1749258425,0.03448000,166.50000000,0.03392
1749258425,0.03451000,425.00000000,0.03392
1749258425,0.03460000,4636.00000000,0.03392
1749258425,0.03465000,30144.30000000,0.03392
1749258425,0.03466000,173.20000000,0.03392
1749258425,0.03473000,15874.00000000,0.03392
1749258425,0.03474000,230.30000000,0.03392
1749258425,0.03475000,259.00000000,0.03392
1749258425,0.03480000,287.40000000,0.03392
1749258425,0.03490000,29965.90000000,0.03392
1749258425,0.03492000,101223.40000000,0.03392
1749258425,0.03493000,229.00000000,0.03392
1749258425,0.03494000,160.30000000,0.03392
1749258425,0.03496000,286.00000000,0.03392
1749258425,0.03500000,30575.20000000,0.03392
1749258425,0.03510000,367.40000000,0.03392
1749258425,0.03513000,227.70000000,0.03392
1749258425,0.03520000,7837.70000000,0.03392
1749258425,0.03521000,159.00000000,0.03392
1749258425,0.03524000,461.10000000,0.03392
1749258425,0.03531000,985.80000000,0.03392
1749258425,0.03536000,565.40000000,0.03392
1749258425,0.03539000,459.00000000,0.03392
1749258425,0.03540000,847.20000000,0.03392
1749258425,0.03542000,282.30000000,0.03392
1749258425,0.03543000,338.70000000,0.03392
1749258425,0.03558000,425.00000000,0.03392
1749258425,0.03560000,832.40000000,0.03392
1749258425,0.03564000,280.50000000,0.03392
1749258425,0.03568000,2305.00000000,0.03392
1749258425,0.03570000,169.80000000,0.03392
1749258425,0.03580000,146.60000000,0.03392
1749258425,0.03594000,155.80000000,0.03392
1749258425,0.03599000,657.20000000,0.03392
1749258425,0.03600000,1000.00000000,0.03392
1749258425,0.03611000,893.00000000,0.03392
1749258425,0.03664000,425.00000000,0.03392
1749258425,0.03677000,166.50000000,0.03392
1749258425,0.03680000,5177.80000000,0.03392
1749258425,0.03685000,909.70000000,0.03392
1749258425,0.03700000,12839.70000000,0.03392
1749258425,0.03704000,151.20000000,0.03392
1749258425,0.03705000,141.70000000,0.03392
1749258425,0.03730000,2692.70000000,0.03392
1749258425,0.03733000,4245.00000000,0.03392
1749258425,0.03748000,595.50000000,0.03392
1749258425,0.03762000,161.00000000,0.03392
1749258425,0.03766000,166.00000000,0.03392
1749258425,0.03767000,162.40000000,0.03392
1749258425,0.03770000,425.00000000,0.03392
1749258425,0.03778000,2084.90000000,0.03392
1749258425,0.03780000,177.80000000,0.03392
1749258425,0.03787000,163.30000000,0.03392
1749258766,0.03389000,22168.20000000,0.03389
1749258766,0.03390000,13721.40000000,0.03389
1749258766,0.03391000,24795.90000000,0.03389
1749258766,0.03392000,60604.50000000,0.03389
1749258766,0.03393000,101185.80000000,0.03389
1749258766,0.03394000,126210.80000000,0.03389
1749258766,0.03395000,178094.60000000,0.03389
1749258766,0.03396000,49779.70000000,0.03389
1749258766,0.03397000,108146.10000000,0.03389
1749258766,0.03398000,97550.80000000,0.03389
1749258766,0.03399000,174433.10000000,0.03389
1749258766,0.03400000,12128.50000000,0.03389
1749258766,0.03401000,51940.50000000,0.03389
1749258766,0.03402000,12128.20000000,0.03389
1749258766,0.03403000,27408.80000000,0.03389
1749258766,0.03404000,36385.40000000,0.03389
1749258766,0.03405000,82262.50000000,0.03389
1749258766,0.03406000,6750.00000000,0.03389
1749258766,0.03407000,31241.50000000,0.03389
1749258766,0.03408000,21984.10000000,0.03389
1749258766,0.03409000,6972.60000000,0.03389
1749258766,0.03410000,60157.70000000,0.03389
1749258766,0.03411000,32172.00000000,0.03389
1749258766,0.03412000,21808.00000000,0.03389
1749258766,0.03413000,31241.60000000,0.03389
1749258766,0.03414000,6750.00000000,0.03389
1749258766,0.03415000,22031.00000000,0.03389
1749258766,0.03416000,30842.80000000,0.03389
1749258766,0.03417000,304522.90000000,0.03389
1749258766,0.03419000,323497.10000000,0.03389
1749258766,0.03420000,15058.00000000,0.03389
1749258766,0.03421000,24315.80000000,0.03389
1749258766,0.03422000,304504.60000000,0.03389
1749258766,0.03423000,223.00000000,0.03389
1749258766,0.03425000,15281.00000000,0.03389
1749258766,0.03426000,43762.20000000,0.03389
1749258766,0.03427000,1542.50000000,0.03389
1749258766,0.03429000,957.50000000,0.03389
1749258766,0.03431000,387.50000000,0.03389
1749258766,0.03433000,223.00000000,0.03389
1749258766,0.03435000,223.00000000,0.03389
1749258766,0.03437000,223.00000000,0.03389
1749258766,0.03439000,223.00000000,0.03389
1749258766,0.03441000,223.00000000,0.03389
1749258766,0.03442000,55212.80000000,0.03389
1749258766,0.03443000,1415.60000000,0.03389
1749258766,0.03444000,53279.20000000,0.03389
1749258766,0.03445000,223.00000000,0.03389
1749258766,0.03446000,67187.00000000,0.03389
1749258766,0.03447000,617.40000000,0.03389
1749258766,0.03448000,166.50000000,0.03389
1749258766,0.03451000,425.00000000,0.03389
1749258766,0.03460000,4636.00000000,0.03389
1749258766,0.03465000,30144.30000000,0.03389
1749258766,0.03466000,173.20000000,0.03389
1749258766,0.03473000,15874.00000000,0.03389
1749258766,0.03474000,230.30000000,0.03389
1749258766,0.03475000,259.00000000,0.03389
1749258766,0.03480000,287.40000000,0.03389
1749258766,0.03490000,29965.90000000,0.03389
1749258766,0.03492000,101223.40000000,0.03389
1749258766,0.03493000,229.00000000,0.03389
1749258766,0.03494000,160.30000000,0.03389
1749258766,0.03496000,286.00000000,0.03389
1749258766,0.03500000,30575.20000000,0.03389
1749258766,0.03510000,367.40000000,0.03389
1749258766,0.03513000,227.70000000,0.03389
1749258766,0.03520000,7837.70000000,0.03389
1749258766,0.03521000,159.00000000,0.03389
1749258766,0.03524000,461.10000000,0.03389
1749258766,0.03531000,985.80000000,0.03389
1749258766,0.03536000,565.40000000,0.03389
1749258766,0.03539000,459.00000000,0.03389
1749258766,0.03540000,847.20000000,0.03389
1749258766,0.03542000,282.30000000,0.03389
1749258766,0.03543000,338.70000000,0.03389
1749258766,0.03558000,425.00000000,0.03389
1749258766,0.03560000,832.40000000,0.03389
1749258766,0.03564000,280.50000000,0.03389
1749258766,0.03568000,2305.00000000,0.03389
1749258766,0.03570000,169.80000000,0.03389
1749258766,0.03580000,146.60000000,0.03389
1749258766,0.03594000,155.80000000,0.03389
1749258766,0.03599000,657.20000000,0.03389
1749258766,0.03600000,1000.00000000,0.03389
1749258766,0.03611000,893.00000000,0.03389
1749258766,0.03664000,425.00000000,0.03389
1749258766,0.03677000,166.50000000,0.03389
1749258766,0.03680000,5177.80000000,0.03389
1749258766,0.03685000,909.70000000,0.03389
1749258766,0.03700000,12839.70000000,0.03389
1749258766,0.03704000,151.20000000,0.03389
1749258766,0.03705000,141.70000000,0.03389
1749258766,0.03730000,2692.70000000,0.03389
1749258766,0.03733000,4245.00000000,0.03389
1749258766,0.03748000,595.50000000,0.03389
1749258766,0.03762000,161.00000000,0.03389
1749258766,0.03766000,166.00000000,0.03389
1749258766,0.03767000,162.40000000,0.03389
1749258766,0.03770000,425.00000000,0.03389
1749259067,0.03388000,21083.80000000,0.03389
1749259067,0.03389000,17665.70000000,0.03389
1749259067,0.03390000,29185.70000000,0.03389
1749259067,0.03391000,81101.20000000,0.03389
1749259067,0.03392000,79658.40000000,0.03389
1749259067,0.03393000,182740.70000000,0.03389
1749259067,0.03394000,168811.90000000,0.03389
1749259067,0.03395000,250632.80000000,0.03389
1749259067,0.03396000,86394.90000000,0.03389
1749259067,0.03397000,46344.90000000,0.03389
1749259067,0.03398000,138724.30000000,0.03389
1749259067,0.03399000,46344.90000000,0.03389
1749259067,0.03400000,12131.50000000,0.03389
1749259067,0.03401000,46344.90000000,0.03389
1749259067,0.03402000,17616.10000000,0.03389
1749259067,0.03403000,27411.80000000,0.03389
1749259067,0.03404000,36388.40000000,0.03389
1749259067,0.03405000,82262.50000000,0.03389
1749259067,0.03406000,21006.90000000,0.03389
1749259067,0.03407000,31241.50000000,0.03389
1749259067,0.03408000,21984.10000000,0.03389
1749259067,0.03409000,6972.60000000,0.03389
1749259067,0.03410000,45900.80000000,0.03389
1749259067,0.03411000,31674.00000000,0.03389
1749259067,0.03412000,21808.00000000,0.03389
1749259067,0.03413000,31241.60000000,0.03389
1749259067,0.03414000,6750.00000000,0.03389
1749259067,0.03415000,317361.60000000,0.03389
1749259067,0.03416000,24092.80000000,0.03389
1749259067,0.03417000,348080.80000000,0.03389
1749259067,0.03419000,323497.10000000,0.03389
1749259067,0.03420000,15058.00000000,0.03389
1749259067,0.03421000,24315.80000000,0.03389
1749259067,0.03423000,223.00000000,0.03389
1749259067,0.03425000,15281.00000000,0.03389
1749259067,0.03426000,204.30000000,0.03389
1749259067,0.03427000,1542.50000000,0.03389
1749259067,0.03429000,957.50000000,0.03389
1749259067,0.03431000,387.50000000,0.03389
1749259067,0.03433000,223.00000000,0.03389
1749259067,0.03435000,223.00000000,0.03389
1749259067,0.03437000,223.00000000,0.03389
1749259067,0.03438000,54848.70000000,0.03389
1749259067,0.03439000,223.00000000,0.03389
1749259067,0.03441000,223.00000000,0.03389
1749259067,0.03443000,1415.60000000,0.03389
1749259067,0.03444000,53279.20000000,0.03389
1749259067,0.03445000,223.00000000,0.03389
1749259067,0.03446000,203.10000000,0.03389
1749259067,0.03447000,617.40000000,0.03389
1749259067,0.03448000,166.50000000,0.03389
1749259067,0.03450000,72164.20000000,0.03389
1749259067,0.03451000,425.00000000,0.03389
1749259067,0.03460000,4636.00000000,0.03389
1749259067,0.03465000,30144.30000000,0.03389
1749259067,0.03466000,173.20000000,0.03389
1749259067,0.03473000,15874.00000000,0.03389
1749259067,0.03474000,230.30000000,0.03389
1749259067,0.03475000,259.00000000,0.03389
1749259067,0.03480000,287.40000000,0.03389
1749259067,0.03488000,100555.90000000,0.03389
1749259067,0.03490000,29965.90000000,0.03389
1749259067,0.03493000,229.00000000,0.03389
1749259067,0.03494000,160.30000000,0.03389
1749259067,0.03496000,286.00000000,0.03389
1749259067,0.03500000,30575.20000000,0.03389
1749259067,0.03510000,367.40000000,0.03389
1749259067,0.03513000,227.70000000,0.03389
1749259067,0.03520000,7837.70000000,0.03389
1749259067,0.03521000,159.00000000,0.03389
1749259067,0.03524000,461.10000000,0.03389
1749259067,0.03531000,985.80000000,0.03389
1749259067,0.03536000,565.40000000,0.03389
1749259067,0.03539000,459.00000000,0.03389
1749259067,0.03540000,847.20000000,0.03389
1749259067,0.03542000,282.30000000,0.03389
1749259067,0.03543000,338.70000000,0.03389
1749259067,0.03558000,425.00000000,0.03389
1749259067,0.03560000,832.40000000,0.03389
1749259067,0.03564000,280.50000000,0.03389
1749259067,0.03568000,2305.00000000,0.03389
1749259067,0.03570000,169.80000000,0.03389
1749259067,0.03580000,146.60000000,0.03389
1749259067,0.03594000,155.80000000,0.03389
1749259067,0.03599000,657.20000000,0.03389
1749259067,0.03600000,1000.00000000,0.03389
1749259067,0.03611000,893.00000000,0.03389
1749259067,0.03664000,425.00000000,0.03389
1749259067,0.03677000,166.50000000,0.03389
1749259067,0.03680000,5177.80000000,0.03389
1749259067,0.03685000,909.70000000,0.03389
1749259067,0.03700000,12839.70000000,0.03389
1749259067,0.03704000,151.20000000,0.03389
1749259067,0.03705000,141.70000000,0.03389
1749259067,0.03730000,2692.70000000,0.03389
1749259067,0.03733000,4245.00000000,0.03389
1749259067,0.03748000,595.50000000,0.03389
1749259067,0.03762000,161.00000000,0.03389
1749259067,0.03766000,166.00000000,0.03389
1749259067,0.03767000,162.40000000,0.03389
