timestamp,price,volume,current_price
1749260813,0.03387000,16052.90000000,0.03386
1749260813,0.03388000,47666.60000000,0.03386
1749260813,0.03389000,19184.80000000,0.03386
1749260813,0.03390000,45166.00000000,0.03386
1749260813,0.03391000,78661.30000000,0.03386
1749260813,0.03392000,61606.70000000,0.03386
1749260813,0.03393000,84536.00000000,0.03386
1749260813,0.03394000,99107.20000000,0.03386
1749260813,0.03395000,106347.10000000,0.03386
1749260813,0.03396000,23275.50000000,0.03386
1749260813,0.03397000,174229.10000000,0.03386
1749260813,0.03398000,6971.50000000,0.03386
1749260813,0.03399000,46344.90000000,0.03386
1749260813,0.03400000,6971.50000000,0.03386
1749260813,0.03401000,46344.90000000,0.03386
1749260813,0.03402000,21006.90000000,0.03386
1749260813,0.03403000,22030.60000000,0.03386
1749260813,0.03404000,31007.30000000,0.03386
1749260813,0.03405000,82262.50000000,0.03386
1749260813,0.03406000,6750.00000000,0.03386
1749260813,0.03407000,31241.50000000,0.03386
1749260813,0.03408000,87500.90000000,0.03386
1749260813,0.03409000,6972.60000000,0.03386
1749260813,0.03410000,45900.80000000,0.03386
1749260813,0.03411000,2871.80000000,0.03386
1749260813,0.03412000,21808.00000000,0.03386
1749260813,0.03413000,31241.60000000,0.03386
1749260813,0.03414000,319583.70000000,0.03386
1749260813,0.03415000,318896.70000000,0.03386
1749260813,0.03416000,296848.90000000,0.03386
1749260813,0.03417000,15445.50000000,0.03386
1749260813,0.03419000,24315.80000000,0.03386
1749260813,0.03420000,15058.00000000,0.03386
1749260813,0.03421000,24315.80000000,0.03386
1749260813,0.03423000,223.00000000,0.03386
1749260813,0.03425000,15281.00000000,0.03386
1749260813,0.03426000,204.30000000,0.03386
1749260813,0.03427000,1542.50000000,0.03386
1749260813,0.03429000,957.50000000,0.03386
1749260813,0.03431000,387.50000000,0.03386
1749260813,0.03433000,223.00000000,0.03386
1749260813,0.03435000,223.00000000,0.03386
1749260813,0.03437000,223.00000000,0.03386
1749260813,0.03438000,54848.70000000,0.03386
1749260813,0.03439000,223.00000000,0.03386
1749260813,0.03441000,223.00000000,0.03386
1749260813,0.03443000,1415.60000000,0.03386
1749260813,0.03444000,53279.20000000,0.03386
1749260813,0.03445000,223.00000000,0.03386
1749260813,0.03446000,76689.10000000,0.03386
1749260813,0.03447000,617.40000000,0.03386
1749260813,0.03448000,166.50000000,0.03386
1749260813,0.03451000,425.00000000,0.03386
1749260813,0.03460000,4636.00000000,0.03386
1749260813,0.03465000,30144.30000000,0.03386
1749260813,0.03466000,173.20000000,0.03386
1749260813,0.03473000,15874.00000000,0.03386
1749260813,0.03474000,230.30000000,0.03386
1749260813,0.03475000,259.00000000,0.03386
1749260813,0.03480000,287.40000000,0.03386
1749260813,0.03488000,100555.90000000,0.03386
1749260813,0.03490000,29965.90000000,0.03386
1749260813,0.03493000,229.00000000,0.03386
1749260813,0.03494000,160.30000000,0.03386
1749260813,0.03496000,286.00000000,0.03386
1749260813,0.03500000,30575.20000000,0.03386
1749260813,0.03510000,367.40000000,0.03386
1749260813,0.03513000,227.70000000,0.03386
1749260813,0.03520000,7837.70000000,0.03386
1749260813,0.03521000,159.00000000,0.03386
1749260813,0.03524000,461.10000000,0.03386
1749260813,0.03531000,985.80000000,0.03386
1749260813,0.03536000,565.40000000,0.03386
1749260813,0.03539000,459.00000000,0.03386
1749260813,0.03540000,564.80000000,0.03386
1749260813,0.03542000,282.30000000,0.03386
1749260813,0.03543000,338.70000000,0.03386
1749260813,0.03555000,281.20000000,0.03386
1749260813,0.03558000,425.00000000,0.03386
1749260813,0.03560000,832.40000000,0.03386
1749260813,0.03564000,280.50000000,0.03386
1749260813,0.03568000,2305.00000000,0.03386
1749260813,0.03570000,169.80000000,0.03386
1749260813,0.03580000,146.60000000,0.03386
1749260813,0.03594000,155.80000000,0.03386
1749260813,0.03599000,657.20000000,0.03386
1749260813,0.03600000,1000.00000000,0.03386
1749260813,0.03611000,893.00000000,0.03386
1749260813,0.03664000,425.00000000,0.03386
1749260813,0.03677000,166.50000000,0.03386
1749260813,0.03680000,5177.80000000,0.03386
1749260813,0.03685000,909.70000000,0.03386
1749260813,0.03700000,12839.70000000,0.03386
1749260813,0.03704000,151.20000000,0.03386
1749260813,0.03705000,141.70000000,0.03386
1749260813,0.03730000,2692.70000000,0.03386
1749260813,0.03733000,4245.00000000,0.03386
1749260813,0.03748000,595.50000000,0.03386
1749260813,0.03762000,161.00000000,0.03386
1749260813,0.03766000,166.00000000,0.03386
1749261128,0.03385000,5362.80000000,0.03385
1749261128,0.03386000,17571.60000000,0.03385
1749261128,0.03387000,11147.40000000,0.03385
1749261128,0.03388000,19969.80000000,0.03385
1749261128,0.03389000,62215.30000000,0.03385
1749261128,0.03390000,85050.70000000,0.03385
1749261128,0.03391000,139152.60000000,0.03385
1749261128,0.03392000,75651.30000000,0.03385
1749261128,0.03393000,69530.80000000,0.03385
1749261128,0.03394000,130595.90000000,0.03385
1749261128,0.03395000,111514.70000000,0.03385
1749261128,0.03396000,57554.20000000,0.03385
1749261128,0.03397000,179972.10000000,0.03385
1749261128,0.03398000,12136.10000000,0.03385
1749261128,0.03399000,46344.90000000,0.03385
1749261128,0.03400000,12136.10000000,0.03385
1749261128,0.03401000,51507.90000000,0.03385
1749261128,0.03402000,6750.00000000,0.03385
1749261128,0.03403000,22030.60000000,0.03385
1749261128,0.03404000,45264.20000000,0.03385
1749261128,0.03405000,82262.50000000,0.03385
1749261128,0.03406000,6750.00000000,0.03385
1749261128,0.03407000,31241.50000000,0.03385
1749261128,0.03408000,43943.00000000,0.03385
1749261128,0.03409000,6972.60000000,0.03385
1749261128,0.03410000,45900.80000000,0.03385
1749261128,0.03411000,2871.80000000,0.03385
1749261128,0.03412000,21808.00000000,0.03385
1749261128,0.03413000,325993.80000000,0.03385
1749261128,0.03414000,6750.00000000,0.03385
1749261128,0.03415000,325646.70000000,0.03385
1749261128,0.03416000,296848.90000000,0.03385
1749261128,0.03417000,59003.40000000,0.03385
1749261128,0.03419000,24315.80000000,0.03385
1749261128,0.03420000,15058.00000000,0.03385
1749261128,0.03421000,24315.80000000,0.03385
1749261128,0.03423000,223.00000000,0.03385
1749261128,0.03425000,15281.00000000,0.03385
1749261128,0.03426000,204.30000000,0.03385
1749261128,0.03427000,1542.50000000,0.03385
1749261128,0.03429000,957.50000000,0.03385
1749261128,0.03431000,387.50000000,0.03385
1749261128,0.03433000,223.00000000,0.03385
1749261128,0.03435000,223.00000000,0.03385
1749261128,0.03437000,223.00000000,0.03385
1749261128,0.03438000,54848.70000000,0.03385
1749261128,0.03439000,223.00000000,0.03385
1749261128,0.03441000,223.00000000,0.03385
1749261128,0.03443000,1415.60000000,0.03385
1749261128,0.03444000,53279.20000000,0.03385
1749261128,0.03445000,223.00000000,0.03385
1749261128,0.03446000,76689.10000000,0.03385
1749261128,0.03447000,617.40000000,0.03385
1749261128,0.03448000,166.50000000,0.03385
1749261128,0.03451000,425.00000000,0.03385
1749261128,0.03460000,4636.00000000,0.03385
1749261128,0.03465000,30144.30000000,0.03385
1749261128,0.03466000,173.20000000,0.03385
1749261128,0.03473000,15874.00000000,0.03385
1749261128,0.03474000,230.30000000,0.03385
1749261128,0.03475000,259.00000000,0.03385
1749261128,0.03480000,287.40000000,0.03385
1749261128,0.03488000,100555.90000000,0.03385
1749261128,0.03490000,29965.90000000,0.03385
1749261128,0.03493000,229.00000000,0.03385
1749261128,0.03494000,160.30000000,0.03385
1749261128,0.03496000,286.00000000,0.03385
1749261128,0.03500000,30575.20000000,0.03385
1749261128,0.03510000,367.40000000,0.03385
1749261128,0.03513000,227.70000000,0.03385
1749261128,0.03520000,7837.70000000,0.03385
1749261128,0.03521000,159.00000000,0.03385
1749261128,0.03524000,461.10000000,0.03385
1749261128,0.03531000,985.80000000,0.03385
1749261128,0.03536000,565.40000000,0.03385
1749261128,0.03539000,459.00000000,0.03385
1749261128,0.03540000,564.80000000,0.03385
1749261128,0.03542000,282.30000000,0.03385
1749261128,0.03543000,338.70000000,0.03385
1749261128,0.03555000,281.20000000,0.03385
1749261128,0.03558000,425.00000000,0.03385
1749261128,0.03560000,832.40000000,0.03385
1749261128,0.03564000,280.50000000,0.03385
1749261128,0.03568000,2305.00000000,0.03385
1749261128,0.03570000,169.80000000,0.03385
1749261128,0.03580000,146.60000000,0.03385
1749261128,0.03594000,155.80000000,0.03385
1749261128,0.03599000,657.20000000,0.03385
1749261128,0.03600000,1000.00000000,0.03385
1749261128,0.03611000,893.00000000,0.03385
1749261128,0.03664000,425.00000000,0.03385
1749261128,0.03677000,166.50000000,0.03385
1749261128,0.03680000,5177.80000000,0.03385
1749261128,0.03685000,909.70000000,0.03385
1749261128,0.03700000,12839.70000000,0.03385
1749261128,0.03704000,151.20000000,0.03385
1749261128,0.03705000,141.70000000,0.03385
1749261128,0.03730000,2692.70000000,0.03385
1749261128,0.03733000,4245.00000000,0.03385
1749261128,0.03748000,595.50000000,0.03385
1749261446,0.03385000,14091.30000000,0.03385
1749261446,0.03386000,30621.20000000,0.03385
1749261446,0.03387000,88036.60000000,0.03385
1749261446,0.03388000,101200.30000000,0.03385
1749261446,0.03389000,122553.10000000,0.03385
1749261446,0.03390000,129081.90000000,0.03385
1749261446,0.03391000,162033.10000000,0.03385
1749261446,0.03392000,69348.80000000,0.03385
1749261446,0.03393000,40419.70000000,0.03385
1749261446,0.03394000,72370.70000000,0.03385
1749261446,0.03395000,229506.40000000,0.03385
1749261446,0.03396000,28443.10000000,0.03385
1749261446,0.03397000,51858.50000000,0.03385
1749261446,0.03398000,12139.10000000,0.03385
1749261446,0.03399000,46344.90000000,0.03385
1749261446,0.03400000,12139.10000000,0.03385
1749261446,0.03401000,46344.90000000,0.03385
1749261446,0.03402000,21006.90000000,0.03385
1749261446,0.03403000,22030.60000000,0.03385
1749261446,0.03404000,31007.30000000,0.03385
1749261446,0.03405000,82262.50000000,0.03385
1749261446,0.03406000,6750.00000000,0.03385
1749261446,0.03407000,31241.50000000,0.03385
1749261446,0.03408000,43943.00000000,0.03385
1749261446,0.03409000,6972.60000000,0.03385
1749261446,0.03410000,45900.80000000,0.03385
1749261446,0.03411000,2871.80000000,0.03385
1749261446,0.03412000,21808.00000000,0.03385
1749261446,0.03413000,325993.80000000,0.03385
1749261446,0.03414000,6750.00000000,0.03385
1749261446,0.03415000,318896.70000000,0.03385
1749261446,0.03416000,296848.90000000,0.03385
1749261446,0.03417000,59003.40000000,0.03385
1749261446,0.03419000,24315.80000000,0.03385
1749261446,0.03420000,15058.00000000,0.03385
1749261446,0.03421000,24315.80000000,0.03385
1749261446,0.03423000,223.00000000,0.03385
1749261446,0.03425000,15281.00000000,0.03385
1749261446,0.03426000,204.30000000,0.03385
1749261446,0.03427000,1542.50000000,0.03385
1749261446,0.03429000,957.50000000,0.03385
1749261446,0.03431000,387.50000000,0.03385
1749261446,0.03433000,223.00000000,0.03385
1749261446,0.03435000,223.00000000,0.03385
1749261446,0.03437000,223.00000000,0.03385
1749261446,0.03438000,54848.70000000,0.03385
1749261446,0.03439000,223.00000000,0.03385
1749261446,0.03441000,223.00000000,0.03385
1749261446,0.03443000,1415.60000000,0.03385
1749261446,0.03444000,53279.20000000,0.03385
1749261446,0.03445000,223.00000000,0.03385
1749261446,0.03446000,76689.10000000,0.03385
1749261446,0.03447000,617.40000000,0.03385
1749261446,0.03448000,166.50000000,0.03385
1749261446,0.03451000,425.00000000,0.03385
1749261446,0.03460000,4636.00000000,0.03385
1749261446,0.03465000,30144.30000000,0.03385
1749261446,0.03466000,173.20000000,0.03385
1749261446,0.03473000,15874.00000000,0.03385
1749261446,0.03474000,230.30000000,0.03385
1749261446,0.03475000,259.00000000,0.03385
1749261446,0.03480000,287.40000000,0.03385
1749261446,0.03488000,100555.90000000,0.03385
1749261446,0.03490000,29965.90000000,0.03385
1749261446,0.03493000,229.00000000,0.03385
1749261446,0.03494000,160.30000000,0.03385
1749261446,0.03496000,286.00000000,0.03385
1749261446,0.03500000,30575.20000000,0.03385
1749261446,0.03510000,367.40000000,0.03385
1749261446,0.03513000,227.70000000,0.03385
1749261446,0.03520000,7837.70000000,0.03385
1749261446,0.03521000,159.00000000,0.03385
1749261446,0.03524000,461.10000000,0.03385
1749261446,0.03531000,985.80000000,0.03385
1749261446,0.03536000,565.40000000,0.03385
1749261446,0.03539000,459.00000000,0.03385
1749261446,0.03540000,564.80000000,0.03385
1749261446,0.03542000,282.30000000,0.03385
1749261446,0.03543000,338.70000000,0.03385
1749261446,0.03555000,281.20000000,0.03385
1749261446,0.03558000,425.00000000,0.03385
1749261446,0.03560000,832.40000000,0.03385
1749261446,0.03564000,280.50000000,0.03385
1749261446,0.03568000,2305.00000000,0.03385
1749261446,0.03570000,169.80000000,0.03385
1749261446,0.03580000,146.60000000,0.03385
1749261446,0.03594000,155.80000000,0.03385
1749261446,0.03599000,657.20000000,0.03385
1749261446,0.03600000,1000.00000000,0.03385
1749261446,0.03611000,893.00000000,0.03385
1749261446,0.03664000,425.00000000,0.03385
1749261446,0.03677000,166.50000000,0.03385
1749261446,0.03680000,5177.80000000,0.03385
1749261446,0.03685000,909.70000000,0.03385
1749261446,0.03700000,12839.70000000,0.03385
1749261446,0.03704000,151.20000000,0.03385
1749261446,0.03705000,141.70000000,0.03385
1749261446,0.03730000,2692.70000000,0.03385
1749261446,0.03733000,4245.00000000,0.03385
1749261446,0.03748000,595.50000000,0.03385
1749261761,0.03383000,9398.30000000,0.03383
1749261761,0.03384000,13721.80000000,0.03383
1749261761,0.03385000,19751.60000000,0.03383
1749261761,0.03386000,37323.60000000,0.03383
1749261761,0.03387000,37420.10000000,0.03383
1749261761,0.03388000,40555.10000000,0.03383
1749261761,0.03389000,96650.40000000,0.03383
1749261761,0.03390000,98002.70000000,0.03383
1749261761,0.03391000,41470.10000000,0.03383
1749261761,0.03392000,55002.70000000,0.03383
1749261761,0.03393000,45922.60000000,0.03383
1749261761,0.03394000,195307.40000000,0.03383
1749261761,0.03395000,106347.10000000,0.03383
1749261761,0.03396000,28443.10000000,0.03383
1749261761,0.03397000,51512.50000000,0.03383
1749261761,0.03398000,26396.00000000,0.03383
1749261761,0.03399000,46344.90000000,0.03383
1749261761,0.03400000,12139.10000000,0.03383
1749261761,0.03401000,46344.90000000,0.03383
1749261761,0.03402000,11920.70000000,0.03383
1749261761,0.03403000,44607.90000000,0.03383
1749261761,0.03404000,31007.30000000,0.03383
1749261761,0.03405000,82262.50000000,0.03383
1749261761,0.03406000,6750.00000000,0.03383
1749261761,0.03407000,31241.50000000,0.03383
1749261761,0.03408000,21984.10000000,0.03383
1749261761,0.03409000,6972.60000000,0.03383
1749261761,0.03410000,45900.80000000,0.03383
1749261761,0.03411000,293595.60000000,0.03383
1749261761,0.03412000,15058.00000000,0.03383
1749261761,0.03413000,319243.80000000,0.03383
1749261761,0.03414000,313002.40000000,0.03383
1749261761,0.03415000,15281.00000000,0.03383
1749261761,0.03416000,24092.80000000,0.03383
1749261761,0.03417000,59003.40000000,0.03383
1749261761,0.03419000,24315.80000000,0.03383
1749261761,0.03420000,15058.00000000,0.03383
1749261761,0.03421000,24315.80000000,0.03383
1749261761,0.03423000,223.00000000,0.03383
1749261761,0.03425000,15281.00000000,0.03383
1749261761,0.03426000,204.30000000,0.03383
1749261761,0.03427000,1542.50000000,0.03383
1749261761,0.03429000,957.50000000,0.03383
1749261761,0.03431000,387.50000000,0.03383
1749261761,0.03433000,223.00000000,0.03383
1749261761,0.03435000,223.00000000,0.03383
1749261761,0.03437000,223.00000000,0.03383
1749261761,0.03438000,54848.70000000,0.03383
1749261761,0.03439000,223.00000000,0.03383
1749261761,0.03441000,223.00000000,0.03383
1749261761,0.03443000,1415.60000000,0.03383
1749261761,0.03444000,53279.20000000,0.03383
1749261761,0.03445000,223.00000000,0.03383
1749261761,0.03446000,203.10000000,0.03383
1749261761,0.03447000,617.40000000,0.03383
1749261761,0.03448000,166.50000000,0.03383
1749261761,0.03451000,425.00000000,0.03383
1749261761,0.03453000,75887.30000000,0.03383
1749261761,0.03460000,4636.00000000,0.03383
1749261761,0.03465000,30144.30000000,0.03383
1749261761,0.03466000,173.20000000,0.03383
1749261761,0.03473000,15874.00000000,0.03383
1749261761,0.03474000,230.30000000,0.03383
1749261761,0.03475000,259.00000000,0.03383
1749261761,0.03480000,287.40000000,0.03383
1749261761,0.03488000,100555.90000000,0.03383
1749261761,0.03490000,29965.90000000,0.03383
1749261761,0.03493000,229.00000000,0.03383
1749261761,0.03494000,160.30000000,0.03383
1749261761,0.03496000,286.00000000,0.03383
1749261761,0.03500000,30575.20000000,0.03383
1749261761,0.03510000,367.40000000,0.03383
1749261761,0.03513000,227.70000000,0.03383
1749261761,0.03520000,7837.70000000,0.03383
1749261761,0.03521000,159.00000000,0.03383
1749261761,0.03524000,461.10000000,0.03383
1749261761,0.03531000,985.80000000,0.03383
1749261761,0.03536000,565.40000000,0.03383
1749261761,0.03539000,459.00000000,0.03383
1749261761,0.03540000,564.80000000,0.03383
1749261761,0.03542000,282.30000000,0.03383
1749261761,0.03543000,338.70000000,0.03383
1749261761,0.03555000,281.20000000,0.03383
1749261761,0.03558000,425.00000000,0.03383
1749261761,0.03560000,832.40000000,0.03383
1749261761,0.03564000,280.50000000,0.03383
1749261761,0.03568000,2305.00000000,0.03383
1749261761,0.03570000,169.80000000,0.03383
1749261761,0.03580000,146.60000000,0.03383
1749261761,0.03594000,155.80000000,0.03383
1749261761,0.03599000,657.20000000,0.03383
1749261761,0.03600000,1000.00000000,0.03383
1749261761,0.03611000,893.00000000,0.03383
1749261761,0.03664000,425.00000000,0.03383
1749261761,0.03677000,166.50000000,0.03383
1749261761,0.03680000,5177.80000000,0.03383
1749261761,0.03685000,909.70000000,0.03383
1749261761,0.03700000,12839.70000000,0.03383
1749261761,0.03704000,151.20000000,0.03383
1749261761,0.03705000,141.70000000,0.03383
1749262064,0.03382000,30701.40000000,0.03381
1749262064,0.03383000,20874.80000000,0.03381
1749262064,0.03384000,35324.60000000,0.03381
1749262064,0.03385000,56388.50000000,0.03381
1749262064,0.03386000,106935.30000000,0.03381
1749262064,0.03387000,76838.00000000,0.03381
1749262064,0.03388000,104558.40000000,0.03381
1749262064,0.03389000,129624.40000000,0.03381
1749262064,0.03390000,30062.70000000,0.03381
1749262064,0.03391000,34862.80000000,0.03381
1749262064,0.03392000,145575.60000000,0.03381
1749262064,0.03393000,45927.20000000,0.03381
1749262064,0.03394000,72375.30000000,0.03381
1749262064,0.03395000,106347.10000000,0.03381
1749262064,0.03396000,42704.60000000,0.03381
1749262064,0.03397000,46344.90000000,0.03381
1749262064,0.03398000,12143.70000000,0.03381
1749262064,0.03399000,46344.90000000,0.03381
1749262064,0.03400000,12143.70000000,0.03381
1749262064,0.03401000,46344.90000000,0.03381
1749262064,0.03402000,6750.00000000,0.03381
1749262064,0.03403000,44607.90000000,0.03381
1749262064,0.03404000,31007.30000000,0.03381
1749262064,0.03405000,82262.50000000,0.03381
1749262064,0.03406000,6750.00000000,0.03381
1749262064,0.03407000,33856.90000000,0.03381
1749262064,0.03408000,65542.00000000,0.03381
1749262064,0.03409000,315670.90000000,0.03381
1749262064,0.03410000,39150.80000000,0.03381
1749262064,0.03411000,290946.40000000,0.03381
1749262064,0.03412000,15058.00000000,0.03381
1749262064,0.03413000,319243.80000000,0.03381
1749262064,0.03415000,15281.00000000,0.03381
1749262064,0.03416000,24092.80000000,0.03381
1749262064,0.03417000,15445.50000000,0.03381
1749262064,0.03419000,24315.80000000,0.03381
1749262064,0.03420000,15058.00000000,0.03381
1749262064,0.03421000,24315.80000000,0.03381
1749262064,0.03423000,223.00000000,0.03381
1749262064,0.03425000,15281.00000000,0.03381
1749262064,0.03426000,204.30000000,0.03381
1749262064,0.03427000,1542.50000000,0.03381
1749262064,0.03429000,957.50000000,0.03381
1749262064,0.03431000,387.50000000,0.03381
1749262064,0.03433000,223.00000000,0.03381
1749262064,0.03435000,223.00000000,0.03381
1749262064,0.03437000,223.00000000,0.03381
1749262064,0.03438000,54848.70000000,0.03381
1749262064,0.03439000,223.00000000,0.03381
1749262064,0.03441000,223.00000000,0.03381
1749262064,0.03443000,1415.60000000,0.03381
1749262064,0.03444000,53279.20000000,0.03381
1749262064,0.03445000,223.00000000,0.03381
1749262064,0.03446000,203.10000000,0.03381
1749262064,0.03447000,617.40000000,0.03381
1749262064,0.03448000,166.50000000,0.03381
1749262064,0.03451000,425.00000000,0.03381
1749262064,0.03453000,75887.30000000,0.03381
1749262064,0.03460000,4636.00000000,0.03381
1749262064,0.03465000,30144.30000000,0.03381
1749262064,0.03466000,173.20000000,0.03381
1749262064,0.03473000,15874.00000000,0.03381
1749262064,0.03474000,230.30000000,0.03381
1749262064,0.03475000,259.00000000,0.03381
1749262064,0.03480000,287.40000000,0.03381
1749262064,0.03488000,100555.90000000,0.03381
1749262064,0.03490000,29965.90000000,0.03381
1749262064,0.03493000,229.00000000,0.03381
1749262064,0.03494000,160.30000000,0.03381
1749262064,0.03496000,286.00000000,0.03381
1749262064,0.03500000,45340.10000000,0.03381
1749262064,0.03510000,367.40000000,0.03381
1749262064,0.03513000,227.70000000,0.03381
1749262064,0.03520000,7837.70000000,0.03381
1749262064,0.03521000,159.00000000,0.03381
1749262064,0.03524000,461.10000000,0.03381
1749262064,0.03531000,985.80000000,0.03381
1749262064,0.03536000,565.40000000,0.03381
1749262064,0.03539000,459.00000000,0.03381
1749262064,0.03540000,282.40000000,0.03381
1749262064,0.03542000,282.30000000,0.03381
1749262064,0.03543000,338.70000000,0.03381
1749262064,0.03552000,281.40000000,0.03381
1749262064,0.03555000,281.20000000,0.03381
1749262064,0.03558000,425.00000000,0.03381
1749262064,0.03560000,832.40000000,0.03381
1749262064,0.03564000,280.50000000,0.03381
1749262064,0.03568000,2305.00000000,0.03381
1749262064,0.03570000,169.80000000,0.03381
1749262064,0.03580000,146.60000000,0.03381
1749262064,0.03594000,155.80000000,0.03381
1749262064,0.03599000,657.20000000,0.03381
1749262064,0.03600000,1000.00000000,0.03381
1749262064,0.03611000,893.00000000,0.03381
1749262064,0.03664000,425.00000000,0.03381
1749262064,0.03677000,166.50000000,0.03381
1749262064,0.03680000,5177.80000000,0.03381
1749262064,0.03685000,909.70000000,0.03381
1749262064,0.03700000,12839.70000000,0.03381
1749262064,0.03704000,151.20000000,0.03381
1749262370,0.03382000,11123.40000000,0.03382
1749262370,0.03383000,37638.40000000,0.03382
1749262370,0.03384000,90005.60000000,0.03382
1749262370,0.03385000,94216.70000000,0.03382
1749262370,0.03386000,120313.00000000,0.03382
1749262370,0.03387000,155600.30000000,0.03382
1749262370,0.03388000,120225.60000000,0.03382
1749262370,0.03389000,128450.30000000,0.03382
1749262370,0.03390000,59005.90000000,0.03382
1749262370,0.03391000,34862.80000000,0.03382
1749262370,0.03392000,27201.50000000,0.03382
1749262370,0.03393000,168719.60000000,0.03382
1749262370,0.03394000,72375.30000000,0.03382
1749262370,0.03395000,52364.10000000,0.03382
1749262370,0.03396000,12143.80000000,0.03382
1749262370,0.03397000,46344.90000000,0.03382
1749262370,0.03398000,26400.60000000,0.03382
1749262370,0.03399000,46344.90000000,0.03382
1749262370,0.03400000,12143.70000000,0.03382
1749262370,0.03401000,46344.90000000,0.03382
1749262370,0.03402000,6750.00000000,0.03382
1749262370,0.03403000,44607.90000000,0.03382
1749262370,0.03404000,31007.30000000,0.03382
1749262370,0.03405000,82262.50000000,0.03382
1749262370,0.03406000,6750.00000000,0.03382
1749262370,0.03407000,33856.90000000,0.03382
1749262370,0.03408000,65542.00000000,0.03382
1749262370,0.03409000,315670.90000000,0.03382
1749262370,0.03410000,39150.80000000,0.03382
1749262370,0.03411000,290946.40000000,0.03382
1749262370,0.03412000,15058.00000000,0.03382
1749262370,0.03413000,319243.80000000,0.03382
1749262370,0.03415000,15281.00000000,0.03382
1749262370,0.03416000,24092.80000000,0.03382
1749262370,0.03417000,15445.50000000,0.03382
1749262370,0.03419000,24315.80000000,0.03382
1749262370,0.03420000,15058.00000000,0.03382
1749262370,0.03421000,24315.80000000,0.03382
1749262370,0.03423000,223.00000000,0.03382
1749262370,0.03425000,15281.00000000,0.03382
1749262370,0.03426000,204.30000000,0.03382
1749262370,0.03427000,1542.50000000,0.03382
1749262370,0.03429000,957.50000000,0.03382
1749262370,0.03431000,387.50000000,0.03382
1749262370,0.03433000,223.00000000,0.03382
1749262370,0.03435000,223.00000000,0.03382
1749262370,0.03437000,223.00000000,0.03382
1749262370,0.03438000,54848.70000000,0.03382
1749262370,0.03439000,223.00000000,0.03382
1749262370,0.03441000,223.00000000,0.03382
1749262370,0.03443000,1415.60000000,0.03382
1749262370,0.03444000,53279.20000000,0.03382
1749262370,0.03445000,223.00000000,0.03382
1749262370,0.03446000,203.10000000,0.03382
1749262370,0.03447000,617.40000000,0.03382
1749262370,0.03448000,166.50000000,0.03382
1749262370,0.03451000,425.00000000,0.03382
1749262370,0.03453000,75887.30000000,0.03382
1749262370,0.03460000,4636.00000000,0.03382
1749262370,0.03465000,30144.30000000,0.03382
1749262370,0.03466000,173.20000000,0.03382
1749262370,0.03473000,15874.00000000,0.03382
1749262370,0.03474000,230.30000000,0.03382
1749262370,0.03475000,259.00000000,0.03382
1749262370,0.03480000,287.40000000,0.03382
1749262370,0.03488000,100555.90000000,0.03382
1749262370,0.03490000,29965.90000000,0.03382
1749262370,0.03493000,229.00000000,0.03382
1749262370,0.03494000,160.30000000,0.03382
1749262370,0.03496000,286.00000000,0.03382
1749262370,0.03500000,45340.10000000,0.03382
1749262370,0.03510000,367.40000000,0.03382
1749262370,0.03513000,227.70000000,0.03382
1749262370,0.03520000,7837.70000000,0.03382
1749262370,0.03521000,159.00000000,0.03382
1749262370,0.03524000,461.10000000,0.03382
1749262370,0.03531000,985.80000000,0.03382
1749262370,0.03536000,565.40000000,0.03382
1749262370,0.03539000,459.00000000,0.03382
1749262370,0.03540000,282.40000000,0.03382
1749262370,0.03542000,282.30000000,0.03382
1749262370,0.03543000,338.70000000,0.03382
1749262370,0.03552000,281.40000000,0.03382
1749262370,0.03555000,281.20000000,0.03382
1749262370,0.03558000,425.00000000,0.03382
1749262370,0.03560000,832.40000000,0.03382
1749262370,0.03564000,280.50000000,0.03382
1749262370,0.03568000,2305.00000000,0.03382
1749262370,0.03570000,169.80000000,0.03382
1749262370,0.03580000,146.60000000,0.03382
1749262370,0.03594000,155.80000000,0.03382
1749262370,0.03599000,657.20000000,0.03382
1749262370,0.03600000,1000.00000000,0.03382
1749262370,0.03611000,893.00000000,0.03382
1749262370,0.03664000,425.00000000,0.03382
1749262370,0.03677000,166.50000000,0.03382
1749262370,0.03680000,5177.80000000,0.03382
1749262370,0.03685000,909.70000000,0.03382
1749262370,0.03700000,12839.70000000,0.03382
1749262370,0.03704000,151.20000000,0.03382
1749262672,0.03384000,7830.80000000,0.03383
1749262672,0.03385000,54597.30000000,0.03383
1749262672,0.03386000,28956.40000000,0.03383
1749262672,0.03387000,84777.90000000,0.03383
1749262672,0.03388000,123238.30000000,0.03383
1749262672,0.03389000,177712.80000000,0.03383
1749262672,0.03390000,109075.10000000,0.03383
1749262672,0.03391000,104414.70000000,0.03383
1749262672,0.03392000,55569.40000000,0.03383
1749262672,0.03393000,45924.20000000,0.03383
1749262672,0.03394000,196064.50000000,0.03383
1749262672,0.03395000,47191.90000000,0.03383
1749262672,0.03396000,12140.80000000,0.03383
1749262672,0.03397000,46344.90000000,0.03383
1749262672,0.03398000,12140.70000000,0.03383
1749262672,0.03399000,46344.90000000,0.03383
1749262672,0.03400000,26397.60000000,0.03383
1749262672,0.03401000,46344.90000000,0.03383
1749262672,0.03402000,11919.20000000,0.03383
1749262672,0.03403000,44607.90000000,0.03383
1749262672,0.03404000,31007.30000000,0.03383
1749262672,0.03405000,82262.50000000,0.03383
1749262672,0.03406000,6750.00000000,0.03383
1749262672,0.03407000,31241.50000000,0.03383
1749262672,0.03408000,65542.00000000,0.03383
1749262672,0.03409000,222.60000000,0.03383
1749262672,0.03410000,45900.80000000,0.03383
1749262672,0.03411000,300310.90000000,0.03383
1749262672,0.03412000,15058.00000000,0.03383
1749262672,0.03413000,319243.80000000,0.03383
1749262672,0.03414000,292960.20000000,0.03383
1749262672,0.03415000,15281.00000000,0.03383
1749262672,0.03416000,24092.80000000,0.03383
1749262672,0.03417000,15445.50000000,0.03383
1749262672,0.03419000,24315.80000000,0.03383
1749262672,0.03420000,15058.00000000,0.03383
1749262672,0.03421000,24315.80000000,0.03383
1749262672,0.03423000,223.00000000,0.03383
1749262672,0.03425000,15281.00000000,0.03383
1749262672,0.03426000,204.30000000,0.03383
1749262672,0.03427000,1542.50000000,0.03383
1749262672,0.03429000,957.50000000,0.03383
1749262672,0.03431000,387.50000000,0.03383
1749262672,0.03433000,223.00000000,0.03383
1749262672,0.03435000,223.00000000,0.03383
1749262672,0.03437000,223.00000000,0.03383
1749262672,0.03438000,54848.70000000,0.03383
1749262672,0.03439000,223.00000000,0.03383
1749262672,0.03441000,223.00000000,0.03383
1749262672,0.03443000,1415.60000000,0.03383
1749262672,0.03444000,53279.20000000,0.03383
1749262672,0.03445000,223.00000000,0.03383
1749262672,0.03446000,203.10000000,0.03383
1749262672,0.03447000,617.40000000,0.03383
1749262672,0.03448000,166.50000000,0.03383
1749262672,0.03449000,76486.00000000,0.03383
1749262672,0.03451000,425.00000000,0.03383
1749262672,0.03460000,4636.00000000,0.03383
1749262672,0.03465000,30144.30000000,0.03383
1749262672,0.03466000,173.20000000,0.03383
1749262672,0.03473000,15874.00000000,0.03383
1749262672,0.03474000,230.30000000,0.03383
1749262672,0.03475000,259.00000000,0.03383
1749262672,0.03480000,287.40000000,0.03383
1749262672,0.03488000,100555.90000000,0.03383
1749262672,0.03490000,29965.90000000,0.03383
1749262672,0.03493000,229.00000000,0.03383
1749262672,0.03494000,160.30000000,0.03383
1749262672,0.03496000,286.00000000,0.03383
1749262672,0.03500000,45340.10000000,0.03383
1749262672,0.03510000,367.40000000,0.03383
1749262672,0.03513000,227.70000000,0.03383
1749262672,0.03520000,7837.70000000,0.03383
1749262672,0.03521000,159.00000000,0.03383
1749262672,0.03524000,461.10000000,0.03383
1749262672,0.03531000,985.80000000,0.03383
1749262672,0.03536000,565.40000000,0.03383
1749262672,0.03539000,459.00000000,0.03383
1749262672,0.03540000,282.40000000,0.03383
1749262672,0.03542000,282.30000000,0.03383
1749262672,0.03543000,338.70000000,0.03383
1749262672,0.03552000,281.40000000,0.03383
1749262672,0.03555000,281.20000000,0.03383
1749262672,0.03558000,425.00000000,0.03383
1749262672,0.03560000,832.40000000,0.03383
1749262672,0.03564000,280.50000000,0.03383
1749262672,0.03568000,2305.00000000,0.03383
1749262672,0.03570000,169.80000000,0.03383
1749262672,0.03580000,146.60000000,0.03383
1749262672,0.03594000,155.80000000,0.03383
1749262672,0.03599000,657.20000000,0.03383
1749262672,0.03600000,1000.00000000,0.03383
1749262672,0.03611000,893.00000000,0.03383
1749262672,0.03664000,425.00000000,0.03383
1749262672,0.03677000,166.50000000,0.03383
1749262672,0.03680000,5177.80000000,0.03383
1749262672,0.03685000,909.70000000,0.03383
1749262672,0.03700000,12839.70000000,0.03383
1749262672,0.03704000,151.20000000,0.03383
1749262672,0.03705000,141.70000000,0.03383
1749262974,0.03383000,1080.80000000,0.03382
1749262974,0.03384000,13721.80000000,0.03382
1749262974,0.03385000,18498.40000000,0.03382
1749262974,0.03386000,37464.90000000,0.03382
1749262974,0.03387000,50277.60000000,0.03382
1749262974,0.03388000,83623.10000000,0.03382
1749262974,0.03389000,143086.40000000,0.03382
1749262974,0.03390000,67972.80000000,0.03382
1749262974,0.03391000,82709.00000000,0.03382
1749262974,0.03392000,177185.20000000,0.03382
1749262974,0.03393000,45924.20000000,0.03382
1749262974,0.03394000,72372.30000000,0.03382
1749262974,0.03395000,47191.90000000,0.03382
1749262974,0.03396000,12140.80000000,0.03382
1749262974,0.03397000,46344.90000000,0.03382
1749262974,0.03398000,26397.60000000,0.03382
1749262974,0.03399000,46344.90000000,0.03382
1749262974,0.03400000,12140.70000000,0.03382
1749262974,0.03401000,46344.90000000,0.03382
1749262974,0.03402000,11919.20000000,0.03382
1749262974,0.03403000,44607.90000000,0.03382
1749262974,0.03404000,31007.30000000,0.03382
1749262974,0.03405000,82262.50000000,0.03382
1749262974,0.03406000,6750.00000000,0.03382
1749262974,0.03407000,31241.50000000,0.03382
1749262974,0.03408000,65542.00000000,0.03382
1749262974,0.03409000,222.60000000,0.03382
1749262974,0.03410000,45900.80000000,0.03382
1749262974,0.03411000,317715.20000000,0.03382
1749262974,0.03412000,15058.00000000,0.03382
1749262974,0.03413000,24491.60000000,0.03382
1749262974,0.03414000,292960.20000000,0.03382
1749262974,0.03415000,335038.60000000,0.03382
1749262974,0.03416000,24092.80000000,0.03382
1749262974,0.03417000,15445.50000000,0.03382
1749262974,0.03419000,24315.80000000,0.03382
1749262974,0.03420000,15058.00000000,0.03382
1749262974,0.03421000,24315.80000000,0.03382
1749262974,0.03423000,223.00000000,0.03382
1749262974,0.03425000,15281.00000000,0.03382
1749262974,0.03426000,204.30000000,0.03382
1749262974,0.03427000,1542.50000000,0.03382
1749262974,0.03429000,957.50000000,0.03382
1749262974,0.03431000,387.50000000,0.03382
1749262974,0.03433000,223.00000000,0.03382
1749262974,0.03435000,223.00000000,0.03382
1749262974,0.03437000,223.00000000,0.03382
1749262974,0.03438000,54848.70000000,0.03382
1749262974,0.03439000,223.00000000,0.03382
1749262974,0.03441000,223.00000000,0.03382
1749262974,0.03443000,1415.60000000,0.03382
1749262974,0.03444000,53279.20000000,0.03382
1749262974,0.03445000,223.00000000,0.03382
1749262974,0.03446000,203.10000000,0.03382
1749262974,0.03447000,617.40000000,0.03382
1749262974,0.03448000,166.50000000,0.03382
1749262974,0.03449000,76486.00000000,0.03382
1749262974,0.03451000,425.00000000,0.03382
1749262974,0.03460000,4636.00000000,0.03382
1749262974,0.03465000,30144.30000000,0.03382
1749262974,0.03466000,173.20000000,0.03382
1749262974,0.03473000,15874.00000000,0.03382
1749262974,0.03474000,230.30000000,0.03382
1749262974,0.03475000,259.00000000,0.03382
1749262974,0.03480000,287.40000000,0.03382
1749262974,0.03488000,100555.90000000,0.03382
1749262974,0.03490000,29965.90000000,0.03382
1749262974,0.03493000,229.00000000,0.03382
1749262974,0.03494000,160.30000000,0.03382
1749262974,0.03496000,286.00000000,0.03382
1749262974,0.03500000,45340.10000000,0.03382
1749262974,0.03510000,367.40000000,0.03382
1749262974,0.03513000,227.70000000,0.03382
1749262974,0.03520000,7837.70000000,0.03382
1749262974,0.03521000,159.00000000,0.03382
1749262974,0.03524000,461.10000000,0.03382
1749262974,0.03531000,985.80000000,0.03382
1749262974,0.03536000,565.40000000,0.03382
1749262974,0.03539000,459.00000000,0.03382
1749262974,0.03540000,282.40000000,0.03382
1749262974,0.03542000,282.30000000,0.03382
1749262974,0.03543000,338.70000000,0.03382
1749262974,0.03552000,281.40000000,0.03382
1749262974,0.03555000,281.20000000,0.03382
1749262974,0.03558000,425.00000000,0.03382
1749262974,0.03560000,832.40000000,0.03382
1749262974,0.03564000,280.50000000,0.03382
1749262974,0.03568000,2305.00000000,0.03382
1749262974,0.03570000,169.80000000,0.03382
1749262974,0.03580000,146.60000000,0.03382
1749262974,0.03594000,155.80000000,0.03382
1749262974,0.03599000,657.20000000,0.03382
1749262974,0.03600000,1000.00000000,0.03382
1749262974,0.03611000,893.00000000,0.03382
1749262974,0.03664000,425.00000000,0.03382
1749262974,0.03677000,166.50000000,0.03382
1749262974,0.03680000,5177.80000000,0.03382
1749262974,0.03685000,909.70000000,0.03382
1749262974,0.03700000,12839.70000000,0.03382
1749262974,0.03704000,151.20000000,0.03382
1749263283,0.03385000,45784.20000000,0.03384
1749263283,0.03386000,11043.20000000,0.03384
1749263283,0.03387000,15291.60000000,0.03384
1749263283,0.03388000,50998.70000000,0.03384
1749263283,0.03389000,130282.40000000,0.03384
1749263283,0.03390000,106429.10000000,0.03384
1749263283,0.03391000,80014.30000000,0.03384
1749263283,0.03392000,75448.00000000,0.03384
1749263283,0.03393000,70272.20000000,0.03384
1749263283,0.03394000,72370.70000000,0.03384
1749263283,0.03395000,170768.10000000,0.03384
1749263283,0.03396000,12139.20000000,0.03384
1749263283,0.03397000,51939.80000000,0.03384
1749263283,0.03398000,12139.10000000,0.03384
1749263283,0.03399000,46344.90000000,0.03384
1749263283,0.03400000,26396.00000000,0.03384
1749263283,0.03401000,46344.90000000,0.03384
1749263283,0.03402000,11917.60000000,0.03384
1749263283,0.03403000,44607.90000000,0.03384
1749263283,0.03404000,31007.30000000,0.03384
1749263283,0.03405000,82262.50000000,0.03384
1749263283,0.03406000,6750.00000000,0.03384
1749263283,0.03407000,31241.50000000,0.03384
1749263283,0.03408000,65542.00000000,0.03384
1749263283,0.03409000,222.60000000,0.03384
1749263283,0.03410000,48480.20000000,0.03384
1749263283,0.03411000,222.60000000,0.03384
1749263283,0.03412000,326086.90000000,0.03384
1749263283,0.03413000,31241.60000000,0.03384
1749263283,0.03414000,292960.20000000,0.03384
1749263283,0.03415000,335038.60000000,0.03384
1749263283,0.03416000,24092.80000000,0.03384
1749263283,0.03417000,15445.50000000,0.03384
1749263283,0.03419000,24315.80000000,0.03384
1749263283,0.03420000,15058.00000000,0.03384
1749263283,0.03421000,24315.80000000,0.03384
1749263283,0.03423000,223.00000000,0.03384
1749263283,0.03425000,15281.00000000,0.03384
1749263283,0.03426000,204.30000000,0.03384
1749263283,0.03427000,1542.50000000,0.03384
1749263283,0.03429000,957.50000000,0.03384
1749263283,0.03431000,387.50000000,0.03384
1749263283,0.03433000,223.00000000,0.03384
1749263283,0.03435000,223.00000000,0.03384
1749263283,0.03437000,223.00000000,0.03384
1749263283,0.03438000,54848.70000000,0.03384
1749263283,0.03439000,223.00000000,0.03384
1749263283,0.03441000,223.00000000,0.03384
1749263283,0.03443000,1415.60000000,0.03384
1749263283,0.03444000,53279.20000000,0.03384
1749263283,0.03445000,223.00000000,0.03384
1749263283,0.03446000,203.10000000,0.03384
1749263283,0.03447000,617.40000000,0.03384
1749263283,0.03448000,166.50000000,0.03384
1749263283,0.03449000,76486.00000000,0.03384
1749263283,0.03451000,425.00000000,0.03384
1749263283,0.03460000,4636.00000000,0.03384
1749263283,0.03465000,30144.30000000,0.03384
1749263283,0.03466000,173.20000000,0.03384
1749263283,0.03473000,15874.00000000,0.03384
1749263283,0.03474000,230.30000000,0.03384
1749263283,0.03475000,259.00000000,0.03384
1749263283,0.03480000,287.40000000,0.03384
1749263283,0.03488000,100555.90000000,0.03384
1749263283,0.03490000,29965.90000000,0.03384
1749263283,0.03493000,229.00000000,0.03384
1749263283,0.03494000,160.30000000,0.03384
1749263283,0.03496000,286.00000000,0.03384
1749263283,0.03500000,45340.10000000,0.03384
1749263283,0.03510000,367.40000000,0.03384
1749263283,0.03513000,227.70000000,0.03384
1749263283,0.03520000,7837.70000000,0.03384
1749263283,0.03521000,159.00000000,0.03384
1749263283,0.03524000,461.10000000,0.03384
1749263283,0.03531000,985.80000000,0.03384
1749263283,0.03536000,565.40000000,0.03384
1749263283,0.03539000,459.00000000,0.03384
1749263283,0.03540000,282.40000000,0.03384
1749263283,0.03542000,282.30000000,0.03384
1749263283,0.03543000,338.70000000,0.03384
1749263283,0.03552000,281.40000000,0.03384
1749263283,0.03555000,281.20000000,0.03384
1749263283,0.03558000,425.00000000,0.03384
1749263283,0.03560000,832.40000000,0.03384
1749263283,0.03564000,280.50000000,0.03384
1749263283,0.03568000,2305.00000000,0.03384
1749263283,0.03570000,169.80000000,0.03384
1749263283,0.03580000,146.60000000,0.03384
1749263283,0.03594000,155.80000000,0.03384
1749263283,0.03599000,657.20000000,0.03384
1749263283,0.03600000,1000.00000000,0.03384
1749263283,0.03611000,893.00000000,0.03384
1749263283,0.03664000,425.00000000,0.03384
1749263283,0.03677000,166.50000000,0.03384
1749263283,0.03680000,5177.80000000,0.03384
1749263283,0.03685000,909.70000000,0.03384
1749263283,0.03700000,12839.70000000,0.03384
1749263283,0.03704000,151.20000000,0.03384
1749263283,0.03705000,141.70000000,0.03384
1749263283,0.03730000,2692.70000000,0.03384
1749263584,0.03384000,11703.90000000,0.03384
1749263584,0.03385000,24688.60000000,0.03384
1749263584,0.03386000,51785.90000000,0.03384
1749263584,0.03387000,55517.30000000,0.03384
1749263584,0.03388000,99270.00000000,0.03384
1749263584,0.03389000,143417.60000000,0.03384
1749263584,0.03390000,75624.40000000,0.03384
1749263584,0.03391000,74298.90000000,0.03384
1749263584,0.03392000,54909.60000000,0.03384
1749263584,0.03393000,68130.40000000,0.03384
1749263584,0.03394000,196060.30000000,0.03384
1749263584,0.03395000,111515.20000000,0.03384
1749263584,0.03396000,28441.00000000,0.03384
1749263584,0.03397000,51939.80000000,0.03384
1749263584,0.03398000,26396.00000000,0.03384
1749263584,0.03399000,46344.90000000,0.03384
1749263584,0.03400000,12139.10000000,0.03384
1749263584,0.03401000,46344.90000000,0.03384
1749263584,0.03402000,6750.00000000,0.03384
1749263584,0.03403000,22030.60000000,0.03384
1749263584,0.03404000,31007.30000000,0.03384
1749263584,0.03405000,82262.50000000,0.03384
1749263584,0.03406000,6750.00000000,0.03384
1749263584,0.03407000,53519.10000000,0.03384
1749263584,0.03408000,65542.00000000,0.03384
1749263584,0.03409000,222.60000000,0.03384
1749263584,0.03410000,48480.20000000,0.03384
1749263584,0.03411000,222.60000000,0.03384
1749263584,0.03412000,302183.90000000,0.03384
1749263584,0.03413000,31241.60000000,0.03384
1749263584,0.03414000,292960.20000000,0.03384
1749263584,0.03415000,335038.60000000,0.03384
1749263584,0.03416000,24092.80000000,0.03384
1749263584,0.03417000,15445.50000000,0.03384
1749263584,0.03419000,24315.80000000,0.03384
1749263584,0.03420000,15058.00000000,0.03384
1749263584,0.03421000,24315.80000000,0.03384
1749263584,0.03423000,223.00000000,0.03384
1749263584,0.03425000,15281.00000000,0.03384
1749263584,0.03426000,204.30000000,0.03384
1749263584,0.03427000,1542.50000000,0.03384
1749263584,0.03429000,957.50000000,0.03384
1749263584,0.03431000,387.50000000,0.03384
1749263584,0.03433000,223.00000000,0.03384
1749263584,0.03435000,223.00000000,0.03384
1749263584,0.03437000,223.00000000,0.03384
1749263584,0.03438000,54848.70000000,0.03384
1749263584,0.03439000,223.00000000,0.03384
1749263584,0.03441000,223.00000000,0.03384
1749263584,0.03443000,1415.60000000,0.03384
1749263584,0.03444000,53279.20000000,0.03384
1749263584,0.03445000,223.00000000,0.03384
1749263584,0.03446000,203.10000000,0.03384
1749263584,0.03447000,617.40000000,0.03384
1749263584,0.03448000,166.50000000,0.03384
1749263584,0.03451000,425.00000000,0.03384
1749263584,0.03453000,76486.00000000,0.03384
1749263584,0.03460000,4636.00000000,0.03384
1749263584,0.03465000,30144.30000000,0.03384
1749263584,0.03466000,173.20000000,0.03384
1749263584,0.03473000,15874.00000000,0.03384
1749263584,0.03474000,230.30000000,0.03384
1749263584,0.03475000,259.00000000,0.03384
1749263584,0.03480000,287.40000000,0.03384
1749263584,0.03488000,100555.90000000,0.03384
1749263584,0.03490000,29965.90000000,0.03384
1749263584,0.03493000,229.00000000,0.03384
1749263584,0.03494000,160.30000000,0.03384
1749263584,0.03496000,286.00000000,0.03384
1749263584,0.03500000,45340.10000000,0.03384
1749263584,0.03510000,367.40000000,0.03384
1749263584,0.03513000,227.70000000,0.03384
1749263584,0.03520000,7837.70000000,0.03384
1749263584,0.03521000,159.00000000,0.03384
1749263584,0.03524000,461.10000000,0.03384
1749263584,0.03531000,985.80000000,0.03384
1749263584,0.03536000,565.40000000,0.03384
1749263584,0.03539000,459.00000000,0.03384
1749263584,0.03540000,282.40000000,0.03384
1749263584,0.03542000,282.30000000,0.03384
1749263584,0.03543000,338.70000000,0.03384
1749263584,0.03552000,281.40000000,0.03384
1749263584,0.03555000,281.20000000,0.03384
1749263584,0.03558000,425.00000000,0.03384
1749263584,0.03560000,832.40000000,0.03384
1749263584,0.03564000,280.50000000,0.03384
1749263584,0.03568000,2305.00000000,0.03384
1749263584,0.03570000,169.80000000,0.03384
1749263584,0.03580000,146.60000000,0.03384
1749263584,0.03594000,155.80000000,0.03384
1749263584,0.03599000,657.20000000,0.03384
1749263584,0.03600000,1000.00000000,0.03384
1749263584,0.03611000,893.00000000,0.03384
1749263584,0.03664000,425.00000000,0.03384
1749263584,0.03677000,166.50000000,0.03384
1749263584,0.03680000,5177.80000000,0.03384
1749263584,0.03685000,909.70000000,0.03384
1749263584,0.03700000,12839.70000000,0.03384
1749263584,0.03704000,151.20000000,0.03384
1749263584,0.03705000,141.70000000,0.03384
1749263886,0.03384000,13500.00000000,0.03383
1749263886,0.03385000,54599.50000000,0.03383
1749263886,0.03386000,6241.30000000,0.03383
1749263886,0.03387000,26735.20000000,0.03383
1749263886,0.03388000,98031.20000000,0.03383
1749263886,0.03389000,174550.50000000,0.03383
1749263886,0.03390000,81637.50000000,0.03383
1749263886,0.03391000,115022.00000000,0.03383
1749263886,0.03392000,85100.10000000,0.03383
1749263886,0.03393000,158820.30000000,0.03383
1749263886,0.03394000,72372.30000000,0.03383
1749263886,0.03395000,106349.10000000,0.03383
1749263886,0.03396000,28442.60000000,0.03383
1749263886,0.03397000,51939.80000000,0.03383
1749263886,0.03398000,12140.70000000,0.03383
1749263886,0.03399000,46344.90000000,0.03383
1749263886,0.03400000,26397.60000000,0.03383
1749263886,0.03401000,46344.90000000,0.03383
1749263886,0.03402000,6750.00000000,0.03383
1749263886,0.03403000,22030.60000000,0.03383
1749263886,0.03404000,31007.30000000,0.03383
1749263886,0.03405000,82262.50000000,0.03383
1749263886,0.03406000,6750.00000000,0.03383
1749263886,0.03407000,53343.00000000,0.03383
1749263886,0.03408000,65542.00000000,0.03383
1749263886,0.03409000,222.60000000,0.03383
1749263886,0.03410000,48480.20000000,0.03383
1749263886,0.03411000,222.60000000,0.03383
1749263886,0.03412000,302183.90000000,0.03383
1749263886,0.03413000,31065.80000000,0.03383
1749263886,0.03414000,292960.20000000,0.03383
1749263886,0.03415000,15281.00000000,0.03383
1749263886,0.03416000,24092.80000000,0.03383
1749263886,0.03417000,15445.50000000,0.03383
1749263886,0.03419000,24315.80000000,0.03383
1749263886,0.03420000,15058.00000000,0.03383
1749263886,0.03421000,24315.80000000,0.03383
1749263886,0.03423000,223.00000000,0.03383
1749263886,0.03425000,15281.00000000,0.03383
1749263886,0.03427000,1542.50000000,0.03383
1749263886,0.03429000,957.50000000,0.03383
1749263886,0.03431000,387.50000000,0.03383
1749263886,0.03433000,223.00000000,0.03383
1749263886,0.03435000,223.00000000,0.03383
1749263886,0.03437000,223.00000000,0.03383
1749263886,0.03438000,54848.70000000,0.03383
1749263886,0.03439000,223.00000000,0.03383
1749263886,0.03441000,223.00000000,0.03383
1749263886,0.03443000,1415.60000000,0.03383
1749263886,0.03444000,53279.20000000,0.03383
1749263886,0.03445000,223.00000000,0.03383
1749263886,0.03447000,385.30000000,0.03383
1749263886,0.03448000,166.50000000,0.03383
1749263886,0.03451000,425.00000000,0.03383
1749263886,0.03453000,76486.00000000,0.03383
1749263886,0.03460000,4636.00000000,0.03383
1749263886,0.03465000,30144.30000000,0.03383
1749263886,0.03466000,173.20000000,0.03383
1749263886,0.03473000,15874.00000000,0.03383
1749263886,0.03475000,259.00000000,0.03383
1749263886,0.03488000,100555.90000000,0.03383
1749263886,0.03490000,29965.90000000,0.03383
1749263886,0.03494000,160.30000000,0.03383
1749263886,0.03496000,286.00000000,0.03383
1749263886,0.03500000,45340.10000000,0.03383
1749263886,0.03510000,367.40000000,0.03383
1749263886,0.03520000,7837.70000000,0.03383
1749263886,0.03521000,159.00000000,0.03383
1749263886,0.03524000,461.10000000,0.03383
1749263886,0.03531000,985.80000000,0.03383
1749263886,0.03536000,565.40000000,0.03383
1749263886,0.03539000,459.00000000,0.03383
1749263886,0.03540000,282.40000000,0.03383
1749263886,0.03543000,338.70000000,0.03383
1749263886,0.03552000,281.40000000,0.03383
1749263886,0.03555000,281.20000000,0.03383
1749263886,0.03558000,425.00000000,0.03383
1749263886,0.03560000,832.40000000,0.03383
1749263886,0.03564000,280.50000000,0.03383
1749263886,0.03568000,2305.00000000,0.03383
1749263886,0.03570000,169.80000000,0.03383
1749263886,0.03580000,146.60000000,0.03383
1749263886,0.03594000,155.80000000,0.03383
1749263886,0.03599000,657.20000000,0.03383
1749263886,0.03600000,1000.00000000,0.03383
1749263886,0.03611000,893.00000000,0.03383
1749263886,0.03664000,425.00000000,0.03383
1749263886,0.03677000,166.50000000,0.03383
1749263886,0.03680000,5177.80000000,0.03383
1749263886,0.03685000,909.70000000,0.03383
1749263886,0.03700000,12839.70000000,0.03383
1749263886,0.03704000,151.20000000,0.03383
1749263886,0.03705000,141.70000000,0.03383
1749263886,0.03730000,2692.70000000,0.03383
1749263886,0.03733000,4245.00000000,0.03383
1749263886,0.03748000,595.50000000,0.03383
1749263886,0.03762000,161.00000000,0.03383
1749263886,0.03766000,166.00000000,0.03383
1749263886,0.03767000,162.40000000,0.03383
1749263886,0.03770000,425.00000000,0.03383
1749264187,0.03383000,17505.40000000,0.03382
1749264187,0.03384000,11154.80000000,0.03382
1749264187,0.03385000,16433.50000000,0.03382
1749264187,0.03386000,37281.60000000,0.03382
1749264187,0.03387000,82457.70000000,0.03382
1749264187,0.03388000,100930.60000000,0.03382
1749264187,0.03389000,175442.60000000,0.03382
1749264187,0.03390000,70316.20000000,0.03382
1749264187,0.03391000,64658.40000000,0.03382
1749264187,0.03392000,56997.10000000,0.03382
1749264187,0.03393000,163601.20000000,0.03382
1749264187,0.03394000,72372.30000000,0.03382
1749264187,0.03395000,106349.10000000,0.03382
1749264187,0.03396000,42699.50000000,0.03382
1749264187,0.03397000,46344.90000000,0.03382
1749264187,0.03398000,12140.70000000,0.03382
1749264187,0.03399000,46344.90000000,0.03382
1749264187,0.03400000,12140.70000000,0.03382
1749264187,0.03401000,46344.90000000,0.03382
1749264187,0.03402000,6750.00000000,0.03382
1749264187,0.03403000,43980.50000000,0.03382
1749264187,0.03404000,33590.80000000,0.03382
1749264187,0.03405000,82262.50000000,0.03382
1749264187,0.03406000,6750.00000000,0.03382
1749264187,0.03407000,31065.40000000,0.03382
1749264187,0.03408000,21984.10000000,0.03382
1749264187,0.03409000,222.60000000,0.03382
1749264187,0.03410000,326398.10000000,0.03382
1749264187,0.03411000,222.60000000,0.03382
1749264187,0.03412000,302183.90000000,0.03382
1749264187,0.03413000,24315.80000000,0.03382
1749264187,0.03414000,292960.20000000,0.03382
1749264187,0.03415000,15281.00000000,0.03382
1749264187,0.03416000,24092.80000000,0.03382
1749264187,0.03417000,59003.40000000,0.03382
1749264187,0.03419000,24315.80000000,0.03382
1749264187,0.03420000,15058.00000000,0.03382
1749264187,0.03421000,24315.80000000,0.03382
1749264187,0.03423000,223.00000000,0.03382
1749264187,0.03425000,15281.00000000,0.03382
1749264187,0.03427000,1542.50000000,0.03382
1749264187,0.03429000,957.50000000,0.03382
1749264187,0.03431000,387.50000000,0.03382
1749264187,0.03433000,223.00000000,0.03382
1749264187,0.03435000,223.00000000,0.03382
1749264187,0.03437000,223.00000000,0.03382
1749264187,0.03438000,54848.70000000,0.03382
1749264187,0.03439000,223.00000000,0.03382
1749264187,0.03441000,223.00000000,0.03382
1749264187,0.03443000,1415.60000000,0.03382
1749264187,0.03444000,53279.20000000,0.03382
1749264187,0.03445000,223.00000000,0.03382
1749264187,0.03447000,385.30000000,0.03382
1749264187,0.03448000,166.50000000,0.03382
1749264187,0.03451000,425.00000000,0.03382
1749264187,0.03453000,76486.00000000,0.03382
1749264187,0.03460000,4636.00000000,0.03382
1749264187,0.03465000,30144.30000000,0.03382
1749264187,0.03466000,173.20000000,0.03382
1749264187,0.03473000,15874.00000000,0.03382
1749264187,0.03475000,259.00000000,0.03382
1749264187,0.03488000,100555.90000000,0.03382
1749264187,0.03490000,29965.90000000,0.03382
1749264187,0.03494000,160.30000000,0.03382
1749264187,0.03496000,286.00000000,0.03382
1749264187,0.03500000,45340.10000000,0.03382
1749264187,0.03510000,367.40000000,0.03382
1749264187,0.03520000,7837.70000000,0.03382
1749264187,0.03521000,159.00000000,0.03382
1749264187,0.03524000,461.10000000,0.03382
1749264187,0.03531000,985.80000000,0.03382
1749264187,0.03536000,565.40000000,0.03382
1749264187,0.03539000,459.00000000,0.03382
1749264187,0.03540000,282.40000000,0.03382
1749264187,0.03543000,338.70000000,0.03382
1749264187,0.03552000,281.40000000,0.03382
1749264187,0.03555000,281.20000000,0.03382
1749264187,0.03558000,425.00000000,0.03382
1749264187,0.03560000,832.40000000,0.03382
1749264187,0.03564000,280.50000000,0.03382
1749264187,0.03568000,2305.00000000,0.03382
1749264187,0.03570000,169.80000000,0.03382
1749264187,0.03580000,146.60000000,0.03382
1749264187,0.03594000,155.80000000,0.03382
1749264187,0.03599000,657.20000000,0.03382
1749264187,0.03600000,1000.00000000,0.03382
1749264187,0.03611000,893.00000000,0.03382
1749264187,0.03664000,425.00000000,0.03382
1749264187,0.03677000,166.50000000,0.03382
1749264187,0.03680000,5177.80000000,0.03382
1749264187,0.03685000,909.70000000,0.03382
1749264187,0.03700000,12839.70000000,0.03382
1749264187,0.03704000,151.20000000,0.03382
1749264187,0.03705000,141.70000000,0.03382
1749264187,0.03730000,2692.70000000,0.03382
1749264187,0.03733000,4245.00000000,0.03382
1749264187,0.03748000,595.50000000,0.03382
1749264187,0.03762000,161.00000000,0.03382
1749264187,0.03766000,166.00000000,0.03382
1749264187,0.03767000,162.40000000,0.03382
1749264489,0.03382000,6750.00000000,0.03381
1749264489,0.03383000,17727.30000000,0.03381
1749264489,0.03384000,11154.80000000,0.03381
1749264489,0.03385000,16547.20000000,0.03381
1749264489,0.03386000,56861.70000000,0.03381
1749264489,0.03387000,168305.10000000,0.03381
1749264489,0.03388000,148663.10000000,0.03381
1749264489,0.03389000,113158.70000000,0.03381
1749264489,0.03390000,88757.30000000,0.03381
1749264489,0.03391000,182030.80000000,0.03381
1749264489,0.03392000,27201.50000000,0.03381
1749264489,0.03393000,45965.20000000,0.03381
1749264489,0.03394000,86633.70000000,0.03381
1749264489,0.03395000,106349.10000000,0.03381
1749264489,0.03396000,28447.10000000,0.03381
1749264489,0.03397000,46344.90000000,0.03381
1749264489,0.03398000,12145.20000000,0.03381
1749264489,0.03399000,46344.90000000,0.03381
1749264489,0.03400000,12145.20000000,0.03381
1749264489,0.03401000,46344.90000000,0.03381
1749264489,0.03402000,6750.00000000,0.03381
1749264489,0.03403000,43980.50000000,0.03381
1749264489,0.03404000,33590.80000000,0.03381
1749264489,0.03405000,82262.50000000,0.03381
1749264489,0.03406000,6750.00000000,0.03381
1749264489,0.03407000,31065.40000000,0.03381
1749264489,0.03408000,65542.00000000,0.03381
1749264489,0.03409000,222.60000000,0.03381
1749264489,0.03410000,326398.10000000,0.03381
1749264489,0.03411000,222.60000000,0.03381
1749264489,0.03412000,295433.90000000,0.03381
1749264489,0.03413000,335809.20000000,0.03381
1749264489,0.03415000,15281.00000000,0.03381
1749264489,0.03416000,24092.80000000,0.03381
1749264489,0.03417000,15445.50000000,0.03381
1749264489,0.03419000,24315.80000000,0.03381
1749264489,0.03420000,15058.00000000,0.03381
1749264489,0.03421000,24315.80000000,0.03381
1749264489,0.03423000,223.00000000,0.03381
1749264489,0.03425000,15281.00000000,0.03381
1749264489,0.03427000,1542.50000000,0.03381
1749264489,0.03428000,55913.40000000,0.03381
1749264489,0.03429000,957.50000000,0.03381
1749264489,0.03431000,387.50000000,0.03381
1749264489,0.03433000,223.00000000,0.03381
1749264489,0.03435000,223.00000000,0.03381
1749264489,0.03437000,223.00000000,0.03381
1749264489,0.03439000,223.00000000,0.03381
1749264489,0.03441000,223.00000000,0.03381
1749264489,0.03443000,1415.60000000,0.03381
1749264489,0.03444000,53279.20000000,0.03381
1749264489,0.03445000,223.00000000,0.03381
1749264489,0.03447000,385.30000000,0.03381
1749264489,0.03448000,166.50000000,0.03381
1749264489,0.03451000,71023.40000000,0.03381
1749264489,0.03460000,4636.00000000,0.03381
1749264489,0.03465000,30144.30000000,0.03381
1749264489,0.03466000,173.20000000,0.03381
1749264489,0.03473000,15874.00000000,0.03381
1749264489,0.03475000,259.00000000,0.03381
1749264489,0.03488000,100555.90000000,0.03381
1749264489,0.03490000,29965.90000000,0.03381
1749264489,0.03494000,160.30000000,0.03381
1749264489,0.03496000,286.00000000,0.03381
1749264489,0.03500000,45340.10000000,0.03381
1749264489,0.03510000,367.40000000,0.03381
1749264489,0.03520000,7837.70000000,0.03381
1749264489,0.03521000,159.00000000,0.03381
1749264489,0.03524000,461.10000000,0.03381
1749264489,0.03531000,985.80000000,0.03381
1749264489,0.03536000,565.40000000,0.03381
1749264489,0.03539000,459.00000000,0.03381
1749264489,0.03540000,282.40000000,0.03381
1749264489,0.03543000,338.70000000,0.03381
1749264489,0.03552000,281.40000000,0.03381
1749264489,0.03555000,281.20000000,0.03381
1749264489,0.03558000,425.00000000,0.03381
1749264489,0.03560000,832.40000000,0.03381
1749264489,0.03564000,280.50000000,0.03381
1749264489,0.03568000,2305.00000000,0.03381
1749264489,0.03570000,169.80000000,0.03381
1749264489,0.03580000,146.60000000,0.03381
1749264489,0.03594000,155.80000000,0.03381
1749264489,0.03599000,657.20000000,0.03381
1749264489,0.03600000,1000.00000000,0.03381
1749264489,0.03611000,893.00000000,0.03381
1749264489,0.03664000,425.00000000,0.03381
1749264489,0.03677000,166.50000000,0.03381
1749264489,0.03680000,5177.80000000,0.03381
1749264489,0.03685000,909.70000000,0.03381
1749264489,0.03700000,12839.70000000,0.03381
1749264489,0.03704000,151.20000000,0.03381
1749264489,0.03705000,141.70000000,0.03381
1749264489,0.03730000,2692.70000000,0.03381
1749264489,0.03733000,4245.00000000,0.03381
1749264489,0.03748000,595.50000000,0.03381
1749264489,0.03762000,161.00000000,0.03381
1749264489,0.03766000,166.00000000,0.03381
1749264489,0.03767000,162.40000000,0.03381
1749264489,0.03770000,425.00000000,0.03381
1749264791,0.03383000,541.10000000,0.03383
1749264791,0.03384000,10933.00000000,0.03383
1749264791,0.03385000,30052.70000000,0.03383
1749264791,0.03386000,63121.80000000,0.03383
1749264791,0.03387000,149869.60000000,0.03383
1749264791,0.03388000,119556.20000000,0.03383
1749264791,0.03389000,167245.30000000,0.03383
1749264791,0.03390000,99238.30000000,0.03383
1749264791,0.03391000,64236.90000000,0.03383
1749264791,0.03392000,56577.10000000,0.03383
1749264791,0.03393000,168551.90000000,0.03383
1749264791,0.03394000,72376.80000000,0.03383
1749264791,0.03395000,106349.10000000,0.03383
1749264791,0.03396000,28447.10000000,0.03383
1749264791,0.03397000,46344.90000000,0.03383
1749264791,0.03398000,26402.10000000,0.03383
1749264791,0.03399000,46344.90000000,0.03383
1749264791,0.03400000,12145.20000000,0.03383
1749264791,0.03401000,46344.90000000,0.03383
1749264791,0.03402000,11920.70000000,0.03383
1749264791,0.03403000,49151.20000000,0.03383
1749264791,0.03404000,33590.80000000,0.03383
1749264791,0.03405000,82262.50000000,0.03383
1749264791,0.03406000,6750.00000000,0.03383
1749264791,0.03407000,31065.40000000,0.03383
1749264791,0.03408000,65365.90000000,0.03383
1749264791,0.03409000,222.60000000,0.03383
1749264791,0.03410000,326398.10000000,0.03383
1749264791,0.03411000,222.60000000,0.03383
1749264791,0.03412000,295433.90000000,0.03383
1749264791,0.03413000,335809.20000000,0.03383
1749264791,0.03414000,6750.00000000,0.03383
1749264791,0.03415000,15281.00000000,0.03383
1749264791,0.03416000,24092.80000000,0.03383
1749264791,0.03417000,15445.50000000,0.03383
1749264791,0.03419000,24315.80000000,0.03383
1749264791,0.03420000,15058.00000000,0.03383
1749264791,0.03421000,24315.80000000,0.03383
1749264791,0.03423000,223.00000000,0.03383
1749264791,0.03425000,15281.00000000,0.03383
1749264791,0.03427000,1542.50000000,0.03383
1749264791,0.03428000,55913.40000000,0.03383
1749264791,0.03429000,724.20000000,0.03383
1749264791,0.03431000,387.50000000,0.03383
1749264791,0.03433000,223.00000000,0.03383
1749264791,0.03435000,223.00000000,0.03383
1749264791,0.03437000,223.00000000,0.03383
1749264791,0.03439000,223.00000000,0.03383
1749264791,0.03441000,223.00000000,0.03383
1749264791,0.03443000,1415.60000000,0.03383
1749264791,0.03444000,53279.20000000,0.03383
1749264791,0.03445000,223.00000000,0.03383
1749264791,0.03447000,385.30000000,0.03383
1749264791,0.03448000,166.50000000,0.03383
1749264791,0.03450000,260.90000000,0.03383
1749264791,0.03451000,71023.40000000,0.03383
1749264791,0.03460000,4636.00000000,0.03383
1749264791,0.03465000,30144.30000000,0.03383
1749264791,0.03466000,173.20000000,0.03383
1749264791,0.03473000,15874.00000000,0.03383
1749264791,0.03488000,100555.90000000,0.03383
1749264791,0.03490000,29965.90000000,0.03383
1749264791,0.03494000,160.30000000,0.03383
1749264791,0.03500000,45340.10000000,0.03383
1749264791,0.03510000,367.40000000,0.03383
1749264791,0.03517000,341.20000000,0.03383
1749264791,0.03520000,7837.70000000,0.03383
1749264791,0.03521000,159.00000000,0.03383
1749264791,0.03524000,461.10000000,0.03383
1749264791,0.03531000,985.80000000,0.03383
1749264791,0.03536000,565.40000000,0.03383
1749264791,0.03539000,459.00000000,0.03383
1749264791,0.03540000,282.40000000,0.03383
1749264791,0.03552000,281.40000000,0.03383
1749264791,0.03555000,281.20000000,0.03383
1749264791,0.03558000,425.00000000,0.03383
1749264791,0.03560000,832.40000000,0.03383
1749264791,0.03564000,280.50000000,0.03383
1749264791,0.03568000,2305.00000000,0.03383
1749264791,0.03570000,169.80000000,0.03383
1749264791,0.03580000,146.60000000,0.03383
1749264791,0.03585000,418.40000000,0.03383
1749264791,0.03594000,155.80000000,0.03383
1749264791,0.03599000,657.20000000,0.03383
1749264791,0.03600000,1000.00000000,0.03383
1749264791,0.03611000,893.00000000,0.03383
1749264791,0.03664000,425.00000000,0.03383
1749264791,0.03677000,166.50000000,0.03383
1749264791,0.03680000,5177.80000000,0.03383
1749264791,0.03685000,909.70000000,0.03383
1749264791,0.03700000,12839.70000000,0.03383
1749264791,0.03704000,151.20000000,0.03383
1749264791,0.03705000,141.70000000,0.03383
1749264791,0.03730000,2692.70000000,0.03383
1749264791,0.03733000,4245.00000000,0.03383
1749264791,0.03748000,595.50000000,0.03383
1749264791,0.03762000,161.00000000,0.03383
1749264791,0.03766000,166.00000000,0.03383
1749264791,0.03767000,162.40000000,0.03383
1749264791,0.03770000,425.00000000,0.03383
1749265093,0.03382000,14172.20000000,0.03383
1749265093,0.03383000,11338.10000000,0.03383
1749265093,0.03384000,30047.60000000,0.03383
1749265093,0.03385000,70495.10000000,0.03383
1749265093,0.03386000,85868.40000000,0.03383
1749265093,0.03387000,97615.70000000,0.03383
1749265093,0.03388000,82296.70000000,0.03383
1749265093,0.03389000,198678.00000000,0.03383
1749265093,0.03390000,180375.30000000,0.03383
1749265093,0.03391000,62172.60000000,0.03383
1749265093,0.03392000,27201.50000000,0.03383
1749265093,0.03393000,45965.20000000,0.03383
1749265093,0.03394000,72375.30000000,0.03383
1749265093,0.03395000,106349.10000000,0.03383
1749265093,0.03396000,28445.60000000,0.03383
1749265093,0.03397000,46344.90000000,0.03383
1749265093,0.03398000,6971.50000000,0.03383
1749265093,0.03399000,46344.90000000,0.03383
1749265093,0.03400000,21228.40000000,0.03383
1749265093,0.03401000,46344.90000000,0.03383
1749265093,0.03402000,6750.00000000,0.03383
1749265093,0.03403000,43980.50000000,0.03383
1749265093,0.03404000,33590.80000000,0.03383
1749265093,0.03405000,82262.50000000,0.03383
1749265093,0.03406000,6750.00000000,0.03383
1749265093,0.03407000,31065.40000000,0.03383
1749265093,0.03408000,21808.00000000,0.03383
1749265093,0.03409000,222.60000000,0.03383
1749265093,0.03410000,361335.30000000,0.03383
1749265093,0.03411000,6972.60000000,0.03383
1749265093,0.03412000,295433.90000000,0.03383
1749265093,0.03413000,315451.80000000,0.03383
1749265093,0.03415000,15281.00000000,0.03383
1749265093,0.03416000,24092.80000000,0.03383
1749265093,0.03417000,59003.40000000,0.03383
1749265093,0.03419000,24315.80000000,0.03383
1749265093,0.03420000,15058.00000000,0.03383
1749265093,0.03421000,24315.80000000,0.03383
1749265093,0.03423000,223.00000000,0.03383
1749265093,0.03425000,15281.00000000,0.03383
1749265093,0.03427000,1542.50000000,0.03383
1749265093,0.03428000,55913.40000000,0.03383
1749265093,0.03429000,724.20000000,0.03383
1749265093,0.03431000,387.50000000,0.03383
1749265093,0.03433000,223.00000000,0.03383
1749265093,0.03435000,223.00000000,0.03383
1749265093,0.03437000,223.00000000,0.03383
1749265093,0.03439000,223.00000000,0.03383
1749265093,0.03441000,223.00000000,0.03383
1749265093,0.03443000,1415.60000000,0.03383
1749265093,0.03444000,53279.20000000,0.03383
1749265093,0.03445000,223.00000000,0.03383
1749265093,0.03447000,385.30000000,0.03383
1749265093,0.03448000,166.50000000,0.03383
1749265093,0.03450000,260.90000000,0.03383
1749265093,0.03451000,71023.40000000,0.03383
1749265093,0.03465000,30144.30000000,0.03383
1749265093,0.03466000,173.20000000,0.03383
1749265093,0.03469000,4636.00000000,0.03383
1749265093,0.03473000,15874.00000000,0.03383
1749265093,0.03488000,100555.90000000,0.03383
1749265093,0.03490000,29965.90000000,0.03383
1749265093,0.03494000,160.30000000,0.03383
1749265093,0.03500000,45340.10000000,0.03383
1749265093,0.03510000,367.40000000,0.03383
1749265093,0.03517000,341.20000000,0.03383
1749265093,0.03520000,7837.70000000,0.03383
1749265093,0.03521000,159.00000000,0.03383
1749265093,0.03524000,461.10000000,0.03383
1749265093,0.03531000,985.80000000,0.03383
1749265093,0.03536000,565.40000000,0.03383
1749265093,0.03539000,459.00000000,0.03383
1749265093,0.03540000,282.40000000,0.03383
1749265093,0.03552000,281.40000000,0.03383
1749265093,0.03555000,281.20000000,0.03383
1749265093,0.03558000,425.00000000,0.03383
1749265093,0.03560000,832.40000000,0.03383
1749265093,0.03564000,280.50000000,0.03383
1749265093,0.03568000,2305.00000000,0.03383
1749265093,0.03570000,169.80000000,0.03383
1749265093,0.03580000,146.60000000,0.03383
1749265093,0.03585000,418.40000000,0.03383
1749265093,0.03594000,155.80000000,0.03383
1749265093,0.03599000,657.20000000,0.03383
1749265093,0.03600000,1000.00000000,0.03383
1749265093,0.03611000,893.00000000,0.03383
1749265093,0.03664000,425.00000000,0.03383
1749265093,0.03677000,166.50000000,0.03383
1749265093,0.03680000,5177.80000000,0.03383
1749265093,0.03685000,909.70000000,0.03383
1749265093,0.03700000,12839.70000000,0.03383
1749265093,0.03704000,151.20000000,0.03383
1749265093,0.03705000,141.70000000,0.03383
1749265093,0.03730000,2692.70000000,0.03383
1749265093,0.03733000,4245.00000000,0.03383
1749265093,0.03748000,595.50000000,0.03383
1749265093,0.03762000,161.00000000,0.03383
1749265093,0.03766000,166.00000000,0.03383
1749265093,0.03767000,162.40000000,0.03383
1749265093,0.03770000,425.00000000,0.03383
1749265397,0.03384000,14416.30000000,0.03382
1749265397,0.03385000,62420.20000000,0.03382
1749265397,0.03386000,26212.60000000,0.03382
1749265397,0.03387000,34176.50000000,0.03382
1749265397,0.03388000,125603.00000000,0.03382
1749265397,0.03389000,193713.70000000,0.03382
1749265397,0.03390000,138245.90000000,0.03382
1749265397,0.03391000,64492.30000000,0.03382
1749265397,0.03392000,150153.90000000,0.03382
1749265397,0.03393000,45965.20000000,0.03382
1749265397,0.03394000,72375.30000000,0.03382
1749265397,0.03395000,106349.10000000,0.03382
1749265397,0.03396000,28445.60000000,0.03382
1749265397,0.03397000,46344.90000000,0.03382
1749265397,0.03398000,26400.60000000,0.03382
1749265397,0.03399000,46344.90000000,0.03382
1749265397,0.03400000,12143.70000000,0.03382
1749265397,0.03401000,46344.90000000,0.03382
1749265397,0.03402000,11922.20000000,0.03382
1749265397,0.03403000,49152.70000000,0.03382
1749265397,0.03404000,33590.80000000,0.03382
1749265397,0.03405000,82262.50000000,0.03382
1749265397,0.03406000,6750.00000000,0.03382
1749265397,0.03407000,31065.40000000,0.03382
1749265397,0.03408000,21808.00000000,0.03382
1749265397,0.03409000,222.60000000,0.03382
1749265397,0.03410000,39150.80000000,0.03382
1749265397,0.03411000,6972.60000000,0.03382
1749265397,0.03412000,21808.00000000,0.03382
1749265397,0.03413000,315451.80000000,0.03382
1749265397,0.03414000,278636.40000000,0.03382
1749265397,0.03415000,15281.00000000,0.03382
1749265397,0.03416000,24092.80000000,0.03382
1749265397,0.03417000,59003.40000000,0.03382
1749265397,0.03419000,24315.80000000,0.03382
1749265397,0.03420000,15058.00000000,0.03382
1749265397,0.03421000,24315.80000000,0.03382
1749265397,0.03423000,223.00000000,0.03382
1749265397,0.03425000,15281.00000000,0.03382
1749265397,0.03427000,1542.50000000,0.03382
1749265397,0.03428000,55913.40000000,0.03382
1749265397,0.03429000,724.20000000,0.03382
1749265397,0.03431000,387.50000000,0.03382
1749265397,0.03433000,223.00000000,0.03382
1749265397,0.03435000,223.00000000,0.03382
1749265397,0.03437000,223.00000000,0.03382
1749265397,0.03439000,223.00000000,0.03382
1749265397,0.03441000,223.00000000,0.03382
1749265397,0.03443000,1415.60000000,0.03382
1749265397,0.03444000,53279.20000000,0.03382
1749265397,0.03445000,223.00000000,0.03382
1749265397,0.03446000,74430.10000000,0.03382
1749265397,0.03447000,385.30000000,0.03382
1749265397,0.03448000,166.50000000,0.03382
1749265397,0.03450000,260.90000000,0.03382
1749265397,0.03451000,425.00000000,0.03382
1749265397,0.03465000,30144.30000000,0.03382
1749265397,0.03466000,173.20000000,0.03382
1749265397,0.03469000,4636.00000000,0.03382
1749265397,0.03473000,15874.00000000,0.03382
1749265397,0.03488000,100555.90000000,0.03382
1749265397,0.03490000,29965.90000000,0.03382
1749265397,0.03494000,160.30000000,0.03382
1749265397,0.03500000,45340.10000000,0.03382
1749265397,0.03510000,367.40000000,0.03382
1749265397,0.03517000,341.20000000,0.03382
1749265397,0.03520000,7837.70000000,0.03382
1749265397,0.03521000,159.00000000,0.03382
1749265397,0.03524000,461.10000000,0.03382
1749265397,0.03531000,985.80000000,0.03382
1749265397,0.03536000,565.40000000,0.03382
1749265397,0.03539000,459.00000000,0.03382
1749265397,0.03540000,282.40000000,0.03382
1749265397,0.03552000,281.40000000,0.03382
1749265397,0.03555000,281.20000000,0.03382
1749265397,0.03558000,425.00000000,0.03382
1749265397,0.03560000,832.40000000,0.03382
1749265397,0.03564000,280.50000000,0.03382
1749265397,0.03568000,2305.00000000,0.03382
1749265397,0.03570000,169.80000000,0.03382
1749265397,0.03580000,146.60000000,0.03382
1749265397,0.03585000,418.40000000,0.03382
1749265397,0.03594000,155.80000000,0.03382
1749265397,0.03599000,657.20000000,0.03382
1749265397,0.03600000,1000.00000000,0.03382
1749265397,0.03611000,893.00000000,0.03382
1749265397,0.03664000,425.00000000,0.03382
1749265397,0.03677000,166.50000000,0.03382
1749265397,0.03680000,5177.80000000,0.03382
1749265397,0.03685000,909.70000000,0.03382
1749265397,0.03700000,12839.70000000,0.03382
1749265397,0.03704000,151.20000000,0.03382
1749265397,0.03705000,141.70000000,0.03382
1749265397,0.03730000,2692.70000000,0.03382
1749265397,0.03733000,4245.00000000,0.03382
1749265397,0.03748000,595.50000000,0.03382
1749265397,0.03762000,161.00000000,0.03382
1749265397,0.03766000,166.00000000,0.03382
1749265397,0.03767000,162.40000000,0.03382
1749265397,0.03770000,425.00000000,0.03382
1749265704,0.03384000,7644.40000000,0.03384
1749265704,0.03385000,54337.10000000,0.03384
1749265704,0.03386000,33170.30000000,0.03384
1749265704,0.03387000,87624.70000000,0.03384
1749265704,0.03388000,115914.60000000,0.03384
1749265704,0.03389000,211261.00000000,0.03384
1749265704,0.03390000,90112.30000000,0.03384
1749265704,0.03391000,34859.80000000,0.03384
1749265704,0.03392000,50585.50000000,0.03384
1749265704,0.03393000,40421.30000000,0.03384
1749265704,0.03394000,201493.30000000,0.03384
1749265704,0.03395000,106349.10000000,0.03384
1749265704,0.03396000,28442.60000000,0.03384
1749265704,0.03397000,46344.90000000,0.03384
1749265704,0.03398000,12140.70000000,0.03384
1749265704,0.03399000,46344.90000000,0.03384
1749265704,0.03400000,12140.70000000,0.03384
1749265704,0.03401000,60601.80000000,0.03384
1749265704,0.03402000,11919.20000000,0.03384
1749265704,0.03403000,49148.10000000,0.03384
1749265704,0.03404000,31007.30000000,0.03384
1749265704,0.03405000,82262.50000000,0.03384
1749265704,0.03406000,6750.00000000,0.03384
1749265704,0.03407000,31065.40000000,0.03384
1749265704,0.03408000,24355.50000000,0.03384
1749265704,0.03409000,222.60000000,0.03384
1749265704,0.03410000,45900.80000000,0.03384
1749265704,0.03411000,306953.50000000,0.03384
1749265704,0.03412000,21808.00000000,0.03384
1749265704,0.03413000,315451.80000000,0.03384
1749265704,0.03414000,309978.70000000,0.03384
1749265704,0.03415000,15281.00000000,0.03384
1749265704,0.03416000,24092.80000000,0.03384
1749265704,0.03417000,59003.40000000,0.03384
1749265704,0.03419000,24315.80000000,0.03384
1749265704,0.03420000,15058.00000000,0.03384
1749265704,0.03421000,24315.80000000,0.03384
1749265704,0.03423000,223.00000000,0.03384
1749265704,0.03425000,15281.00000000,0.03384
1749265704,0.03427000,1542.50000000,0.03384
1749265704,0.03428000,55913.40000000,0.03384
1749265704,0.03429000,724.20000000,0.03384
1749265704,0.03431000,387.50000000,0.03384
1749265704,0.03433000,223.00000000,0.03384
1749265704,0.03435000,223.00000000,0.03384
1749265704,0.03437000,223.00000000,0.03384
1749265704,0.03439000,223.00000000,0.03384
1749265704,0.03441000,223.00000000,0.03384
1749265704,0.03443000,1415.60000000,0.03384
1749265704,0.03444000,53279.20000000,0.03384
1749265704,0.03445000,223.00000000,0.03384
1749265704,0.03446000,74430.10000000,0.03384
1749265704,0.03447000,385.30000000,0.03384
1749265704,0.03448000,166.50000000,0.03384
1749265704,0.03450000,260.90000000,0.03384
1749265704,0.03451000,425.00000000,0.03384
1749265704,0.03465000,30144.30000000,0.03384
1749265704,0.03466000,173.20000000,0.03384
1749265704,0.03469000,4636.00000000,0.03384
1749265704,0.03484000,15874.00000000,0.03384
1749265704,0.03488000,100555.90000000,0.03384
1749265704,0.03490000,29965.90000000,0.03384
1749265704,0.03494000,160.30000000,0.03384
1749265704,0.03500000,45340.10000000,0.03384
1749265704,0.03510000,367.40000000,0.03384
1749265704,0.03517000,341.20000000,0.03384
1749265704,0.03520000,7837.70000000,0.03384
1749265704,0.03521000,159.00000000,0.03384
1749265704,0.03524000,461.10000000,0.03384
1749265704,0.03531000,985.80000000,0.03384
1749265704,0.03536000,565.40000000,0.03384
1749265704,0.03539000,459.00000000,0.03384
1749265704,0.03540000,282.40000000,0.03384
1749265704,0.03552000,281.40000000,0.03384
1749265704,0.03555000,281.20000000,0.03384
1749265704,0.03558000,425.00000000,0.03384
1749265704,0.03560000,832.40000000,0.03384
1749265704,0.03564000,280.50000000,0.03384
1749265704,0.03568000,2305.00000000,0.03384
1749265704,0.03570000,169.80000000,0.03384
1749265704,0.03580000,146.60000000,0.03384
1749265704,0.03585000,418.40000000,0.03384
1749265704,0.03594000,155.80000000,0.03384
1749265704,0.03599000,657.20000000,0.03384
1749265704,0.03600000,1000.00000000,0.03384
1749265704,0.03611000,893.00000000,0.03384
1749265704,0.03664000,425.00000000,0.03384
1749265704,0.03677000,166.50000000,0.03384
1749265704,0.03680000,5177.80000000,0.03384
1749265704,0.03685000,909.70000000,0.03384
1749265704,0.03700000,12839.70000000,0.03384
1749265704,0.03704000,151.20000000,0.03384
1749265704,0.03705000,141.70000000,0.03384
1749265704,0.03730000,2692.70000000,0.03384
1749265704,0.03733000,4245.00000000,0.03384
1749265704,0.03748000,595.50000000,0.03384
1749265704,0.03762000,161.00000000,0.03384
1749265704,0.03766000,166.00000000,0.03384
1749265704,0.03767000,162.40000000,0.03384
1749265704,0.03770000,425.00000000,0.03384
1749266005,0.03386000,49950.00000000,0.03385
1749266005,0.03387000,30923.20000000,0.03385
1749266005,0.03388000,87118.60000000,0.03385
1749266005,0.03389000,110230.60000000,0.03385
1749266005,0.03390000,68123.00000000,0.03385
1749266005,0.03391000,98532.70000000,0.03385
1749266005,0.03392000,96389.00000000,0.03385
1749266005,0.03393000,115520.60000000,0.03385
1749266005,0.03394000,195320.90000000,0.03385
1749266005,0.03395000,106349.10000000,0.03385
1749266005,0.03396000,28442.60000000,0.03385
1749266005,0.03397000,51822.90000000,0.03385
1749266005,0.03398000,12140.70000000,0.03385
1749266005,0.03399000,46344.90000000,0.03385
1749266005,0.03400000,12140.70000000,0.03385
1749266005,0.03401000,46344.90000000,0.03385
1749266005,0.03402000,11919.20000000,0.03385
1749266005,0.03403000,49148.10000000,0.03385
1749266005,0.03404000,36174.90000000,0.03385
1749266005,0.03405000,82262.50000000,0.03385
1749266005,0.03406000,6750.00000000,0.03385
1749266005,0.03407000,45322.30000000,0.03385
1749266005,0.03408000,24355.50000000,0.03385
1749266005,0.03409000,222.60000000,0.03385
1749266005,0.03410000,45900.80000000,0.03385
1749266005,0.03411000,6972.60000000,0.03385
1749266005,0.03412000,21808.00000000,0.03385
1749266005,0.03413000,315451.80000000,0.03385
1749266005,0.03414000,309978.70000000,0.03385
1749266005,0.03415000,335330.80000000,0.03385
1749266005,0.03416000,24092.80000000,0.03385
1749266005,0.03417000,59003.40000000,0.03385
1749266005,0.03419000,24315.80000000,0.03385
1749266005,0.03420000,15058.00000000,0.03385
1749266005,0.03421000,24315.80000000,0.03385
1749266005,0.03423000,223.00000000,0.03385
1749266005,0.03425000,15281.00000000,0.03385
1749266005,0.03427000,1542.50000000,0.03385
1749266005,0.03428000,55913.40000000,0.03385
1749266005,0.03429000,724.20000000,0.03385
1749266005,0.03431000,387.50000000,0.03385
1749266005,0.03433000,223.00000000,0.03385
1749266005,0.03435000,223.00000000,0.03385
1749266005,0.03437000,223.00000000,0.03385
1749266005,0.03439000,223.00000000,0.03385
1749266005,0.03441000,223.00000000,0.03385
1749266005,0.03443000,1415.60000000,0.03385
1749266005,0.03444000,53279.20000000,0.03385
1749266005,0.03445000,223.00000000,0.03385
1749266005,0.03446000,74430.10000000,0.03385
1749266005,0.03447000,385.30000000,0.03385
1749266005,0.03448000,166.50000000,0.03385
1749266005,0.03450000,260.90000000,0.03385
1749266005,0.03451000,425.00000000,0.03385
1749266005,0.03465000,30144.30000000,0.03385
1749266005,0.03466000,173.20000000,0.03385
1749266005,0.03469000,4636.00000000,0.03385
1749266005,0.03484000,15874.00000000,0.03385
1749266005,0.03488000,100555.90000000,0.03385
1749266005,0.03490000,29965.90000000,0.03385
1749266005,0.03494000,160.30000000,0.03385
1749266005,0.03500000,45340.10000000,0.03385
1749266005,0.03510000,367.40000000,0.03385
1749266005,0.03517000,341.20000000,0.03385
1749266005,0.03520000,7837.70000000,0.03385
1749266005,0.03521000,159.00000000,0.03385
1749266005,0.03524000,461.10000000,0.03385
1749266005,0.03531000,985.80000000,0.03385
1749266005,0.03536000,565.40000000,0.03385
1749266005,0.03539000,459.00000000,0.03385
1749266005,0.03540000,282.40000000,0.03385
1749266005,0.03552000,281.40000000,0.03385
1749266005,0.03555000,281.20000000,0.03385
1749266005,0.03558000,425.00000000,0.03385
1749266005,0.03560000,832.40000000,0.03385
1749266005,0.03564000,280.50000000,0.03385
1749266005,0.03568000,2305.00000000,0.03385
1749266005,0.03570000,169.80000000,0.03385
1749266005,0.03580000,146.60000000,0.03385
1749266005,0.03585000,418.40000000,0.03385
1749266005,0.03594000,155.80000000,0.03385
1749266005,0.03599000,657.20000000,0.03385
1749266005,0.03600000,1000.00000000,0.03385
1749266005,0.03611000,893.00000000,0.03385
1749266005,0.03664000,425.00000000,0.03385
1749266005,0.03677000,166.50000000,0.03385
1749266005,0.03680000,5177.80000000,0.03385
1749266005,0.03685000,909.70000000,0.03385
1749266005,0.03700000,12839.70000000,0.03385
1749266005,0.03704000,151.20000000,0.03385
1749266005,0.03705000,141.70000000,0.03385
1749266005,0.03730000,2692.70000000,0.03385
1749266005,0.03733000,4245.00000000,0.03385
1749266005,0.03748000,595.50000000,0.03385
1749266005,0.03762000,161.00000000,0.03385
1749266005,0.03766000,166.00000000,0.03385
1749266005,0.03767000,162.40000000,0.03385
1749266005,0.03770000,425.00000000,0.03385
1749266005,0.03778000,2084.90000000,0.03385
1749266005,0.03780000,177.80000000,0.03385
1749266307,0.03389000,6750.00000000,0.03389
1749266307,0.03390000,15901.40000000,0.03389
1749266307,0.03391000,13249.40000000,0.03389
1749266307,0.03392000,29947.20000000,0.03389
1749266307,0.03393000,75631.00000000,0.03389
1749266307,0.03394000,148794.00000000,0.03389
1749266307,0.03395000,224737.70000000,0.03389
1749266307,0.03396000,106147.50000000,0.03389
1749266307,0.03397000,51503.40000000,0.03389
1749266307,0.03398000,130274.80000000,0.03389
1749266307,0.03399000,46344.90000000,0.03389
1749266307,0.03400000,16315.00000000,0.03389
1749266307,0.03401000,51838.10000000,0.03389
1749266307,0.03402000,12129.90000000,0.03389
1749266307,0.03403000,27189.10000000,0.03389
1749266307,0.03404000,36165.80000000,0.03389
1749266307,0.03405000,96519.40000000,0.03389
1749266307,0.03406000,11908.50000000,0.03389
1749266307,0.03407000,36223.90000000,0.03389
1749266307,0.03408000,21808.00000000,0.03389
1749266307,0.03409000,6972.60000000,0.03389
1749266307,0.03410000,45900.80000000,0.03389
1749266307,0.03411000,29127.00000000,0.03389
1749266307,0.03412000,21808.00000000,0.03389
1749266307,0.03413000,31065.80000000,0.03389
1749266307,0.03414000,6750.00000000,0.03389
1749266307,0.03415000,15281.00000000,0.03389
1749266307,0.03416000,322820.80000000,0.03389
1749266307,0.03417000,15445.50000000,0.03389
1749266307,0.03418000,279555.60000000,0.03389
1749266307,0.03419000,291762.90000000,0.03389
1749266307,0.03420000,15058.00000000,0.03389
1749266307,0.03421000,24315.80000000,0.03389
1749266307,0.03423000,223.00000000,0.03389
1749266307,0.03425000,15281.00000000,0.03389
1749266307,0.03426000,43557.90000000,0.03389
1749266307,0.03427000,1542.50000000,0.03389
1749266307,0.03429000,724.20000000,0.03389
1749266307,0.03431000,387.50000000,0.03389
1749266307,0.03433000,223.00000000,0.03389
1749266307,0.03435000,223.00000000,0.03389
1749266307,0.03437000,223.00000000,0.03389
1749266307,0.03438000,55908.90000000,0.03389
1749266307,0.03439000,223.00000000,0.03389
1749266307,0.03441000,223.00000000,0.03389
1749266307,0.03443000,1415.60000000,0.03389
1749266307,0.03444000,53279.20000000,0.03389
1749266307,0.03445000,223.00000000,0.03389
1749266307,0.03447000,385.30000000,0.03389
1749266307,0.03448000,69671.70000000,0.03389
1749266307,0.03450000,260.90000000,0.03389
1749266307,0.03451000,425.00000000,0.03389
1749266307,0.03466000,173.20000000,0.03389
1749266307,0.03469000,4636.00000000,0.03389
1749266307,0.03475000,30144.30000000,0.03389
1749266307,0.03484000,15874.00000000,0.03389
1749266307,0.03488000,100555.90000000,0.03389
1749266307,0.03494000,160.30000000,0.03389
1749266307,0.03499000,29965.90000000,0.03389
1749266307,0.03500000,45340.10000000,0.03389
1749266307,0.03510000,367.40000000,0.03389
1749266307,0.03517000,341.20000000,0.03389
1749266307,0.03520000,7837.70000000,0.03389
1749266307,0.03521000,159.00000000,0.03389
1749266307,0.03524000,461.10000000,0.03389
1749266307,0.03531000,985.80000000,0.03389
1749266307,0.03536000,565.40000000,0.03389
1749266307,0.03539000,459.00000000,0.03389
1749266307,0.03540000,282.40000000,0.03389
1749266307,0.03552000,281.40000000,0.03389
1749266307,0.03555000,281.20000000,0.03389
1749266307,0.03558000,425.00000000,0.03389
1749266307,0.03560000,832.40000000,0.03389
1749266307,0.03564000,280.50000000,0.03389
1749266307,0.03568000,2305.00000000,0.03389
1749266307,0.03570000,169.80000000,0.03389
1749266307,0.03580000,146.60000000,0.03389
1749266307,0.03585000,418.40000000,0.03389
1749266307,0.03594000,155.80000000,0.03389
1749266307,0.03599000,657.20000000,0.03389
1749266307,0.03600000,1000.00000000,0.03389
1749266307,0.03611000,893.00000000,0.03389
1749266307,0.03664000,425.00000000,0.03389
1749266307,0.03677000,166.50000000,0.03389
1749266307,0.03680000,5177.80000000,0.03389
1749266307,0.03685000,909.70000000,0.03389
1749266307,0.03700000,12839.70000000,0.03389
1749266307,0.03704000,151.20000000,0.03389
1749266307,0.03705000,141.70000000,0.03389
1749266307,0.03730000,2692.70000000,0.03389
1749266307,0.03733000,4245.00000000,0.03389
1749266307,0.03748000,595.50000000,0.03389
1749266307,0.03762000,161.00000000,0.03389
1749266307,0.03766000,166.00000000,0.03389
1749266307,0.03767000,162.40000000,0.03389
1749266307,0.03770000,425.00000000,0.03389
1749266307,0.03778000,2084.90000000,0.03389
1749266307,0.03780000,177.80000000,0.03389
1749266307,0.03787000,163.30000000,0.03389
1749266307,0.03800000,13370.60000000,0.03389
1749266613,0.03390000,8930.00000000,0.03389
1749266613,0.03391000,22613.20000000,0.03389
1749266613,0.03392000,59567.40000000,0.03389
1749266613,0.03393000,99416.20000000,0.03389
1749266613,0.03394000,204047.00000000,0.03389
1749266613,0.03395000,257366.50000000,0.03389
1749266613,0.03396000,167312.20000000,0.03389
1749266613,0.03397000,105150.00000000,0.03389
1749266613,0.03398000,11158.90000000,0.03389
1749266613,0.03399000,46344.90000000,0.03389
1749266613,0.03400000,6971.50000000,0.03389
1749266613,0.03401000,175252.30000000,0.03389
1749266613,0.03402000,6971.40000000,0.03389
1749266613,0.03403000,36287.50000000,0.03389
1749266613,0.03404000,31007.30000000,0.03389
1749266613,0.03405000,82262.50000000,0.03389
1749266613,0.03406000,6750.00000000,0.03389
1749266613,0.03407000,31065.40000000,0.03389
1749266613,0.03408000,21808.00000000,0.03389
1749266613,0.03409000,6972.60000000,0.03389
1749266613,0.03410000,45900.80000000,0.03389
1749266613,0.03411000,29127.00000000,0.03389
1749266613,0.03412000,21808.00000000,0.03389
1749266613,0.03413000,31065.80000000,0.03389
1749266613,0.03415000,22031.00000000,0.03389
1749266613,0.03416000,26600.00000000,0.03389
1749266613,0.03417000,59003.40000000,0.03389
1749266613,0.03418000,279555.60000000,0.03389
1749266613,0.03419000,291762.90000000,0.03389
1749266613,0.03420000,319895.10000000,0.03389
1749266613,0.03421000,24315.80000000,0.03389
1749266613,0.03423000,223.00000000,0.03389
1749266613,0.03425000,15281.00000000,0.03389
1749266613,0.03427000,1542.50000000,0.03389
1749266613,0.03429000,724.20000000,0.03389
1749266613,0.03431000,387.50000000,0.03389
1749266613,0.03433000,223.00000000,0.03389
1749266613,0.03435000,223.00000000,0.03389
1749266613,0.03437000,223.00000000,0.03389
1749266613,0.03438000,55908.90000000,0.03389
1749266613,0.03439000,223.00000000,0.03389
1749266613,0.03441000,223.00000000,0.03389
1749266613,0.03443000,1415.60000000,0.03389
1749266613,0.03444000,53279.20000000,0.03389
1749266613,0.03445000,223.00000000,0.03389
1749266613,0.03447000,385.30000000,0.03389
1749266613,0.03448000,69671.70000000,0.03389
1749266613,0.03450000,260.90000000,0.03389
1749266613,0.03451000,425.00000000,0.03389
1749266613,0.03466000,173.20000000,0.03389
1749266613,0.03469000,4636.00000000,0.03389
1749266613,0.03475000,30144.30000000,0.03389
1749266613,0.03484000,15874.00000000,0.03389
1749266613,0.03488000,100555.90000000,0.03389
1749266613,0.03494000,160.30000000,0.03389
1749266613,0.03499000,29965.90000000,0.03389
1749266613,0.03500000,45340.10000000,0.03389
1749266613,0.03510000,367.40000000,0.03389
1749266613,0.03517000,341.20000000,0.03389
1749266613,0.03520000,7837.70000000,0.03389
1749266613,0.03521000,159.00000000,0.03389
1749266613,0.03524000,461.10000000,0.03389
1749266613,0.03531000,985.80000000,0.03389
1749266613,0.03536000,565.40000000,0.03389
1749266613,0.03539000,459.00000000,0.03389
1749266613,0.03540000,282.40000000,0.03389
1749266613,0.03552000,281.40000000,0.03389
1749266613,0.03555000,281.20000000,0.03389
1749266613,0.03558000,425.00000000,0.03389
1749266613,0.03560000,832.40000000,0.03389
1749266613,0.03564000,280.50000000,0.03389
1749266613,0.03568000,2305.00000000,0.03389
1749266613,0.03570000,169.80000000,0.03389
1749266613,0.03580000,146.60000000,0.03389
1749266613,0.03585000,418.40000000,0.03389
1749266613,0.03594000,155.80000000,0.03389
1749266613,0.03599000,657.20000000,0.03389
1749266613,0.03600000,1000.00000000,0.03389
1749266613,0.03611000,893.00000000,0.03389
1749266613,0.03664000,425.00000000,0.03389
1749266613,0.03677000,166.50000000,0.03389
1749266613,0.03680000,5177.80000000,0.03389
1749266613,0.03685000,909.70000000,0.03389
1749266613,0.03700000,12839.70000000,0.03389
1749266613,0.03704000,151.20000000,0.03389
1749266613,0.03705000,141.70000000,0.03389
1749266613,0.03730000,2692.70000000,0.03389
1749266613,0.03733000,4245.00000000,0.03389
1749266613,0.03748000,595.50000000,0.03389
1749266613,0.03762000,161.00000000,0.03389
1749266613,0.03766000,166.00000000,0.03389
1749266613,0.03767000,162.40000000,0.03389
1749266613,0.03770000,425.00000000,0.03389
1749266613,0.03778000,2084.90000000,0.03389
1749266613,0.03780000,177.80000000,0.03389
1749266613,0.03787000,163.30000000,0.03389
1749266613,0.03800000,13370.60000000,0.03389
1749266613,0.03819000,29527.70000000,0.03389
1749266613,0.03825000,146.40000000,0.03389
1749266613,0.03830000,754.40000000,0.03389
1749266915,0.03389000,10928.00000000,0.03389
1749266915,0.03390000,28473.70000000,0.03389
1749266915,0.03391000,54753.40000000,0.03389
1749266915,0.03392000,69941.00000000,0.03389
1749266915,0.03393000,143649.10000000,0.03389
1749266915,0.03394000,203400.50000000,0.03389
1749266915,0.03395000,233118.90000000,0.03389
1749266915,0.03396000,150338.10000000,0.03389
1749266915,0.03397000,234299.00000000,0.03389
1749266915,0.03398000,45717.90000000,0.03389
1749266915,0.03399000,46344.90000000,0.03389
1749266915,0.03400000,12131.50000000,0.03389
1749266915,0.03401000,51838.10000000,0.03389
1749266915,0.03402000,12131.40000000,0.03389
1749266915,0.03403000,27411.90000000,0.03389
1749266915,0.03404000,36167.30000000,0.03389
1749266915,0.03405000,96519.40000000,0.03389
1749266915,0.03406000,11910.00000000,0.03389
1749266915,0.03407000,31065.40000000,0.03389
1749266915,0.03408000,21808.00000000,0.03389
1749266915,0.03409000,6972.60000000,0.03389
1749266915,0.03410000,45900.80000000,0.03389
1749266915,0.03411000,29127.00000000,0.03389
1749266915,0.03412000,21808.00000000,0.03389
1749266915,0.03413000,31065.80000000,0.03389
1749266915,0.03415000,22031.00000000,0.03389
1749266915,0.03416000,325006.40000000,0.03389
1749266915,0.03417000,59003.40000000,0.03389
1749266915,0.03418000,279555.60000000,0.03389
1749266915,0.03419000,291762.90000000,0.03389
1749266915,0.03420000,15058.00000000,0.03389
1749266915,0.03421000,24315.80000000,0.03389
1749266915,0.03423000,223.00000000,0.03389
1749266915,0.03425000,15281.00000000,0.03389
1749266915,0.03427000,1542.50000000,0.03389
1749266915,0.03429000,724.20000000,0.03389
1749266915,0.03431000,387.50000000,0.03389
1749266915,0.03433000,223.00000000,0.03389
1749266915,0.03435000,223.00000000,0.03389
1749266915,0.03437000,223.00000000,0.03389
1749266915,0.03438000,55908.90000000,0.03389
1749266915,0.03439000,223.00000000,0.03389
1749266915,0.03441000,223.00000000,0.03389
1749266915,0.03443000,1415.60000000,0.03389
1749266915,0.03444000,53279.20000000,0.03389
1749266915,0.03445000,223.00000000,0.03389
1749266915,0.03447000,385.30000000,0.03389
1749266915,0.03448000,69671.70000000,0.03389
1749266915,0.03450000,260.90000000,0.03389
1749266915,0.03451000,425.00000000,0.03389
1749266915,0.03466000,173.20000000,0.03389
1749266915,0.03469000,4636.00000000,0.03389
1749266915,0.03475000,30144.30000000,0.03389
1749266915,0.03484000,15874.00000000,0.03389
1749266915,0.03488000,100555.90000000,0.03389
1749266915,0.03494000,160.30000000,0.03389
1749266915,0.03499000,29965.90000000,0.03389
1749266915,0.03500000,45340.10000000,0.03389
1749266915,0.03510000,367.40000000,0.03389
1749266915,0.03517000,341.20000000,0.03389
1749266915,0.03520000,7837.70000000,0.03389
1749266915,0.03521000,159.00000000,0.03389
1749266915,0.03524000,461.10000000,0.03389
1749266915,0.03531000,985.80000000,0.03389
1749266915,0.03536000,565.40000000,0.03389
1749266915,0.03539000,459.00000000,0.03389
1749266915,0.03540000,282.40000000,0.03389
1749266915,0.03552000,281.40000000,0.03389
1749266915,0.03555000,281.20000000,0.03389
1749266915,0.03558000,425.00000000,0.03389
1749266915,0.03560000,832.40000000,0.03389
1749266915,0.03564000,280.50000000,0.03389
1749266915,0.03568000,2305.00000000,0.03389
1749266915,0.03570000,169.80000000,0.03389
1749266915,0.03580000,146.60000000,0.03389
1749266915,0.03585000,418.40000000,0.03389
1749266915,0.03594000,155.80000000,0.03389
1749266915,0.03599000,657.20000000,0.03389
1749266915,0.03600000,1000.00000000,0.03389
1749266915,0.03611000,893.00000000,0.03389
1749266915,0.03664000,425.00000000,0.03389
1749266915,0.03677000,166.50000000,0.03389
1749266915,0.03680000,5177.80000000,0.03389
1749266915,0.03685000,909.70000000,0.03389
1749266915,0.03700000,12839.70000000,0.03389
1749266915,0.03704000,151.20000000,0.03389
1749266915,0.03705000,141.70000000,0.03389
1749266915,0.03730000,2692.70000000,0.03389
1749266915,0.03733000,4245.00000000,0.03389
1749266915,0.03748000,595.50000000,0.03389
1749266915,0.03762000,161.00000000,0.03389
1749266915,0.03766000,166.00000000,0.03389
1749266915,0.03767000,162.40000000,0.03389
1749266915,0.03770000,425.00000000,0.03389
1749266915,0.03778000,2084.90000000,0.03389
1749266915,0.03780000,177.80000000,0.03389
1749266915,0.03787000,163.30000000,0.03389
1749266915,0.03800000,13370.60000000,0.03389
1749266915,0.03819000,29527.70000000,0.03389
1749266915,0.03825000,146.40000000,0.03389
1749267216,0.03390000,15381.00000000,0.0339
1749267216,0.03391000,47960.30000000,0.0339
1749267216,0.03392000,183297.10000000,0.0339
1749267216,0.03393000,260002.80000000,0.0339
1749267216,0.03394000,170081.80000000,0.0339
1749267216,0.03395000,243756.00000000,0.0339
1749267216,0.03396000,106693.00000000,0.0339
1749267216,0.03397000,169743.80000000,0.0339
1749267216,0.03398000,11158.90000000,0.0339
1749267216,0.03399000,46344.90000000,0.0339
1749267216,0.03400000,6971.50000000,0.0339
1749267216,0.03401000,66095.00000000,0.0339
1749267216,0.03402000,6971.40000000,0.0339
1749267216,0.03403000,22251.90000000,0.0339
1749267216,0.03404000,31007.30000000,0.0339
1749267216,0.03405000,82262.50000000,0.0339
1749267216,0.03406000,6750.00000000,0.0339
1749267216,0.03407000,31065.40000000,0.0339
1749267216,0.03408000,21808.00000000,0.0339
1749267216,0.03409000,6972.60000000,0.0339
1749267216,0.03410000,45900.80000000,0.0339
1749267216,0.03411000,29127.00000000,0.0339
1749267216,0.03412000,21808.00000000,0.0339
1749267216,0.03413000,33573.30000000,0.0339
1749267216,0.03415000,22031.00000000,0.0339
1749267216,0.03416000,30842.80000000,0.0339
1749267216,0.03417000,65753.40000000,0.0339
1749267216,0.03418000,279555.60000000,0.0339
1749267216,0.03419000,291762.90000000,0.0339
1749267216,0.03420000,330300.60000000,0.0339
1749267216,0.03421000,24315.80000000,0.0339
1749267216,0.03423000,223.00000000,0.0339
1749267216,0.03425000,15281.00000000,0.0339
1749267216,0.03427000,1542.50000000,0.0339
1749267216,0.03429000,724.20000000,0.0339
1749267216,0.03431000,387.50000000,0.0339
1749267216,0.03433000,223.00000000,0.0339
1749267216,0.03435000,223.00000000,0.0339
1749267216,0.03437000,223.00000000,0.0339
1749267216,0.03438000,55908.90000000,0.0339
1749267216,0.03439000,223.00000000,0.0339
1749267216,0.03441000,223.00000000,0.0339
1749267216,0.03443000,1415.60000000,0.0339
1749267216,0.03444000,53279.20000000,0.0339
1749267216,0.03445000,223.00000000,0.0339
1749267216,0.03447000,385.30000000,0.0339
1749267216,0.03448000,70346.50000000,0.0339
1749267216,0.03450000,260.90000000,0.0339
1749267216,0.03451000,425.00000000,0.0339
1749267216,0.03466000,173.20000000,0.0339
1749267216,0.03469000,4636.00000000,0.0339
1749267216,0.03475000,30144.30000000,0.0339
1749267216,0.03484000,15874.00000000,0.0339
1749267216,0.03488000,100555.90000000,0.0339
1749267216,0.03494000,160.30000000,0.0339
1749267216,0.03499000,29965.90000000,0.0339
1749267216,0.03500000,45340.10000000,0.0339
1749267216,0.03510000,367.40000000,0.0339
1749267216,0.03517000,341.20000000,0.0339
1749267216,0.03520000,7837.70000000,0.0339
1749267216,0.03521000,159.00000000,0.0339
1749267216,0.03524000,461.10000000,0.0339
1749267216,0.03531000,985.80000000,0.0339
1749267216,0.03536000,565.40000000,0.0339
1749267216,0.03539000,459.00000000,0.0339
1749267216,0.03540000,282.40000000,0.0339
1749267216,0.03552000,281.40000000,0.0339
1749267216,0.03555000,281.20000000,0.0339
1749267216,0.03558000,425.00000000,0.0339
1749267216,0.03560000,832.40000000,0.0339
1749267216,0.03564000,280.50000000,0.0339
1749267216,0.03568000,2305.00000000,0.0339
1749267216,0.03570000,169.80000000,0.0339
1749267216,0.03580000,146.60000000,0.0339
1749267216,0.03585000,418.40000000,0.0339
1749267216,0.03594000,155.80000000,0.0339
1749267216,0.03599000,657.20000000,0.0339
1749267216,0.03600000,1000.00000000,0.0339
1749267216,0.03611000,893.00000000,0.0339
1749267216,0.03664000,425.00000000,0.0339
1749267216,0.03677000,166.50000000,0.0339
1749267216,0.03680000,5177.80000000,0.0339
1749267216,0.03685000,909.70000000,0.0339
1749267216,0.03700000,12839.70000000,0.0339
1749267216,0.03704000,151.20000000,0.0339
1749267216,0.03705000,141.70000000,0.0339
1749267216,0.03730000,2692.70000000,0.0339
1749267216,0.03733000,4245.00000000,0.0339
1749267216,0.03748000,595.50000000,0.0339
1749267216,0.03762000,161.00000000,0.0339
1749267216,0.03766000,166.00000000,0.0339
1749267216,0.03767000,162.40000000,0.0339
1749267216,0.03770000,425.00000000,0.0339
1749267216,0.03778000,2084.90000000,0.0339
1749267216,0.03780000,177.80000000,0.0339
1749267216,0.03787000,163.30000000,0.0339
1749267216,0.03800000,13370.60000000,0.0339
1749267216,0.03819000,29527.70000000,0.0339
1749267216,0.03825000,146.40000000,0.0339
1749267216,0.03830000,754.40000000,0.0339
1749267518,0.03389000,11083.10000000,0.03388
1749267518,0.03390000,17318.80000000,0.03388
1749267518,0.03391000,11382.10000000,0.03388
1749267518,0.03392000,34369.00000000,0.03388
1749267518,0.03393000,102329.40000000,0.03388
1749267518,0.03394000,131670.30000000,0.03388
1749267518,0.03395000,172325.20000000,0.03388
1749267518,0.03396000,75885.40000000,0.03388
1749267518,0.03397000,141411.80000000,0.03388
1749267518,0.03398000,133604.90000000,0.03388
1749267518,0.03399000,46344.90000000,0.03388
1749267518,0.03400000,12133.00000000,0.03388
1749267518,0.03401000,66095.00000000,0.03388
1749267518,0.03402000,12132.90000000,0.03388
1749267518,0.03403000,27413.40000000,0.03388
1749267518,0.03404000,36168.80000000,0.03388
1749267518,0.03405000,82262.50000000,0.03388
1749267518,0.03406000,11911.50000000,0.03388
1749267518,0.03407000,36226.90000000,0.03388
1749267518,0.03408000,21808.00000000,0.03388
