timestamp,price,volume,current_price
1749260758,1.80500000,897.50000000,1.805
1749260758,1.80600000,4980.20000000,1.805
1749260758,1.80700000,5783.90000000,1.805
1749260758,1.80800000,3580.20000000,1.805
1749260758,1.80900000,770.60000000,1.805
1749260758,1.81000000,5884.10000000,1.805
1749260758,1.81100000,6752.50000000,1.805
1749260758,1.81200000,6735.40000000,1.805
1749260758,1.81300000,900.50000000,1.805
1749260758,1.81400000,718.10000000,1.805
1749260758,1.81500000,436.80000000,1.805
1749260758,1.81600000,1388.90000000,1.805
1749260758,1.81700000,422.40000000,1.805
1749260758,1.81800000,1567.10000000,1.805
1749260758,1.81900000,1095.20000000,1.805
1749260758,1.82000000,703.40000000,1.805
1749260758,1.82100000,328.20000000,1.805
1749260758,1.82200000,325.40000000,1.805
1749260758,1.82300000,370.40000000,1.805
1749260758,1.82400000,427.60000000,1.805
1749260758,1.82500000,456.30000000,1.805
1749260758,1.82600000,9.80000000,1.805
1749260758,1.82700000,12.60000000,1.805
1749260758,1.82800000,145.60000000,1.805
1749260758,1.82900000,9.80000000,1.805
1749260758,1.83000000,235.10000000,1.805
1749260758,1.83100000,1152.70000000,1.805
1749260758,1.83200000,12.60000000,1.805
1749260758,1.83300000,27.90000000,1.805
1749260758,1.83400000,9.80000000,1.805
1749260758,1.83500000,461.90000000,1.805
1749260758,1.83600000,9.80000000,1.805
1749260758,1.83700000,49.50000000,1.805
1749260758,1.83800000,8.40000000,1.805
1749260758,1.83900000,11.90000000,1.805
1749260758,1.84000000,105.60000000,1.805
1749260758,1.84100000,280.10000000,1.805
1749260758,1.84200000,502.90000000,1.805
1749260758,1.84300000,8.40000000,1.805
1749260758,1.84400000,5.60000000,1.805
1749260758,1.84500000,10.50000000,1.805
1749260758,1.84600000,11.10000000,1.805
1749260758,1.84700000,50.60000000,1.805
1749260758,1.84800000,480.10000000,1.805
1749260758,1.84900000,642.60000000,1.805
1749260758,1.85000000,115.30000000,1.805
1749260758,1.85100000,10.50000000,1.805
1749260758,1.85200000,81.10000000,1.805
1749260758,1.85300000,107.80000000,1.805
1749260758,1.85400000,8.40000000,1.805
1749260758,1.85500000,5.60000000,1.805
1749260758,1.85600000,378.60000000,1.805
1749260758,1.85700000,5.60000000,1.805
1749260758,1.85800000,10.20000000,1.805
1749260758,1.85900000,66.30000000,1.805
1749260758,1.86000000,251.80000000,1.805
1749260758,1.86100000,11.00000000,1.805
1749260758,1.86200000,5.60000000,1.805
1749260758,1.86300000,1198.50000000,1.805
1749260758,1.86400000,284.80000000,1.805
1749260758,1.86500000,11.90000000,1.805
1749260758,1.86600000,37.00000000,1.805
1749260758,1.86700000,209.90000000,1.805
1749260758,1.86800000,11.90000000,1.805
1749260758,1.86900000,43.70000000,1.805
1749260758,1.87000000,17770.40000000,1.805
1749260758,1.87100000,5.60000000,1.805
1749260758,1.87200000,50.60000000,1.805
1749260758,1.87300000,5.60000000,1.805
1749260758,1.87400000,5.60000000,1.805
1749260758,1.87500000,12.10000000,1.805
1749260758,1.87600000,210.40000000,1.805
1749260758,1.87700000,9.90000000,1.805
1749260758,1.87800000,8.70000000,1.805
1749260758,1.87900000,584.90000000,1.805
1749260758,1.88000000,137.50000000,1.805
1749260758,1.88100000,8.10000000,1.805
1749260758,1.88200000,4.50000000,1.805
1749260758,1.88300000,8.10000000,1.805
1749260758,1.88400000,1709.50000000,1.805
1749260758,1.88500000,8.80000000,1.805
1749260758,1.88600000,11.70000000,1.805
1749260758,1.88700000,9.20000000,1.805
1749260758,1.88800000,15.00000000,1.805
1749260758,1.89000000,120.00000000,1.805
1749260758,1.89200000,2.80000000,1.805
1749260758,1.89300000,6.10000000,1.805
1749260758,1.89600000,70.80000000,1.805
1749260758,1.89700000,6.30000000,1.805
1749260758,1.89800000,7.20000000,1.805
1749260758,1.89900000,52.60000000,1.805
1749260758,1.90000000,225.10000000,1.805
1749260758,1.90100000,139.40000000,1.805
1749260758,1.90300000,2.80000000,1.805
1749260758,1.90400000,149.90000000,1.805
1749260758,1.90600000,4.70000000,1.805
1749260758,1.90700000,337.70000000,1.805
1749260758,1.90900000,2.80000000,1.805
1749260758,1.91000000,110.00000000,1.805
1749260758,1.91400000,9.60000000,1.805
1749261079,1.81000000,478.40000000,1.809
1749261079,1.81100000,2017.50000000,1.809
1749261079,1.81200000,4193.00000000,1.809
1749261079,1.81300000,6628.70000000,1.809
1749261079,1.81400000,5609.90000000,1.809
1749261079,1.81500000,707.80000000,1.809
1749261079,1.81600000,991.10000000,1.809
1749261079,1.81700000,4550.00000000,1.809
1749261079,1.81800000,5165.40000000,1.809
1749261079,1.81900000,869.60000000,1.809
1749261079,1.82000000,1122.20000000,1.809
1749261079,1.82100000,1633.00000000,1.809
1749261079,1.82200000,598.40000000,1.809
1749261079,1.82300000,370.40000000,1.809
1749261079,1.82400000,1552.50000000,1.809
1749261079,1.82500000,688.00000000,1.809
1749261079,1.82600000,380.70000000,1.809
1749261079,1.82700000,161.10000000,1.809
1749261079,1.82800000,9.80000000,1.809
1749261079,1.82900000,9.80000000,1.809
1749261079,1.83000000,258.30000000,1.809
1749261079,1.83100000,20.00000000,1.809
1749261079,1.83200000,434.00000000,1.809
1749261079,1.83300000,163.70000000,1.809
1749261079,1.83400000,111.80000000,1.809
1749261079,1.83500000,14.70000000,1.809
1749261079,1.83600000,198.20000000,1.809
1749261079,1.83700000,928.40000000,1.809
1749261079,1.83800000,53.90000000,1.809
1749261079,1.83900000,11.90000000,1.809
1749261079,1.84000000,105.60000000,1.809
1749261079,1.84100000,452.80000000,1.809
1749261079,1.84200000,184.90000000,1.809
1749261079,1.84300000,8.40000000,1.809
1749261079,1.84400000,5.60000000,1.809
1749261079,1.84500000,10.50000000,1.809
1749261079,1.84600000,11.10000000,1.809
1749261079,1.84700000,412.20000000,1.809
1749261079,1.84800000,582.10000000,1.809
1749261079,1.84900000,61.10000000,1.809
1749261079,1.85000000,115.30000000,1.809
1749261079,1.85100000,10.50000000,1.809
1749261079,1.85200000,81.10000000,1.809
1749261079,1.85300000,5.60000000,1.809
1749261079,1.85400000,8.40000000,1.809
1749261079,1.85500000,587.10000000,1.809
1749261079,1.85600000,10.50000000,1.809
1749261079,1.85700000,5.60000000,1.809
1749261079,1.85800000,385.50000000,1.809
1749261079,1.85900000,66.30000000,1.809
1749261079,1.86000000,251.80000000,1.809
1749261079,1.86100000,11.00000000,1.809
1749261079,1.86200000,373.70000000,1.809
1749261079,1.86300000,1198.50000000,1.809
1749261079,1.86400000,284.80000000,1.809
1749261079,1.86500000,11.90000000,1.809
1749261079,1.86600000,37.00000000,1.809
1749261079,1.86700000,209.90000000,1.809
1749261079,1.86800000,11.90000000,1.809
1749261079,1.86900000,138.10000000,1.809
1749261079,1.87000000,17770.40000000,1.809
1749261079,1.87100000,5.60000000,1.809
1749261079,1.87200000,50.60000000,1.809
1749261079,1.87300000,5.60000000,1.809
1749261079,1.87400000,5.60000000,1.809
1749261079,1.87500000,12.10000000,1.809
1749261079,1.87600000,210.40000000,1.809
1749261079,1.87700000,9.90000000,1.809
1749261079,1.87800000,8.70000000,1.809
1749261079,1.87900000,17.70000000,1.809
1749261079,1.88000000,137.50000000,1.809
1749261079,1.88100000,13.70000000,1.809
1749261079,1.88200000,10.10000000,1.809
1749261079,1.88300000,13.70000000,1.809
1749261079,1.88400000,1715.10000000,1.809
1749261079,1.88500000,581.60000000,1.809
1749261079,1.88600000,11.70000000,1.809
1749261079,1.88700000,9.20000000,1.809
1749261079,1.88800000,15.00000000,1.809
1749261079,1.89000000,120.00000000,1.809
1749261079,1.89200000,2.80000000,1.809
1749261079,1.89300000,6.10000000,1.809
1749261079,1.89600000,70.80000000,1.809
1749261079,1.89700000,6.30000000,1.809
1749261079,1.89800000,7.20000000,1.809
1749261079,1.89900000,52.60000000,1.809
1749261079,1.90000000,225.10000000,1.809
1749261079,1.90100000,139.40000000,1.809
1749261079,1.90300000,2.80000000,1.809
1749261079,1.90400000,149.90000000,1.809
1749261079,1.90600000,4.70000000,1.809
1749261079,1.90700000,337.70000000,1.809
1749261079,1.90900000,2.80000000,1.809
1749261079,1.91000000,110.00000000,1.809
1749261079,1.91400000,9.60000000,1.809
1749261079,1.91500000,4.40000000,1.809
1749261079,1.91600000,4.70000000,1.809
1749261079,1.91900000,1150.00000000,1.809
1749261079,1.92000000,113.60000000,1.809
1749261079,1.92100000,45.00000000,1.809
1749261393,1.81000000,1206.50000000,1.809
1749261393,1.81100000,2645.80000000,1.809
1749261393,1.81200000,6736.10000000,1.809
1749261393,1.81300000,6703.60000000,1.809
1749261393,1.81400000,3486.70000000,1.809
1749261393,1.81500000,3608.90000000,1.809
1749261393,1.81600000,4407.90000000,1.809
1749261393,1.81700000,1162.70000000,1.809
1749261393,1.81800000,1851.50000000,1.809
1749261393,1.81900000,5179.70000000,1.809
1749261393,1.82000000,1104.80000000,1.809
1749261393,1.82100000,845.80000000,1.809
1749261393,1.82200000,689.80000000,1.809
1749261393,1.82300000,374.60000000,1.809
1749261393,1.82400000,1330.80000000,1.809
1749261393,1.82500000,427.30000000,1.809
1749261393,1.82600000,232.20000000,1.809
1749261393,1.82700000,453.40000000,1.809
1749261393,1.82800000,9.80000000,1.809
1749261393,1.82900000,111.80000000,1.809
1749261393,1.83000000,109.80000000,1.809
1749261393,1.83100000,20.00000000,1.809
1749261393,1.83200000,12.60000000,1.809
1749261393,1.83300000,209.20000000,1.809
1749261393,1.83400000,111.80000000,1.809
1749261393,1.83500000,14.70000000,1.809
1749261393,1.83600000,198.20000000,1.809
1749261393,1.83700000,654.90000000,1.809
1749261393,1.83800000,282.10000000,1.809
1749261393,1.83900000,11.90000000,1.809
1749261393,1.84000000,393.60000000,1.809
1749261393,1.84100000,452.80000000,1.809
1749261393,1.84200000,83.00000000,1.809
1749261393,1.84300000,8.40000000,1.809
1749261393,1.84400000,5.60000000,1.809
1749261393,1.84500000,284.10000000,1.809
1749261393,1.84600000,11.10000000,1.809
1749261393,1.84700000,412.20000000,1.809
1749261393,1.84800000,308.00000000,1.809
1749261393,1.84900000,61.10000000,1.809
1749261393,1.85000000,115.30000000,1.809
1749261393,1.85100000,10.50000000,1.809
1749261393,1.85200000,5.60000000,1.809
1749261393,1.85300000,5.60000000,1.809
1749261393,1.85400000,8.40000000,1.809
1749261393,1.85500000,587.10000000,1.809
1749261393,1.85600000,10.50000000,1.809
1749261393,1.85700000,5.60000000,1.809
1749261393,1.85800000,385.60000000,1.809
1749261393,1.85900000,66.30000000,1.809
1749261393,1.86000000,251.80000000,1.809
1749261393,1.86100000,86.10000000,1.809
1749261393,1.86200000,373.70000000,1.809
1749261393,1.86300000,1198.50000000,1.809
1749261393,1.86400000,284.80000000,1.809
1749261393,1.86500000,11.90000000,1.809
1749261393,1.86600000,37.00000000,1.809
1749261393,1.86700000,209.90000000,1.809
1749261393,1.86800000,11.90000000,1.809
1749261393,1.86900000,138.10000000,1.809
1749261393,1.87000000,17770.40000000,1.809
1749261393,1.87100000,5.60000000,1.809
1749261393,1.87200000,50.60000000,1.809
1749261393,1.87300000,5.60000000,1.809
1749261393,1.87400000,5.60000000,1.809
1749261393,1.87500000,12.10000000,1.809
1749261393,1.87600000,210.40000000,1.809
1749261393,1.87700000,9.90000000,1.809
1749261393,1.87800000,8.70000000,1.809
1749261393,1.87900000,17.70000000,1.809
1749261393,1.88000000,137.50000000,1.809
1749261393,1.88100000,13.70000000,1.809
1749261393,1.88200000,10.10000000,1.809
1749261393,1.88300000,13.70000000,1.809
1749261393,1.88400000,1715.10000000,1.809
1749261393,1.88500000,581.60000000,1.809
1749261393,1.88600000,11.70000000,1.809
1749261393,1.88700000,9.20000000,1.809
1749261393,1.88800000,15.00000000,1.809
1749261393,1.89000000,120.00000000,1.809
1749261393,1.89200000,2.80000000,1.809
1749261393,1.89300000,6.10000000,1.809
1749261393,1.89600000,70.80000000,1.809
1749261393,1.89700000,6.30000000,1.809
1749261393,1.89800000,7.20000000,1.809
1749261393,1.89900000,52.60000000,1.809
1749261393,1.90000000,225.10000000,1.809
1749261393,1.90100000,139.40000000,1.809
1749261393,1.90300000,2.80000000,1.809
1749261393,1.90400000,149.90000000,1.809
1749261393,1.90600000,4.70000000,1.809
1749261393,1.90700000,337.70000000,1.809
1749261393,1.90900000,2.80000000,1.809
1749261393,1.91000000,110.00000000,1.809
1749261393,1.91400000,9.60000000,1.809
1749261393,1.91500000,4.40000000,1.809
1749261393,1.91600000,4.70000000,1.809
1749261393,1.91900000,1150.00000000,1.809
1749261393,1.92000000,113.60000000,1.809
1749261393,1.92100000,45.00000000,1.809
1749261700,1.80800000,425.00000000,1.808
1749261700,1.80900000,1654.20000000,1.808
1749261700,1.81000000,5128.20000000,1.808
1749261700,1.81100000,5724.50000000,1.808
1749261700,1.81200000,5246.70000000,1.808
1749261700,1.81300000,4603.90000000,1.808
1749261700,1.81400000,683.70000000,1.808
1749261700,1.81500000,643.40000000,1.808
1749261700,1.81600000,4437.30000000,1.808
1749261700,1.81700000,1093.40000000,1.808
1749261700,1.81800000,1580.80000000,1.808
1749261700,1.81900000,5179.70000000,1.808
1749261700,1.82000000,1104.80000000,1.808
1749261700,1.82100000,845.80000000,1.808
1749261700,1.82200000,688.40000000,1.808
1749261700,1.82300000,374.60000000,1.808
1749261700,1.82400000,1182.30000000,1.808
1749261700,1.82500000,278.80000000,1.808
1749261700,1.82600000,232.20000000,1.808
1749261700,1.82700000,453.40000000,1.808
1749261700,1.82800000,9.80000000,1.808
1749261700,1.82900000,111.70000000,1.808
1749261700,1.83000000,109.80000000,1.808
1749261700,1.83100000,20.00000000,1.808
1749261700,1.83200000,12.60000000,1.808
1749261700,1.83300000,209.20000000,1.808
1749261700,1.83400000,9.80000000,1.808
1749261700,1.83500000,19994.80000000,1.808
1749261700,1.83600000,198.20000000,1.808
1749261700,1.83700000,654.90000000,1.808
1749261700,1.83800000,282.10000000,1.808
1749261700,1.83900000,11.90000000,1.808
1749261700,1.84000000,393.60000000,1.808
1749261700,1.84100000,554.70000000,1.808
1749261700,1.84200000,83.00000000,1.808
1749261700,1.84300000,8.40000000,1.808
1749261700,1.84400000,5.60000000,1.808
1749261700,1.84500000,284.10000000,1.808
1749261700,1.84600000,11.10000000,1.808
1749261700,1.84700000,412.20000000,1.808
1749261700,1.84800000,308.00000000,1.808
1749261700,1.84900000,61.10000000,1.808
1749261700,1.85000000,388.60000000,1.808
1749261700,1.85100000,10.50000000,1.808
1749261700,1.85200000,5.60000000,1.808
1749261700,1.85300000,5.60000000,1.808
1749261700,1.85400000,8.40000000,1.808
1749261700,1.85500000,587.10000000,1.808
1749261700,1.85600000,10.50000000,1.808
1749261700,1.85700000,107.60000000,1.808
1749261700,1.85800000,10.20000000,1.808
1749261700,1.85900000,66.30000000,1.808
1749261700,1.86000000,251.80000000,1.808
1749261700,1.86100000,86.10000000,1.808
1749261700,1.86200000,373.70000000,1.808
1749261700,1.86300000,1198.50000000,1.808
1749261700,1.86400000,284.80000000,1.808
1749261700,1.86500000,11.90000000,1.808
1749261700,1.86600000,37.00000000,1.808
1749261700,1.86700000,209.90000000,1.808
1749261700,1.86800000,11.90000000,1.808
1749261700,1.86900000,138.10000000,1.808
1749261700,1.87000000,17770.40000000,1.808
1749261700,1.87100000,5.60000000,1.808
1749261700,1.87200000,50.60000000,1.808
1749261700,1.87300000,5.60000000,1.808
1749261700,1.87400000,5.60000000,1.808
1749261700,1.87500000,12.10000000,1.808
1749261700,1.87600000,210.40000000,1.808
1749261700,1.87700000,9.90000000,1.808
1749261700,1.87800000,8.70000000,1.808
1749261700,1.87900000,17.70000000,1.808
1749261700,1.88000000,137.50000000,1.808
1749261700,1.88100000,13.70000000,1.808
1749261700,1.88200000,10.10000000,1.808
1749261700,1.88300000,13.70000000,1.808
1749261700,1.88400000,1709.50000000,1.808
1749261700,1.88500000,576.00000000,1.808
1749261700,1.88600000,11.70000000,1.808
1749261700,1.88700000,9.20000000,1.808
1749261700,1.88800000,15.00000000,1.808
1749261700,1.89000000,120.00000000,1.808
1749261700,1.89200000,2.80000000,1.808
1749261700,1.89300000,6.10000000,1.808
1749261700,1.89600000,70.80000000,1.808
1749261700,1.89700000,6.30000000,1.808
1749261700,1.89800000,7.20000000,1.808
1749261700,1.89900000,52.60000000,1.808
1749261700,1.90000000,225.10000000,1.808
1749261700,1.90100000,139.40000000,1.808
1749261700,1.90300000,2.80000000,1.808
1749261700,1.90400000,149.90000000,1.808
1749261700,1.90600000,4.70000000,1.808
1749261700,1.90700000,337.70000000,1.808
1749261700,1.90900000,2.80000000,1.808
1749261700,1.91000000,110.00000000,1.808
1749261700,1.91400000,9.60000000,1.808
1749261700,1.91500000,4.40000000,1.808
1749261700,1.91600000,4.70000000,1.808
1749261700,1.91900000,1150.00000000,1.808
1749262007,1.80900000,8.30000000,1.809
1749262007,1.81000000,2379.10000000,1.809
1749262007,1.81100000,4875.20000000,1.809
1749262007,1.81200000,8639.50000000,1.809
1749262007,1.81300000,5806.40000000,1.809
1749262007,1.81400000,1109.50000000,1.809
1749262007,1.81500000,896.30000000,1.809
1749262007,1.81600000,4166.60000000,1.809
1749262007,1.81700000,889.60000000,1.809
1749262007,1.81800000,1635.90000000,1.809
1749262007,1.81900000,5179.70000000,1.809
1749262007,1.82000000,831.20000000,1.809
1749262007,1.82100000,845.80000000,1.809
1749262007,1.82200000,539.90000000,1.809
1749262007,1.82300000,499.40000000,1.809
1749262007,1.82400000,1182.30000000,1.809
1749262007,1.82500000,278.80000000,1.809
1749262007,1.82600000,232.20000000,1.809
1749262007,1.82700000,453.40000000,1.809
1749262007,1.82800000,9.80000000,1.809
1749262007,1.82900000,9.80000000,1.809
1749262007,1.83000000,109.80000000,1.809
1749262007,1.83100000,121.90000000,1.809
1749262007,1.83200000,12.60000000,1.809
1749262007,1.83300000,209.20000000,1.809
1749262007,1.83400000,9.80000000,1.809
1749262007,1.83500000,14.70000000,1.809
1749262007,1.83600000,300.30000000,1.809
1749262007,1.83700000,654.90000000,1.809
1749262007,1.83800000,282.10000000,1.809
1749262007,1.83900000,11.90000000,1.809
1749262007,1.84000000,393.60000000,1.809
1749262007,1.84100000,452.80000000,1.809
1749262007,1.84200000,83.00000000,1.809
1749262007,1.84300000,8.40000000,1.809
1749262007,1.84400000,5.60000000,1.809
1749262007,1.84500000,10.50000000,1.809
1749262007,1.84600000,11.10000000,1.809
1749262007,1.84700000,412.20000000,1.809
1749262007,1.84800000,308.00000000,1.809
1749262007,1.84900000,61.10000000,1.809
1749262007,1.85000000,388.60000000,1.809
1749262007,1.85100000,10.50000000,1.809
1749262007,1.85200000,5.60000000,1.809
1749262007,1.85300000,5.60000000,1.809
1749262007,1.85400000,8.40000000,1.809
1749262007,1.85500000,689.10000000,1.809
1749262007,1.85600000,10.50000000,1.809
1749262007,1.85700000,5.60000000,1.809
1749262007,1.85800000,283.50000000,1.809
1749262007,1.85900000,66.30000000,1.809
1749262007,1.86000000,251.80000000,1.809
1749262007,1.86100000,86.10000000,1.809
1749262007,1.86200000,373.70000000,1.809
1749262007,1.86300000,1198.50000000,1.809
1749262007,1.86400000,284.80000000,1.809
1749262007,1.86500000,11.90000000,1.809
1749262007,1.86600000,37.00000000,1.809
1749262007,1.86700000,209.90000000,1.809
1749262007,1.86800000,11.90000000,1.809
1749262007,1.86900000,138.10000000,1.809
1749262007,1.87000000,17770.40000000,1.809
1749262007,1.87100000,5.60000000,1.809
1749262007,1.87200000,50.60000000,1.809
1749262007,1.87300000,5.60000000,1.809
1749262007,1.87400000,5.60000000,1.809
1749262007,1.87500000,12.10000000,1.809
1749262007,1.87600000,210.40000000,1.809
1749262007,1.87700000,9.90000000,1.809
1749262007,1.87800000,8.70000000,1.809
1749262007,1.87900000,17.70000000,1.809
1749262007,1.88000000,137.50000000,1.809
1749262007,1.88100000,13.70000000,1.809
1749262007,1.88200000,10.10000000,1.809
1749262007,1.88300000,13.70000000,1.809
1749262007,1.88400000,1715.10000000,1.809
1749262007,1.88500000,576.00000000,1.809
1749262007,1.88600000,11.70000000,1.809
1749262007,1.88700000,9.20000000,1.809
1749262007,1.88800000,15.00000000,1.809
1749262007,1.89000000,120.00000000,1.809
1749262007,1.89200000,2.80000000,1.809
1749262007,1.89300000,6.10000000,1.809
1749262007,1.89600000,70.80000000,1.809
1749262007,1.89700000,6.30000000,1.809
1749262007,1.89800000,7.20000000,1.809
1749262007,1.89900000,52.60000000,1.809
1749262007,1.90000000,225.10000000,1.809
1749262007,1.90100000,139.40000000,1.809
1749262007,1.90300000,2.80000000,1.809
1749262007,1.90400000,149.90000000,1.809
1749262007,1.90600000,4.70000000,1.809
1749262007,1.90700000,337.70000000,1.809
1749262007,1.90900000,2.80000000,1.809
1749262007,1.91000000,110.00000000,1.809
1749262007,1.91400000,9.60000000,1.809
1749262007,1.91500000,4.40000000,1.809
1749262007,1.91600000,4.70000000,1.809
1749262007,1.91900000,1150.00000000,1.809
1749262007,1.92000000,113.60000000,1.809
1749262309,1.81700000,172.20000000,1.817
1749262309,1.81800000,2980.70000000,1.817
1749262309,1.81900000,7598.30000000,1.817
1749262309,1.82000000,4105.90000000,1.817
1749262309,1.82100000,2514.00000000,1.817
1749262309,1.82200000,1544.70000000,1.817
1749262309,1.82300000,3760.60000000,1.817
1749262309,1.82400000,5015.70000000,1.817
1749262309,1.82500000,791.20000000,1.817
1749262309,1.82600000,1861.00000000,1.817
1749262309,1.82700000,5087.40000000,1.817
1749262309,1.82800000,162.50000000,1.817
1749262309,1.82900000,828.10000000,1.817
1749262309,1.83000000,454.90000000,1.817
1749262309,1.83100000,864.30000000,1.817
1749262309,1.83200000,12.60000000,1.817
1749262309,1.83300000,273.40000000,1.817
1749262309,1.83400000,9.80000000,1.817
1749262309,1.83500000,385.60000000,1.817
1749262309,1.83600000,9.80000000,1.817
1749262309,1.83700000,158.30000000,1.817
1749262309,1.83800000,296.90000000,1.817
1749262309,1.83900000,16.10000000,1.817
1749262309,1.84000000,767.20000000,1.817
1749262309,1.84100000,296.30000000,1.817
1749262309,1.84200000,60.80000000,1.817
1749262309,1.84300000,53.90000000,1.817
1749262309,1.84400000,5.60000000,1.817
1749262309,1.84500000,283.70000000,1.817
1749262309,1.84600000,356.00000000,1.817
1749262309,1.84700000,50.60000000,1.817
1749262309,1.84800000,308.00000000,1.817
1749262309,1.84900000,709.70000000,1.817
1749262309,1.85000000,115.30000000,1.817
1749262309,1.85100000,10.50000000,1.817
1749262309,1.85200000,27.30000000,1.817
1749262309,1.85300000,107.20000000,1.817
1749262309,1.85400000,30.60000000,1.817
1749262309,1.85500000,278.60000000,1.817
1749262309,1.85600000,10.50000000,1.817
1749262309,1.85700000,345.50000000,1.817
1749262309,1.85800000,10.20000000,1.817
1749262309,1.85900000,66.30000000,1.817
1749262309,1.86000000,251.80000000,1.817
1749262309,1.86100000,667.60000000,1.817
1749262309,1.86200000,5.60000000,1.817
1749262309,1.86300000,5.60000000,1.817
1749262309,1.86400000,284.80000000,1.817
1749262309,1.86500000,284.60000000,1.817
1749262309,1.86600000,37.00000000,1.817
1749262309,1.86700000,578.00000000,1.817
1749262309,1.86800000,11.90000000,1.817
1749262309,1.86900000,239.60000000,1.817
1749262309,1.87000000,17770.40000000,1.817
1749262309,1.87100000,5.60000000,1.817
1749262309,1.87200000,50.60000000,1.817
1749262309,1.87300000,5.60000000,1.817
1749262309,1.87400000,5.60000000,1.817
1749262309,1.87500000,1200.60000000,1.817
1749262309,1.87600000,210.40000000,1.817
1749262309,1.87700000,9.90000000,1.817
1749262309,1.87800000,8.70000000,1.817
1749262309,1.87900000,17.70000000,1.817
1749262309,1.88000000,137.50000000,1.817
1749262309,1.88100000,13.70000000,1.817
1749262309,1.88200000,10.10000000,1.817
1749262309,1.88300000,13.70000000,1.817
1749262309,1.88400000,1715.10000000,1.817
1749262309,1.88500000,581.60000000,1.817
1749262309,1.88600000,17.30000000,1.817
1749262309,1.88700000,14.80000000,1.817
1749262309,1.88800000,20.60000000,1.817
1749262309,1.88900000,5.60000000,1.817
1749262309,1.89000000,125.60000000,1.817
1749262309,1.89100000,5.60000000,1.817
1749262309,1.89200000,8.40000000,1.817
1749262309,1.89300000,6.10000000,1.817
1749262309,1.89600000,70.80000000,1.817
1749262309,1.89700000,6.30000000,1.817
1749262309,1.89800000,7.20000000,1.817
1749262309,1.89900000,52.60000000,1.817
1749262309,1.90000000,225.10000000,1.817
1749262309,1.90100000,139.40000000,1.817
1749262309,1.90300000,2.80000000,1.817
1749262309,1.90400000,149.90000000,1.817
1749262309,1.90600000,4.70000000,1.817
1749262309,1.90700000,337.70000000,1.817
1749262309,1.90900000,2.80000000,1.817
1749262309,1.91000000,110.00000000,1.817
1749262309,1.91400000,9.60000000,1.817
1749262309,1.91500000,4.40000000,1.817
1749262309,1.91600000,4.70000000,1.817
1749262309,1.91900000,1150.00000000,1.817
1749262309,1.92000000,113.60000000,1.817
1749262309,1.92100000,45.00000000,1.817
1749262309,1.92500000,39.60000000,1.817
1749262309,1.92600000,9.40000000,1.817
1749262309,1.92700000,306.90000000,1.817
1749262309,1.92800000,7145.30000000,1.817
1749262309,1.92900000,106.90000000,1.817
1749262610,1.82000000,404.40000000,1.82
1749262610,1.82100000,2155.00000000,1.82
1749262610,1.82200000,6180.80000000,1.82
1749262610,1.82300000,5144.50000000,1.82
1749262610,1.82400000,5218.30000000,1.82
1749262610,1.82500000,3404.70000000,1.82
1749262610,1.82600000,4883.90000000,1.82
1749262610,1.82700000,5422.90000000,1.82
1749262610,1.82800000,458.60000000,1.82
1749262610,1.82900000,1745.90000000,1.82
1749262610,1.83000000,581.30000000,1.82
1749262610,1.83100000,821.40000000,1.82
1749262610,1.83200000,332.40000000,1.82
1749262610,1.83300000,711.20000000,1.82
1749262610,1.83400000,1081.30000000,1.82
1749262610,1.83500000,552.70000000,1.82
1749262610,1.83600000,9.80000000,1.82
1749262610,1.83700000,158.30000000,1.82
1749262610,1.83800000,161.10000000,1.82
1749262610,1.83900000,16.10000000,1.82
1749262610,1.84000000,919.90000000,1.82
1749262610,1.84100000,9.80000000,1.82
1749262610,1.84200000,213.50000000,1.82
1749262610,1.84300000,144.20000000,1.82
1749262610,1.84400000,5.60000000,1.82
1749262610,1.84500000,283.70000000,1.82
1749262610,1.84600000,301.80000000,1.82
1749262610,1.84700000,50.60000000,1.82
1749262610,1.84800000,353.50000000,1.82
1749262610,1.84900000,709.70000000,1.82
1749262610,1.85000000,115.30000000,1.82
1749262610,1.85100000,355.40000000,1.82
1749262610,1.85200000,5.60000000,1.82
1749262610,1.85300000,107.20000000,1.82
1749262610,1.85400000,30.60000000,1.82
1749262610,1.85500000,278.60000000,1.82
1749262610,1.85600000,10.50000000,1.82
1749262610,1.85700000,367.20000000,1.82
1749262610,1.85800000,10.20000000,1.82
1749262610,1.85900000,66.30000000,1.82
1749262610,1.86000000,251.80000000,1.82
1749262610,1.86100000,592.50000000,1.82
1749262610,1.86200000,5.60000000,1.82
1749262610,1.86300000,5.60000000,1.82
1749262610,1.86400000,284.80000000,1.82
1749262610,1.86500000,284.60000000,1.82
1749262610,1.86600000,37.00000000,1.82
1749262610,1.86700000,209.90000000,1.82
1749262610,1.86800000,11.90000000,1.82
1749262610,1.86900000,201.50000000,1.82
1749262610,1.87000000,17845.20000000,1.82
1749262610,1.87100000,5.60000000,1.82
1749262610,1.87200000,418.70000000,1.82
1749262610,1.87300000,5.60000000,1.82
1749262610,1.87400000,5.60000000,1.82
1749262610,1.87500000,1200.60000000,1.82
1749262610,1.87600000,210.40000000,1.82
1749262610,1.87700000,9.90000000,1.82
1749262610,1.87800000,8.70000000,1.82
1749262610,1.87900000,17.70000000,1.82
1749262610,1.88000000,137.50000000,1.82
1749262610,1.88100000,13.70000000,1.82
1749262610,1.88200000,10.10000000,1.82
1749262610,1.88300000,13.70000000,1.82
1749262610,1.88400000,1715.10000000,1.82
1749262610,1.88500000,14.40000000,1.82
1749262610,1.88600000,17.30000000,1.82
1749262610,1.88700000,14.80000000,1.82
1749262610,1.88800000,20.60000000,1.82
1749262610,1.88900000,5.60000000,1.82
1749262610,1.89000000,692.80000000,1.82
1749262610,1.89100000,5.60000000,1.82
1749262610,1.89200000,8.40000000,1.82
1749262610,1.89300000,11.70000000,1.82
1749262610,1.89400000,5.60000000,1.82
1749262610,1.89500000,5.60000000,1.82
1749262610,1.89600000,70.80000000,1.82
1749262610,1.89700000,6.30000000,1.82
1749262610,1.89800000,7.20000000,1.82
1749262610,1.89900000,52.60000000,1.82
1749262610,1.90000000,225.10000000,1.82
1749262610,1.90100000,141.80000000,1.82
1749262610,1.90300000,2.80000000,1.82
1749262610,1.90400000,147.80000000,1.82
1749262610,1.90500000,141.40000000,1.82
1749262610,1.90600000,4.70000000,1.82
1749262610,1.90700000,197.20000000,1.82
1749262610,1.90900000,2.80000000,1.82
1749262610,1.91000000,110.00000000,1.82
1749262610,1.91400000,9.60000000,1.82
1749262610,1.91500000,4.40000000,1.82
1749262610,1.91600000,4.70000000,1.82
1749262610,1.91900000,1150.00000000,1.82
1749262610,1.92000000,113.60000000,1.82
1749262610,1.92100000,45.00000000,1.82
1749262610,1.92500000,39.60000000,1.82
1749262610,1.92600000,9.40000000,1.82
1749262610,1.92700000,345.00000000,1.82
1749262610,1.92800000,7145.30000000,1.82
1749262610,1.92900000,106.90000000,1.82
1749262912,1.81700000,275.70000000,1.816
1749262912,1.81800000,1452.90000000,1.816
1749262912,1.81900000,4626.30000000,1.816
1749262912,1.82000000,6349.30000000,1.816
1749262912,1.82100000,4476.10000000,1.816
1749262912,1.82200000,1841.60000000,1.816
1749262912,1.82300000,3351.60000000,1.816
1749262912,1.82400000,4116.70000000,1.816
1749262912,1.82500000,619.70000000,1.816
1749262912,1.82600000,1029.00000000,1.816
1749262912,1.82700000,4900.90000000,1.816
1749262912,1.82800000,1220.40000000,1.816
1749262912,1.82900000,938.20000000,1.816
1749262912,1.83000000,731.80000000,1.816
1749262912,1.83100000,598.80000000,1.816
1749262912,1.83200000,996.80000000,1.816
1749262912,1.83300000,440.50000000,1.816
1749262912,1.83400000,325.40000000,1.816
1749262912,1.83500000,552.70000000,1.816
1749262912,1.83600000,158.30000000,1.816
1749262912,1.83700000,532.60000000,1.816
1749262912,1.83800000,12.60000000,1.816
1749262912,1.83900000,164.60000000,1.816
1749262912,1.84000000,546.30000000,1.816
1749262912,1.84100000,346.70000000,1.816
1749262912,1.84200000,65.00000000,1.816
1749262912,1.84300000,189.70000000,1.816
1749262912,1.84400000,278.30000000,1.816
1749262912,1.84500000,112.10000000,1.816
1749262912,1.84600000,458.30000000,1.816
1749262912,1.84700000,50.60000000,1.816
1749262912,1.84800000,206.00000000,1.816
1749262912,1.84900000,709.70000000,1.816
1749262912,1.85000000,115.30000000,1.816
1749262912,1.85100000,10.50000000,1.816
1749262912,1.85200000,27.30000000,1.816
1749262912,1.85300000,5.60000000,1.816
1749262912,1.85400000,30.60000000,1.816
1749262912,1.85500000,5.60000000,1.816
1749262912,1.85600000,112.10000000,1.816
1749262912,1.85700000,345.50000000,1.816
1749262912,1.85800000,10.20000000,1.816
1749262912,1.85900000,339.00000000,1.816
1749262912,1.86000000,251.80000000,1.816
1749262912,1.86100000,592.50000000,1.816
1749262912,1.86200000,5.60000000,1.816
1749262912,1.86300000,107.20000000,1.816
1749262912,1.86400000,284.80000000,1.816
1749262912,1.86500000,11.90000000,1.816
1749262912,1.86600000,37.00000000,1.816
1749262912,1.86700000,851.00000000,1.816
1749262912,1.86800000,11.90000000,1.816
1749262912,1.86900000,5.60000000,1.816
1749262912,1.87000000,17845.20000000,1.816
1749262912,1.87100000,5.60000000,1.816
1749262912,1.87200000,50.60000000,1.816
1749262912,1.87300000,5.60000000,1.816
1749262912,1.87400000,5.60000000,1.816
1749262912,1.87500000,1200.60000000,1.816
1749262912,1.87600000,210.40000000,1.816
1749262912,1.87700000,9.90000000,1.816
1749262912,1.87800000,8.70000000,1.816
1749262912,1.87900000,17.70000000,1.816
1749262912,1.88000000,137.50000000,1.816
1749262912,1.88100000,13.70000000,1.816
1749262912,1.88200000,10.10000000,1.816
1749262912,1.88300000,13.70000000,1.816
1749262912,1.88400000,1715.10000000,1.816
1749262912,1.88500000,14.40000000,1.816
1749262912,1.88600000,17.30000000,1.816
1749262912,1.88700000,14.80000000,1.816
1749262912,1.88800000,20.60000000,1.816
1749262912,1.88900000,5.60000000,1.816
1749262912,1.89000000,692.80000000,1.816
1749262912,1.89100000,5.60000000,1.816
1749262912,1.89200000,8.40000000,1.816
1749262912,1.89300000,6.10000000,1.816
1749262912,1.89600000,70.80000000,1.816
1749262912,1.89700000,6.30000000,1.816
1749262912,1.89800000,7.20000000,1.816
1749262912,1.89900000,52.60000000,1.816
1749262912,1.90000000,225.10000000,1.816
1749262912,1.90100000,139.00000000,1.816
1749262912,1.90300000,2.80000000,1.816
1749262912,1.90400000,147.80000000,1.816
1749262912,1.90500000,141.40000000,1.816
1749262912,1.90600000,4.70000000,1.816
1749262912,1.90700000,197.20000000,1.816
1749262912,1.90900000,2.80000000,1.816
1749262912,1.91000000,110.00000000,1.816
1749262912,1.91400000,9.60000000,1.816
1749262912,1.91500000,4.40000000,1.816
1749262912,1.91600000,4.70000000,1.816
1749262912,1.91900000,1150.00000000,1.816
1749262912,1.92000000,113.60000000,1.816
1749262912,1.92100000,45.00000000,1.816
1749262912,1.92500000,39.60000000,1.816
1749262912,1.92600000,9.40000000,1.816
1749262912,1.92700000,439.40000000,1.816
1749262912,1.92800000,7145.30000000,1.816
1749263214,1.82200000,725.30000000,1.822
1749263214,1.82300000,3979.90000000,1.822
1749263214,1.82400000,7304.80000000,1.822
1749263214,1.82500000,4892.30000000,1.822
1749263214,1.82600000,4152.50000000,1.822
1749263214,1.82700000,3746.40000000,1.822
1749263214,1.82800000,1230.10000000,1.822
1749263214,1.82900000,958.70000000,1.822
1749263214,1.83000000,5036.20000000,1.822
1749263214,1.83100000,5301.10000000,1.822
1749263214,1.83200000,535.00000000,1.822
1749263214,1.83300000,546.10000000,1.822
1749263214,1.83400000,600.30000000,1.822
1749263214,1.83500000,749.30000000,1.822
1749263214,1.83600000,430.20000000,1.822
1749263214,1.83700000,1081.00000000,1.822
1749263214,1.83800000,12.60000000,1.822
1749263214,1.83900000,164.60000000,1.822
1749263214,1.84000000,546.30000000,1.822
1749263214,1.84100000,430.30000000,1.822
1749263214,1.84200000,213.50000000,1.822
1749263214,1.84300000,296.90000000,1.822
1749263214,1.84400000,259.80000000,1.822
1749263214,1.84500000,159.00000000,1.822
1749263214,1.84600000,573.70000000,1.822
1749263214,1.84700000,50.60000000,1.822
1749263214,1.84800000,228.40000000,1.822
1749263214,1.84900000,834.20000000,1.822
1749263214,1.85000000,115.30000000,1.822
1749263214,1.85100000,355.40000000,1.822
1749263214,1.85200000,5.60000000,1.822
1749263214,1.85300000,5.60000000,1.822
1749263214,1.85400000,30.60000000,1.822
1749263214,1.85500000,5.60000000,1.822
1749263214,1.85600000,112.10000000,1.822
1749263214,1.85700000,299.30000000,1.822
1749263214,1.85800000,10.20000000,1.822
1749263214,1.85900000,66.30000000,1.822
1749263214,1.86000000,251.80000000,1.822
1749263214,1.86100000,592.50000000,1.822
1749263214,1.86200000,345.50000000,1.822
1749263214,1.86300000,5.60000000,1.822
1749263214,1.86400000,284.80000000,1.822
1749263214,1.86500000,283.80000000,1.822
1749263214,1.86600000,37.00000000,1.822
1749263214,1.86700000,209.90000000,1.822
1749263214,1.86800000,11.90000000,1.822
1749263214,1.86900000,5.60000000,1.822
1749263214,1.87000000,17845.20000000,1.822
1749263214,1.87100000,5.60000000,1.822
1749263214,1.87200000,418.70000000,1.822
1749263214,1.87300000,5.60000000,1.822
1749263214,1.87400000,107.00000000,1.822
1749263214,1.87500000,1200.60000000,1.822
1749263214,1.87600000,210.40000000,1.822
1749263214,1.87700000,9.90000000,1.822
1749263214,1.87800000,8.70000000,1.822
1749263214,1.87900000,17.70000000,1.822
1749263214,1.88000000,137.50000000,1.822
1749263214,1.88100000,13.70000000,1.822
1749263214,1.88200000,10.10000000,1.822
1749263214,1.88300000,13.70000000,1.822
1749263214,1.88400000,1715.10000000,1.822
1749263214,1.88500000,14.40000000,1.822
1749263214,1.88600000,17.30000000,1.822
1749263214,1.88700000,14.80000000,1.822
1749263214,1.88800000,20.60000000,1.822
1749263214,1.88900000,5.60000000,1.822
1749263214,1.89000000,692.80000000,1.822
1749263214,1.89100000,5.60000000,1.822
1749263214,1.89200000,8.40000000,1.822
1749263214,1.89300000,11.70000000,1.822
1749263214,1.89400000,5.60000000,1.822
1749263214,1.89500000,5.60000000,1.822
1749263214,1.89600000,76.40000000,1.822
1749263214,1.89700000,11.90000000,1.822
1749263214,1.89800000,7.20000000,1.822
1749263214,1.89900000,52.60000000,1.822
1749263214,1.90000000,225.10000000,1.822
1749263214,1.90100000,139.00000000,1.822
1749263214,1.90300000,2.80000000,1.822
1749263214,1.90400000,147.80000000,1.822
1749263214,1.90500000,141.40000000,1.822
1749263214,1.90600000,4.70000000,1.822
1749263214,1.90700000,197.20000000,1.822
1749263214,1.90900000,2.80000000,1.822
1749263214,1.91000000,110.00000000,1.822
1749263214,1.91400000,9.60000000,1.822
1749263214,1.91500000,4.40000000,1.822
1749263214,1.91600000,4.70000000,1.822
1749263214,1.91900000,1150.00000000,1.822
1749263214,1.92000000,113.60000000,1.822
1749263214,1.92100000,45.00000000,1.822
1749263214,1.92500000,39.60000000,1.822
1749263214,1.92600000,9.40000000,1.822
1749263214,1.92700000,439.40000000,1.822
1749263214,1.92800000,7145.30000000,1.822
1749263214,1.92900000,106.90000000,1.822
1749263214,1.93000000,102.80000000,1.822
1749263214,1.93200000,37.70000000,1.822
1749263515,1.82000000,314.30000000,1.82
1749263515,1.82100000,1457.30000000,1.82
1749263515,1.82200000,2582.60000000,1.82
1749263515,1.82300000,3879.50000000,1.82
1749263515,1.82400000,5525.00000000,1.82
1749263515,1.82500000,3311.50000000,1.82
1749263515,1.82600000,832.80000000,1.82
1749263515,1.82700000,4358.40000000,1.82
1749263515,1.82800000,553.10000000,1.82
1749263515,1.82900000,1023.40000000,1.82
1749263515,1.83000000,660.00000000,1.82
1749263515,1.83100000,6088.30000000,1.82
1749263515,1.83200000,469.50000000,1.82
1749263515,1.83300000,715.40000000,1.82
1749263515,1.83400000,586.30000000,1.82
1749263515,1.83500000,1122.90000000,1.82
1749263515,1.83600000,158.30000000,1.82
1749263515,1.83700000,822.70000000,1.82
1749263515,1.83800000,12.60000000,1.82
1749263515,1.83900000,164.60000000,1.82
1749263515,1.84000000,546.30000000,1.82
1749263515,1.84100000,158.30000000,1.82
1749263515,1.84200000,485.80000000,1.82
1749263515,1.84300000,249.90000000,1.82
1749263515,1.84400000,9.80000000,1.82
1749263515,1.84500000,10.50000000,1.82
1749263515,1.84600000,471.40000000,1.82
1749263515,1.84700000,50.60000000,1.82
1749263515,1.84800000,228.40000000,1.82
1749263515,1.84900000,732.80000000,1.82
1749263515,1.85000000,115.30000000,1.82
1749263515,1.85100000,559.10000000,1.82
1749263515,1.85200000,5.60000000,1.82
1749263515,1.85300000,5.60000000,1.82
1749263515,1.85400000,8.40000000,1.82
1749263515,1.85500000,5.60000000,1.82
1749263515,1.85600000,282.90000000,1.82
1749263515,1.85700000,27.30000000,1.82
1749263515,1.85800000,111.80000000,1.82
1749263515,1.85900000,88.50000000,1.82
1749263515,1.86000000,251.80000000,1.82
1749263515,1.86100000,11.00000000,1.82
1749263515,1.86200000,447.10000000,1.82
1749263515,1.86300000,5.60000000,1.82
1749263515,1.86400000,284.80000000,1.82
1749263515,1.86500000,11.90000000,1.82
1749263515,1.86600000,618.50000000,1.82
1749263515,1.86700000,209.90000000,1.82
1749263515,1.86800000,11.90000000,1.82
1749263515,1.86900000,5.60000000,1.82
1749263515,1.87000000,17845.20000000,1.82
1749263515,1.87100000,5.60000000,1.82
1749263515,1.87200000,690.60000000,1.82
1749263515,1.87300000,5.60000000,1.82
1749263515,1.87400000,5.60000000,1.82
1749263515,1.87500000,1200.60000000,1.82
1749263515,1.87600000,210.40000000,1.82
1749263515,1.87700000,9.90000000,1.82
1749263515,1.87800000,8.70000000,1.82
1749263515,1.87900000,17.70000000,1.82
1749263515,1.88000000,137.50000000,1.82
1749263515,1.88100000,13.70000000,1.82
1749263515,1.88200000,10.10000000,1.82
1749263515,1.88300000,13.70000000,1.82
1749263515,1.88400000,1715.10000000,1.82
1749263515,1.88500000,14.40000000,1.82
1749263515,1.88600000,17.30000000,1.82
1749263515,1.88700000,14.80000000,1.82
1749263515,1.88800000,20.60000000,1.82
1749263515,1.88900000,5.60000000,1.82
1749263515,1.89000000,125.60000000,1.82
1749263515,1.89100000,5.60000000,1.82
1749263515,1.89200000,8.40000000,1.82
1749263515,1.89300000,11.70000000,1.82
1749263515,1.89400000,5.60000000,1.82
1749263515,1.89500000,572.80000000,1.82
1749263515,1.89600000,70.80000000,1.82
1749263515,1.89700000,6.30000000,1.82
1749263515,1.89800000,7.20000000,1.82
1749263515,1.89900000,52.60000000,1.82
1749263515,1.90000000,225.10000000,1.82
1749263515,1.90100000,139.00000000,1.82
1749263515,1.90300000,2.80000000,1.82
1749263515,1.90400000,147.80000000,1.82
1749263515,1.90500000,141.40000000,1.82
1749263515,1.90600000,4.70000000,1.82
1749263515,1.90700000,197.20000000,1.82
1749263515,1.90900000,2.80000000,1.82
1749263515,1.91000000,110.00000000,1.82
1749263515,1.91400000,9.60000000,1.82
1749263515,1.91500000,4.40000000,1.82
1749263515,1.91600000,4.70000000,1.82
1749263515,1.91900000,1150.00000000,1.82
1749263515,1.92000000,113.60000000,1.82
1749263515,1.92100000,45.00000000,1.82
1749263515,1.92500000,39.60000000,1.82
1749263515,1.92600000,9.40000000,1.82
1749263515,1.92700000,439.40000000,1.82
1749263515,1.92800000,7145.30000000,1.82
1749263515,1.92900000,106.90000000,1.82
1749263821,1.82000000,417.40000000,1.82
1749263821,1.82100000,2004.30000000,1.82
1749263821,1.82200000,6900.30000000,1.82
1749263821,1.82300000,6370.00000000,1.82
1749263821,1.82400000,4346.60000000,1.82
1749263821,1.82500000,3311.50000000,1.82
1749263821,1.82600000,686.50000000,1.82
1749263821,1.82700000,4424.00000000,1.82
1749263821,1.82800000,4946.10000000,1.82
1749263821,1.82900000,1162.10000000,1.82
1749263821,1.83000000,1521.40000000,1.82
1749263821,1.83100000,1125.80000000,1.82
1749263821,1.83200000,571.10000000,1.82
1749263821,1.83300000,444.70000000,1.82
1749263821,1.83400000,586.30000000,1.82
1749263821,1.83500000,552.70000000,1.82
1749263821,1.83600000,158.30000000,1.82
1749263821,1.83700000,822.70000000,1.82
1749263821,1.83800000,12.60000000,1.82
1749263821,1.83900000,164.60000000,1.82
1749263821,1.84000000,920.50000000,1.82
1749263821,1.84100000,158.30000000,1.82
1749263821,1.84200000,65.00000000,1.82
1749263821,1.84300000,148.40000000,1.82
1749263821,1.84400000,305.70000000,1.82
1749263821,1.84500000,10.50000000,1.82
1749263821,1.84600000,301.80000000,1.82
1749263821,1.84700000,152.20000000,1.82
1749263821,1.84800000,225.20000000,1.82
1749263821,1.84900000,709.70000000,1.82
1749263821,1.85000000,115.30000000,1.82
1749263821,1.85100000,355.40000000,1.82
1749263821,1.85200000,5.60000000,1.82
1749263821,1.85300000,5.60000000,1.82
1749263821,1.85400000,30.60000000,1.82
1749263821,1.85500000,107.20000000,1.82
1749263821,1.85600000,282.90000000,1.82
1749263821,1.85700000,367.20000000,1.82
1749263821,1.85800000,10.20000000,1.82
1749263821,1.85900000,66.30000000,1.82
1749263821,1.86000000,251.80000000,1.82
1749263821,1.86100000,592.50000000,1.82
1749263821,1.86200000,107.20000000,1.82
1749263821,1.86300000,5.60000000,1.82
1749263821,1.86400000,284.80000000,1.82
1749263821,1.86500000,284.50000000,1.82
1749263821,1.86600000,37.00000000,1.82
1749263821,1.86700000,573.70000000,1.82
1749263821,1.86800000,11.90000000,1.82
1749263821,1.86900000,5.60000000,1.82
1749263821,1.87000000,17845.20000000,1.82
1749263821,1.87100000,5.60000000,1.82
1749263821,1.87200000,50.60000000,1.82
1749263821,1.87300000,5.60000000,1.82
1749263821,1.87400000,5.60000000,1.82
1749263821,1.87500000,1200.60000000,1.82
1749263821,1.87600000,210.40000000,1.82
1749263821,1.87700000,5.60000000,1.82
1749263821,1.87800000,8.70000000,1.82
1749263821,1.87900000,17.70000000,1.82
1749263821,1.88000000,137.50000000,1.82
1749263821,1.88100000,13.70000000,1.82
1749263821,1.88200000,10.10000000,1.82
1749263821,1.88300000,13.70000000,1.82
1749263821,1.88400000,1715.10000000,1.82
1749263821,1.88500000,9.10000000,1.82
1749263821,1.88600000,17.30000000,1.82
1749263821,1.88700000,14.80000000,1.82
1749263821,1.88800000,20.60000000,1.82
1749263821,1.88900000,5.60000000,1.82
1749263821,1.89000000,692.80000000,1.82
1749263821,1.89100000,5.60000000,1.82
1749263821,1.89200000,8.40000000,1.82
1749263821,1.89300000,11.70000000,1.82
1749263821,1.89400000,5.60000000,1.82
1749263821,1.89500000,5.60000000,1.82
1749263821,1.89600000,66.60000000,1.82
1749263821,1.89700000,6.30000000,1.82
1749263821,1.89800000,7.20000000,1.82
1749263821,1.89900000,52.60000000,1.82
1749263821,1.90000000,225.10000000,1.82
1749263821,1.90100000,139.00000000,1.82
1749263821,1.90300000,2.80000000,1.82
1749263821,1.90400000,147.80000000,1.82
1749263821,1.90500000,141.40000000,1.82
1749263821,1.90600000,4.70000000,1.82
1749263821,1.90700000,197.20000000,1.82
1749263821,1.90900000,2.80000000,1.82
1749263821,1.91000000,110.00000000,1.82
1749263821,1.91400000,9.60000000,1.82
1749263821,1.91500000,4.40000000,1.82
1749263821,1.91600000,4.70000000,1.82
1749263821,1.91900000,1150.00000000,1.82
1749263821,1.92000000,113.60000000,1.82
1749263821,1.92100000,45.00000000,1.82
1749263821,1.92500000,39.60000000,1.82
1749263821,1.92600000,9.40000000,1.82
1749263821,1.92700000,439.40000000,1.82
1749263821,1.92800000,7145.30000000,1.82
1749263821,1.92900000,106.90000000,1.82
1749264123,1.81900000,1102.30000000,1.818
1749264123,1.82000000,2902.40000000,1.818
1749264123,1.82100000,4233.80000000,1.818
1749264123,1.82200000,6276.90000000,1.818
1749264123,1.82300000,3863.70000000,1.818
1749264123,1.82400000,802.60000000,1.818
1749264123,1.82500000,4111.70000000,1.818
1749264123,1.82600000,735.20000000,1.818
1749264123,1.82700000,769.40000000,1.818
1749264123,1.82800000,4842.70000000,1.818
1749264123,1.82900000,891.40000000,1.818
1749264123,1.83000000,1521.40000000,1.818
1749264123,1.83100000,1383.00000000,1.818
1749264123,1.83200000,469.50000000,1.818
1749264123,1.83300000,8207.10000000,1.818
1749264123,1.83400000,329.60000000,1.818
1749264123,1.83500000,552.70000000,1.818
1749264123,1.83600000,158.30000000,1.818
1749264123,1.83700000,674.20000000,1.818
1749264123,1.83800000,12.60000000,1.818
1749264123,1.83900000,390.60000000,1.818
1749264123,1.84000000,397.80000000,1.818
1749264123,1.84100000,9.80000000,1.818
1749264123,1.84200000,65.00000000,1.818
1749264123,1.84300000,148.40000000,1.818
1749264123,1.84400000,134.50000000,1.818
1749264123,1.84500000,283.20000000,1.818
1749264123,1.84600000,301.80000000,1.818
1749264123,1.84700000,50.60000000,1.818
1749264123,1.84800000,225.20000000,1.818
1749264123,1.84900000,709.70000000,1.818
1749264123,1.85000000,115.30000000,1.818
1749264123,1.85100000,355.40000000,1.818
1749264123,1.85200000,5.60000000,1.818
1749264123,1.85300000,5.60000000,1.818
1749264123,1.85400000,30.60000000,1.818
1749264123,1.85500000,5.60000000,1.818
1749264123,1.85600000,282.90000000,1.818
1749264123,1.85700000,367.20000000,1.818
1749264123,1.85800000,10.20000000,1.818
1749264123,1.85900000,66.30000000,1.818
1749264123,1.86000000,251.80000000,1.818
1749264123,1.86100000,694.10000000,1.818
1749264123,1.86200000,278.10000000,1.818
1749264123,1.86300000,5.60000000,1.818
1749264123,1.86400000,284.80000000,1.818
1749264123,1.86500000,11.90000000,1.818
1749264123,1.86600000,37.00000000,1.818
1749264123,1.86700000,675.30000000,1.818
1749264123,1.86800000,11.90000000,1.818
1749264123,1.86900000,5.60000000,1.818
1749264123,1.87000000,17845.20000000,1.818
1749264123,1.87100000,5.60000000,1.818
1749264123,1.87200000,50.60000000,1.818
1749264123,1.87300000,5.60000000,1.818
1749264123,1.87400000,5.60000000,1.818
1749264123,1.87500000,1200.60000000,1.818
1749264123,1.87600000,210.40000000,1.818
1749264123,1.87700000,5.60000000,1.818
1749264123,1.87800000,8.70000000,1.818
1749264123,1.87900000,17.70000000,1.818
1749264123,1.88000000,137.50000000,1.818
1749264123,1.88100000,13.70000000,1.818
1749264123,1.88200000,10.10000000,1.818
1749264123,1.88300000,13.70000000,1.818
1749264123,1.88400000,1715.10000000,1.818
1749264123,1.88500000,9.10000000,1.818
1749264123,1.88600000,17.30000000,1.818
1749264123,1.88700000,14.80000000,1.818
1749264123,1.88800000,20.60000000,1.818
1749264123,1.88900000,5.60000000,1.818
1749264123,1.89000000,692.80000000,1.818
1749264123,1.89100000,5.60000000,1.818
1749264123,1.89200000,8.40000000,1.818
1749264123,1.89300000,11.70000000,1.818
1749264123,1.89400000,5.60000000,1.818
1749264123,1.89600000,66.60000000,1.818
1749264123,1.89700000,6.30000000,1.818
1749264123,1.89800000,7.20000000,1.818
1749264123,1.89900000,52.60000000,1.818
1749264123,1.90000000,225.10000000,1.818
1749264123,1.90100000,139.00000000,1.818
1749264123,1.90300000,2.80000000,1.818
1749264123,1.90400000,147.80000000,1.818
1749264123,1.90500000,141.40000000,1.818
1749264123,1.90600000,4.70000000,1.818
1749264123,1.90700000,197.20000000,1.818
1749264123,1.90900000,2.80000000,1.818
1749264123,1.91000000,110.00000000,1.818
1749264123,1.91400000,9.60000000,1.818
1749264123,1.91500000,4.40000000,1.818
1749264123,1.91600000,4.70000000,1.818
1749264123,1.91900000,1150.00000000,1.818
1749264123,1.92000000,113.60000000,1.818
1749264123,1.92100000,45.00000000,1.818
1749264123,1.92500000,39.60000000,1.818
1749264123,1.92600000,9.40000000,1.818
1749264123,1.92700000,439.40000000,1.818
1749264123,1.92800000,7145.30000000,1.818
1749264123,1.92900000,106.90000000,1.818
1749264429,1.82100000,755.30000000,1.821
1749264429,1.82200000,2385.80000000,1.821
1749264429,1.82300000,4757.30000000,1.821
1749264429,1.82400000,4058.40000000,1.821
1749264429,1.82500000,2977.70000000,1.821
1749264429,1.82600000,747.00000000,1.821
1749264429,1.82700000,7335.40000000,1.821
1749264429,1.82800000,4856.40000000,1.821
1749264429,1.82900000,1162.10000000,1.821
1749264429,1.83000000,853.40000000,1.821
1749264429,1.83100000,853.20000000,1.821
1749264429,1.83200000,469.50000000,1.821
1749264429,1.83300000,1605.80000000,1.821
1749264429,1.83400000,588.40000000,1.821
1749264429,1.83500000,552.70000000,1.821
1749264429,1.83600000,158.30000000,1.821
1749264429,1.83700000,822.70000000,1.821
1749264429,1.83800000,114.30000000,1.821
1749264429,1.83900000,288.50000000,1.821
1749264429,1.84000000,397.80000000,1.821
1749264429,1.84100000,9.80000000,1.821
1749264429,1.84200000,65.00000000,1.821
1749264429,1.84300000,148.40000000,1.821
1749264429,1.84400000,9.80000000,1.821
1749264429,1.84500000,10.50000000,1.821
1749264429,1.84600000,403.30000000,1.821
1749264429,1.84700000,50.60000000,1.821
1749264429,1.84800000,225.20000000,1.821
1749264429,1.84900000,732.80000000,1.821
1749264429,1.85000000,387.70000000,1.821
1749264429,1.85100000,457.00000000,1.821
1749264429,1.85200000,5.60000000,1.821
1749264429,1.85300000,5.60000000,1.821
1749264429,1.85400000,30.60000000,1.821
1749264429,1.85500000,5.60000000,1.821
1749264429,1.85600000,282.90000000,1.821
1749264429,1.85700000,367.20000000,1.821
1749264429,1.85800000,10.20000000,1.821
1749264429,1.85900000,66.30000000,1.821
1749264429,1.86000000,251.80000000,1.821
1749264429,1.86100000,592.50000000,1.821
1749264429,1.86200000,278.10000000,1.821
1749264429,1.86300000,5.60000000,1.821
1749264429,1.86400000,284.80000000,1.821
1749264429,1.86500000,11.90000000,1.821
1749264429,1.86600000,37.00000000,1.821
1749264429,1.86700000,307.10000000,1.821
1749264429,1.86800000,11.90000000,1.821
1749264429,1.86900000,5.60000000,1.821
1749264429,1.87000000,17845.20000000,1.821
1749264429,1.87100000,5.60000000,1.821
1749264429,1.87200000,418.70000000,1.821
1749264429,1.87300000,5.60000000,1.821
1749264429,1.87400000,5.60000000,1.821
1749264429,1.87500000,1200.60000000,1.821
1749264429,1.87600000,210.40000000,1.821
1749264429,1.87700000,5.60000000,1.821
1749264429,1.87800000,8.70000000,1.821
1749264429,1.87900000,17.70000000,1.821
1749264429,1.88000000,137.50000000,1.821
1749264429,1.88100000,13.70000000,1.821
1749264429,1.88200000,10.10000000,1.821
1749264429,1.88300000,13.70000000,1.821
1749264429,1.88400000,1715.10000000,1.821
1749264429,1.88500000,9.10000000,1.821
1749264429,1.88600000,17.30000000,1.821
1749264429,1.88700000,14.80000000,1.821
1749264429,1.88800000,20.60000000,1.821
1749264429,1.88900000,5.60000000,1.821
1749264429,1.89000000,692.80000000,1.821
1749264429,1.89100000,5.60000000,1.821
1749264429,1.89200000,8.40000000,1.821
1749264429,1.89300000,11.70000000,1.821
1749264429,1.89400000,5.60000000,1.821
1749264429,1.89500000,5.60000000,1.821
1749264429,1.89600000,72.20000000,1.821
1749264429,1.89700000,6.30000000,1.821
1749264429,1.89800000,7.20000000,1.821
1749264429,1.89900000,52.60000000,1.821
1749264429,1.90000000,225.10000000,1.821
1749264429,1.90100000,139.00000000,1.821
1749264429,1.90300000,2.80000000,1.821
1749264429,1.90400000,147.80000000,1.821
1749264429,1.90500000,141.40000000,1.821
1749264429,1.90600000,4.70000000,1.821
1749264429,1.90700000,197.20000000,1.821
1749264429,1.90900000,2.80000000,1.821
1749264429,1.91000000,110.00000000,1.821
1749264429,1.91400000,9.60000000,1.821
1749264429,1.91500000,4.40000000,1.821
1749264429,1.91600000,4.70000000,1.821
1749264429,1.91900000,1150.00000000,1.821
1749264429,1.92000000,113.60000000,1.821
1749264429,1.92100000,45.00000000,1.821
1749264429,1.92500000,39.60000000,1.821
1749264429,1.92600000,9.40000000,1.821
1749264429,1.92700000,439.40000000,1.821
1749264429,1.92800000,7145.30000000,1.821
1749264429,1.92900000,106.90000000,1.821
1749264429,1.93000000,102.80000000,1.821
1749264731,1.82300000,336.10000000,1.822
1749264731,1.82400000,2749.40000000,1.822
1749264731,1.82500000,6564.00000000,1.822
1749264731,1.82600000,7411.30000000,1.822
1749264731,1.82700000,4974.10000000,1.822
1749264731,1.82800000,650.10000000,1.822
1749264731,1.82900000,4613.70000000,1.822
1749264731,1.83000000,931.90000000,1.822
1749264731,1.83100000,6551.00000000,1.822
1749264731,1.83200000,515.20000000,1.822
1749264731,1.83300000,444.70000000,1.822
1749264731,1.83400000,329.60000000,1.822
1749264731,1.83500000,825.10000000,1.822
1749264731,1.83600000,259.80000000,1.822
1749264731,1.83700000,1080.40000000,1.822
1749264731,1.83800000,12.60000000,1.822
1749264731,1.83900000,288.50000000,1.822
1749264731,1.84000000,397.80000000,1.822
1749264731,1.84100000,111.30000000,1.822
1749264731,1.84200000,65.00000000,1.822
1749264731,1.84300000,148.40000000,1.822
1749264731,1.84400000,9.80000000,1.822
1749264731,1.84500000,10.50000000,1.822
1749264731,1.84600000,199.50000000,1.822
1749264731,1.84700000,50.60000000,1.822
1749264731,1.84800000,225.20000000,1.822
1749264731,1.84900000,732.80000000,1.822
1749264731,1.85000000,115.30000000,1.822
1749264731,1.85100000,826.70000000,1.822
1749264731,1.85200000,5.60000000,1.822
1749264731,1.85300000,5.60000000,1.822
1749264731,1.85400000,30.60000000,1.822
1749264731,1.85500000,5.60000000,1.822
1749264731,1.85600000,10.50000000,1.822
1749264731,1.85700000,32.10000000,1.822
1749264731,1.85800000,10.20000000,1.822
1749264731,1.85900000,66.30000000,1.822
1749264731,1.86000000,524.20000000,1.822
1749264731,1.86100000,11.00000000,1.822
1749264731,1.86200000,447.00000000,1.822
1749264731,1.86300000,5.60000000,1.822
1749264731,1.86400000,284.80000000,1.822
1749264731,1.86500000,11.90000000,1.822
1749264731,1.86600000,618.50000000,1.822
1749264731,1.86700000,579.50000000,1.822
1749264731,1.86800000,11.90000000,1.822
1749264731,1.86900000,5.60000000,1.822
1749264731,1.87000000,17845.20000000,1.822
1749264731,1.87100000,5.60000000,1.822
1749264731,1.87200000,418.70000000,1.822
1749264731,1.87300000,5.60000000,1.822
1749264731,1.87400000,5.60000000,1.822
1749264731,1.87500000,1200.60000000,1.822
1749264731,1.87600000,210.40000000,1.822
1749264731,1.87700000,5.60000000,1.822
1749264731,1.87800000,8.70000000,1.822
1749264731,1.87900000,17.70000000,1.822
1749264731,1.88000000,137.50000000,1.822
1749264731,1.88100000,8.40000000,1.822
1749264731,1.88200000,10.10000000,1.822
1749264731,1.88300000,13.70000000,1.822
1749264731,1.88400000,1715.10000000,1.822
1749264731,1.88500000,9.10000000,1.822
1749264731,1.88600000,17.30000000,1.822
1749264731,1.88700000,8.40000000,1.822
1749264731,1.88800000,20.60000000,1.822
1749264731,1.88900000,5.60000000,1.822
1749264731,1.89000000,692.80000000,1.822
1749264731,1.89100000,5.60000000,1.822
1749264731,1.89200000,8.40000000,1.822
1749264731,1.89300000,11.70000000,1.822
1749264731,1.89400000,11.90000000,1.822
1749264731,1.89500000,5.60000000,1.822
1749264731,1.89600000,72.20000000,1.822
1749264731,1.89700000,11.90000000,1.822
1749264731,1.89800000,12.80000000,1.822
1749264731,1.89900000,52.60000000,1.822
1749264731,1.90000000,225.10000000,1.822
1749264731,1.90100000,139.00000000,1.822
1749264731,1.90300000,2.80000000,1.822
1749264731,1.90400000,147.80000000,1.822
1749264731,1.90500000,141.40000000,1.822
1749264731,1.90600000,4.70000000,1.822
1749264731,1.90700000,197.20000000,1.822
1749264731,1.90900000,2.80000000,1.822
1749264731,1.91000000,110.00000000,1.822
1749264731,1.91400000,9.60000000,1.822
1749264731,1.91500000,4.40000000,1.822
1749264731,1.91600000,4.70000000,1.822
1749264731,1.91900000,1150.00000000,1.822
1749264731,1.92000000,113.60000000,1.822
1749264731,1.92100000,45.00000000,1.822
1749264731,1.92500000,39.60000000,1.822
1749264731,1.92600000,9.40000000,1.822
1749264731,1.92700000,439.40000000,1.822
1749264731,1.92800000,7145.30000000,1.822
1749264731,1.92900000,106.90000000,1.822
1749264731,1.93000000,110.60000000,1.822
1749264731,1.93200000,37.70000000,1.822
1749264731,1.93300000,2730.60000000,1.822
1749265033,1.82800000,415.90000000,1.828
1749265033,1.82900000,2051.60000000,1.828
1749265033,1.83000000,5252.30000000,1.828
1749265033,1.83100000,8275.70000000,1.828
1749265033,1.83200000,5196.40000000,1.828
1749265033,1.83300000,3926.80000000,1.828
1749265033,1.83400000,1101.90000000,1.828
1749265033,1.83500000,4031.50000000,1.828
1749265033,1.83600000,901.40000000,1.828
1749265033,1.83700000,1231.00000000,1.828
1749265033,1.83800000,4613.20000000,1.828
1749265033,1.83900000,335.90000000,1.828
1749265033,1.84000000,844.10000000,1.828
1749265033,1.84100000,447.60000000,1.828
1749265033,1.84200000,1265.20000000,1.828
1749265033,1.84300000,662.40000000,1.828
1749265033,1.84400000,9.80000000,1.828
1749265033,1.84500000,14.70000000,1.828
1749265033,1.84600000,15.30000000,1.828
1749265033,1.84700000,54.80000000,1.828
1749265033,1.84800000,342.80000000,1.828
1749265033,1.84900000,65.30000000,1.828
1749265033,1.85000000,488.30000000,1.828
1749265033,1.85100000,194.00000000,1.828
1749265033,1.85200000,5.60000000,1.828
1749265033,1.85300000,28.00000000,1.828
1749265033,1.85400000,132.70000000,1.828
1749265033,1.85500000,646.90000000,1.828
1749265033,1.85600000,729.40000000,1.828
1749265033,1.85700000,10.40000000,1.828
1749265033,1.85800000,10.20000000,1.828
1749265033,1.85900000,88.50000000,1.828
1749265033,1.86000000,251.80000000,1.828
1749265033,1.86100000,11.00000000,1.828
1749265033,1.86200000,27.30000000,1.828
1749265033,1.86300000,5.60000000,1.828
1749265033,1.86400000,284.80000000,1.828
1749265033,1.86500000,11.90000000,1.828
1749265033,1.86600000,37.00000000,1.828
1749265033,1.86700000,545.50000000,1.828
1749265033,1.86800000,113.10000000,1.828
1749265033,1.86900000,5.60000000,1.828
1749265033,1.87000000,18042.10000000,1.828
1749265033,1.87100000,587.10000000,1.828
1749265033,1.87200000,50.60000000,1.828
1749265033,1.87300000,5.60000000,1.828
1749265033,1.87400000,5.60000000,1.828
1749265033,1.87500000,12.10000000,1.828
1749265033,1.87600000,210.40000000,1.828
1749265033,1.87700000,645.40000000,1.828
1749265033,1.87800000,83.20000000,1.828
1749265033,1.87900000,118.90000000,1.828
1749265033,1.88000000,137.50000000,1.828
1749265033,1.88100000,8.40000000,1.828
1749265033,1.88200000,10.10000000,1.828
1749265033,1.88300000,13.70000000,1.828
1749265033,1.88400000,1715.10000000,1.828
1749265033,1.88500000,9.10000000,1.828
1749265033,1.88600000,17.30000000,1.828
1749265033,1.88700000,1207.20000000,1.828
1749265033,1.88800000,20.60000000,1.828
1749265033,1.88900000,5.60000000,1.828
1749265033,1.89000000,125.60000000,1.828
1749265033,1.89100000,5.60000000,1.828
1749265033,1.89200000,8.40000000,1.828
1749265033,1.89300000,11.70000000,1.828
1749265033,1.89400000,11.90000000,1.828
1749265033,1.89500000,5.60000000,1.828
1749265033,1.89600000,72.20000000,1.828
1749265033,1.89700000,11.90000000,1.828
1749265033,1.89800000,12.80000000,1.828
1749265033,1.89900000,58.10000000,1.828
1749265033,1.90000000,797.80000000,1.828
1749265033,1.90100000,5.50000000,1.828
1749265033,1.90200000,5.50000000,1.828
1749265033,1.90300000,8.30000000,1.828
1749265033,1.90400000,147.80000000,1.828
1749265033,1.90500000,141.40000000,1.828
1749265033,1.90600000,4.70000000,1.828
1749265033,1.90700000,197.20000000,1.828
1749265033,1.90900000,142.60000000,1.828
1749265033,1.91000000,110.00000000,1.828
1749265033,1.91400000,9.60000000,1.828
1749265033,1.91500000,4.40000000,1.828
1749265033,1.91600000,4.70000000,1.828
1749265033,1.91900000,1150.00000000,1.828
1749265033,1.92000000,113.60000000,1.828
1749265033,1.92100000,45.00000000,1.828
1749265033,1.92500000,39.60000000,1.828
1749265033,1.92600000,9.40000000,1.828
1749265033,1.92700000,439.40000000,1.828
1749265033,1.92800000,7145.30000000,1.828
1749265033,1.92900000,106.90000000,1.828
1749265033,1.93000000,110.60000000,1.828
1749265033,1.93200000,37.70000000,1.828
1749265033,1.93300000,2730.60000000,1.828
1749265033,1.93400000,7.90000000,1.828
1749265033,1.93500000,2.60000000,1.828
1749265033,1.93600000,200.00000000,1.828
1749265033,1.93700000,10.60000000,1.828
1749265334,1.82300000,1204.00000000,1.822
1749265334,1.82400000,2629.90000000,1.822
1749265334,1.82500000,5067.60000000,1.822
1749265334,1.82600000,6518.40000000,1.822
1749265334,1.82700000,4393.50000000,1.822
1749265334,1.82800000,928.20000000,1.822
1749265334,1.82900000,3687.90000000,1.822
1749265334,1.83000000,4509.30000000,1.822
1749265334,1.83100000,456.60000000,1.822
1749265334,1.83200000,6105.00000000,1.822
1749265334,1.83300000,599.10000000,1.822
1749265334,1.83400000,836.50000000,1.822
1749265334,1.83500000,334.50000000,1.822
1749265334,1.83600000,675.90000000,1.822
1749265334,1.83700000,863.60000000,1.822
1749265334,1.83800000,16.80000000,1.822
1749265334,1.83900000,187.40000000,1.822
1749265334,1.84000000,397.80000000,1.822
1749265334,1.84100000,176.90000000,1.822
1749265334,1.84200000,993.50000000,1.822
1749265334,1.84300000,402.10000000,1.822
1749265334,1.84400000,9.80000000,1.822
1749265334,1.84500000,116.20000000,1.822
1749265334,1.84600000,203.70000000,1.822
1749265334,1.84700000,77.20000000,1.822
1749265334,1.84800000,615.60000000,1.822
1749265334,1.84900000,88.40000000,1.822
1749265334,1.85000000,460.20000000,1.822
1749265334,1.85100000,209.50000000,1.822
1749265334,1.85200000,5.60000000,1.822
1749265334,1.85300000,300.40000000,1.822
1749265334,1.85400000,8.40000000,1.822
1749265334,1.85500000,646.90000000,1.822
1749265334,1.85600000,10.50000000,1.822
1749265334,1.85700000,32.10000000,1.822
1749265334,1.85800000,10.20000000,1.822
1749265334,1.85900000,66.30000000,1.822
1749265334,1.86000000,524.40000000,1.822
1749265334,1.86100000,350.90000000,1.822
1749265334,1.86200000,106.90000000,1.822
1749265334,1.86300000,5.60000000,1.822
1749265334,1.86400000,284.80000000,1.822
1749265334,1.86500000,11.90000000,1.822
1749265334,1.86600000,618.50000000,1.822
1749265334,1.86700000,205.60000000,1.822
1749265334,1.86800000,113.10000000,1.822
1749265334,1.86900000,80.50000000,1.822
1749265334,1.87000000,18043.20000000,1.822
1749265334,1.87100000,373.70000000,1.822
1749265334,1.87200000,50.60000000,1.822
1749265334,1.87300000,5.60000000,1.822
1749265334,1.87400000,5.60000000,1.822
1749265334,1.87500000,12.10000000,1.822
1749265334,1.87600000,210.40000000,1.822
1749265334,1.87700000,5.60000000,1.822
1749265334,1.87800000,8.70000000,1.822
1749265334,1.87900000,17.70000000,1.822
1749265334,1.88000000,137.50000000,1.822
1749265334,1.88100000,8.40000000,1.822
1749265334,1.88200000,10.10000000,1.822
1749265334,1.88300000,13.70000000,1.822
1749265334,1.88400000,1715.10000000,1.822
1749265334,1.88500000,9.10000000,1.822
1749265334,1.88600000,17.30000000,1.822
1749265334,1.88700000,1207.20000000,1.822
1749265334,1.88800000,20.60000000,1.822
1749265334,1.88900000,5.60000000,1.822
1749265334,1.89000000,125.60000000,1.822
1749265334,1.89100000,5.60000000,1.822
1749265334,1.89200000,8.40000000,1.822
1749265334,1.89300000,11.70000000,1.822
1749265334,1.89400000,11.90000000,1.822
1749265334,1.89500000,572.80000000,1.822
1749265334,1.89600000,72.20000000,1.822
1749265334,1.89700000,11.90000000,1.822
1749265334,1.89800000,12.80000000,1.822
1749265334,1.89900000,52.60000000,1.822
1749265334,1.90000000,225.10000000,1.822
1749265334,1.90300000,2.80000000,1.822
1749265334,1.90400000,147.80000000,1.822
1749265334,1.90500000,141.40000000,1.822
1749265334,1.90600000,4.70000000,1.822
1749265334,1.90700000,197.20000000,1.822
1749265334,1.90900000,144.60000000,1.822
1749265334,1.91000000,110.00000000,1.822
1749265334,1.91400000,9.60000000,1.822
1749265334,1.91500000,4.40000000,1.822
1749265334,1.91600000,4.70000000,1.822
1749265334,1.91900000,1150.00000000,1.822
1749265334,1.92000000,113.60000000,1.822
1749265334,1.92100000,45.00000000,1.822
1749265334,1.92500000,39.60000000,1.822
1749265334,1.92600000,9.40000000,1.822
1749265334,1.92700000,439.40000000,1.822
1749265334,1.92800000,7145.30000000,1.822
1749265334,1.92900000,106.90000000,1.822
1749265334,1.93000000,110.60000000,1.822
1749265334,1.93200000,37.70000000,1.822
1749265334,1.93300000,2730.60000000,1.822
1749265334,1.93400000,7.90000000,1.822
1749265636,1.82400000,365.90000000,1.824
1749265636,1.82500000,971.20000000,1.824
1749265636,1.82600000,2927.10000000,1.824
1749265636,1.82700000,6081.60000000,1.824
1749265636,1.82800000,5227.80000000,1.824
1749265636,1.82900000,5527.90000000,1.824
1749265636,1.83000000,1242.00000000,1.824
1749265636,1.83100000,456.60000000,1.824
1749265636,1.83200000,4466.20000000,1.824
1749265636,1.83300000,1052.70000000,1.824
1749265636,1.83400000,1848.90000000,1.824
1749265636,1.83500000,4782.40000000,1.824
1749265636,1.83600000,948.30000000,1.824
1749265636,1.83700000,181.10000000,1.824
1749265636,1.83800000,16.80000000,1.824
1749265636,1.83900000,288.70000000,1.824
1749265636,1.84000000,659.30000000,1.824
1749265636,1.84100000,841.30000000,1.824
1749265636,1.84200000,335.10000000,1.824
1749265636,1.84300000,402.10000000,1.824
1749265636,1.84400000,9.80000000,1.824
1749265636,1.84500000,14.70000000,1.824
1749265636,1.84600000,388.80000000,1.824
1749265636,1.84700000,54.80000000,1.824
1749265636,1.84800000,342.80000000,1.824
1749265636,1.84900000,88.40000000,1.824
1749265636,1.85000000,1909.60000000,1.824
1749265636,1.85100000,295.60000000,1.824
1749265636,1.85200000,28.00000000,1.824
1749265636,1.85300000,5.60000000,1.824
1749265636,1.85400000,8.40000000,1.824
1749265636,1.85500000,1264.20000000,1.824
1749265636,1.85600000,112.80000000,1.824
1749265636,1.85700000,32.10000000,1.824
1749265636,1.85800000,32.40000000,1.824
1749265636,1.85900000,66.30000000,1.824
1749265636,1.86000000,251.80000000,1.824
1749265636,1.86100000,350.90000000,1.824
1749265636,1.86200000,106.90000000,1.824
1749265636,1.86300000,5.60000000,1.824
1749265636,1.86400000,284.80000000,1.824
1749265636,1.86500000,11.90000000,1.824
1749265636,1.86600000,618.50000000,1.824
1749265636,1.86700000,205.60000000,1.824
1749265636,1.86800000,113.10000000,1.824
1749265636,1.86900000,80.50000000,1.824
1749265636,1.87000000,18043.20000000,1.824
1749265636,1.87100000,373.70000000,1.824
1749265636,1.87200000,50.60000000,1.824
1749265636,1.87300000,5.60000000,1.824
1749265636,1.87400000,5.60000000,1.824
1749265636,1.87500000,12.10000000,1.824
1749265636,1.87600000,482.80000000,1.824
1749265636,1.87700000,5.60000000,1.824
1749265636,1.87800000,8.70000000,1.824
1749265636,1.87900000,17.70000000,1.824
1749265636,1.88000000,137.50000000,1.824
1749265636,1.88100000,8.40000000,1.824
1749265636,1.88200000,10.10000000,1.824
1749265636,1.88300000,13.70000000,1.824
1749265636,1.88400000,1715.10000000,1.824
1749265636,1.88500000,9.10000000,1.824
1749265636,1.88600000,17.30000000,1.824
1749265636,1.88700000,1207.20000000,1.824
1749265636,1.88800000,20.60000000,1.824
1749265636,1.88900000,5.60000000,1.824
1749265636,1.89000000,125.60000000,1.824
1749265636,1.89100000,5.60000000,1.824
1749265636,1.89200000,8.40000000,1.824
1749265636,1.89300000,11.70000000,1.824
1749265636,1.89400000,11.90000000,1.824
1749265636,1.89500000,572.80000000,1.824
1749265636,1.89600000,72.20000000,1.824
1749265636,1.89700000,11.90000000,1.824
1749265636,1.89800000,12.80000000,1.824
1749265636,1.89900000,58.10000000,1.824
1749265636,1.90000000,225.10000000,1.824
1749265636,1.90300000,2.80000000,1.824
1749265636,1.90400000,147.80000000,1.824
1749265636,1.90500000,141.40000000,1.824
1749265636,1.90600000,4.70000000,1.824
1749265636,1.90700000,197.20000000,1.824
1749265636,1.90900000,144.60000000,1.824
1749265636,1.91000000,110.00000000,1.824
1749265636,1.91400000,9.60000000,1.824
1749265636,1.91500000,4.40000000,1.824
1749265636,1.91600000,4.70000000,1.824
1749265636,1.91900000,1150.00000000,1.824
1749265636,1.92000000,113.60000000,1.824
1749265636,1.92100000,45.00000000,1.824
1749265636,1.92500000,39.60000000,1.824
1749265636,1.92600000,9.40000000,1.824
1749265636,1.92700000,439.40000000,1.824
1749265636,1.92800000,7145.30000000,1.824
1749265636,1.92900000,106.90000000,1.824
1749265636,1.93000000,110.60000000,1.824
1749265636,1.93200000,37.70000000,1.824
1749265636,1.93300000,2730.60000000,1.824
1749265636,1.93400000,7.90000000,1.824
1749265636,1.93500000,2.60000000,1.824
1749265938,1.82700000,42.80000000,1.827
1749265938,1.82800000,2737.10000000,1.827
1749265938,1.82900000,5396.60000000,1.827
1749265938,1.83000000,6003.10000000,1.827
1749265938,1.83100000,4013.80000000,1.827
1749265938,1.83200000,1271.30000000,1.827
1749265938,1.83300000,7419.60000000,1.827
1749265938,1.83400000,538.00000000,1.827
1749265938,1.83500000,517.80000000,1.827
1749265938,1.83600000,5396.40000000,1.827
1749265938,1.83700000,329.60000000,1.827
1749265938,1.83800000,436.00000000,1.827
1749265938,1.83900000,842.80000000,1.827
1749265938,1.84000000,1764.20000000,1.827
1749265938,1.84100000,1091.20000000,1.827
1749265938,1.84200000,483.60000000,1.827
1749265938,1.84300000,550.60000000,1.827
1749265938,1.84400000,9.80000000,1.827
1749265938,1.84500000,14.70000000,1.827
1749265938,1.84600000,163.80000000,1.827
1749265938,1.84700000,577.00000000,1.827
1749265938,1.84800000,491.30000000,1.827
1749265938,1.84900000,236.90000000,1.827
1749265938,1.85000000,263.80000000,1.827
1749265938,1.85100000,28.00000000,1.827
1749265938,1.85200000,342.50000000,1.827
1749265938,1.85300000,5.60000000,1.827
1749265938,1.85400000,8.40000000,1.827
1749265938,1.85500000,1020.30000000,1.827
1749265938,1.85600000,457.70000000,1.827
1749265938,1.85700000,32.10000000,1.827
1749265938,1.85800000,32.40000000,1.827
1749265938,1.85900000,339.00000000,1.827
1749265938,1.86000000,108.40000000,1.827
1749265938,1.86100000,350.90000000,1.827
1749265938,1.86200000,107.00000000,1.827
1749265938,1.86300000,5.60000000,1.827
1749265938,1.86400000,284.80000000,1.827
1749265938,1.86500000,284.00000000,1.827
1749265938,1.86600000,37.00000000,1.827
1749265938,1.86700000,205.60000000,1.827
1749265938,1.86800000,113.30000000,1.827
1749265938,1.86900000,80.50000000,1.827
1749265938,1.87000000,17770.40000000,1.827
1749265938,1.87100000,955.20000000,1.827
1749265938,1.87200000,50.60000000,1.827
1749265938,1.87300000,5.60000000,1.827
1749265938,1.87400000,5.60000000,1.827
1749265938,1.87500000,12.10000000,1.827
1749265938,1.87600000,210.40000000,1.827
1749265938,1.87700000,5.60000000,1.827
1749265938,1.87800000,8.70000000,1.827
1749265938,1.87900000,17.70000000,1.827
1749265938,1.88000000,137.50000000,1.827
1749265938,1.88100000,8.40000000,1.827
1749265938,1.88200000,10.10000000,1.827
1749265938,1.88300000,13.70000000,1.827
1749265938,1.88400000,1715.10000000,1.827
1749265938,1.88500000,9.10000000,1.827
1749265938,1.88600000,17.30000000,1.827
1749265938,1.88700000,1207.20000000,1.827
1749265938,1.88800000,20.60000000,1.827
1749265938,1.88900000,5.60000000,1.827
1749265938,1.89000000,125.60000000,1.827
1749265938,1.89100000,5.60000000,1.827
1749265938,1.89200000,8.40000000,1.827
1749265938,1.89300000,11.70000000,1.827
1749265938,1.89400000,11.90000000,1.827
1749265938,1.89500000,5.60000000,1.827
1749265938,1.89600000,72.20000000,1.827
1749265938,1.89700000,11.90000000,1.827
1749265938,1.89800000,12.80000000,1.827
1749265938,1.89900000,58.10000000,1.827
1749265938,1.90000000,797.80000000,1.827
1749265938,1.90100000,5.50000000,1.827
1749265938,1.90200000,5.50000000,1.827
1749265938,1.90300000,2.80000000,1.827
1749265938,1.90400000,147.70000000,1.827
1749265938,1.90500000,141.40000000,1.827
1749265938,1.90600000,4.70000000,1.827
1749265938,1.90700000,197.20000000,1.827
1749265938,1.90900000,144.60000000,1.827
1749265938,1.91000000,110.00000000,1.827
1749265938,1.91400000,9.60000000,1.827
1749265938,1.91500000,4.40000000,1.827
1749265938,1.91600000,4.70000000,1.827
1749265938,1.91900000,1150.00000000,1.827
1749265938,1.92000000,113.60000000,1.827
1749265938,1.92100000,45.00000000,1.827
1749265938,1.92500000,39.60000000,1.827
1749265938,1.92600000,9.40000000,1.827
1749265938,1.92700000,439.40000000,1.827
1749265938,1.92800000,7145.30000000,1.827
1749265938,1.92900000,106.90000000,1.827
1749265938,1.93000000,110.60000000,1.827
1749265938,1.93200000,37.70000000,1.827
1749265938,1.93300000,2730.60000000,1.827
1749265938,1.93400000,7.90000000,1.827
1749265938,1.93500000,2.60000000,1.827
1749265938,1.93600000,200.00000000,1.827
1749266239,1.82800000,645.70000000,1.827
1749266239,1.82900000,3103.70000000,1.827
1749266239,1.83000000,5983.60000000,1.827
1749266239,1.83100000,4744.00000000,1.827
1749266239,1.83200000,3473.00000000,1.827
1749266239,1.83300000,4324.70000000,1.827
1749266239,1.83400000,1259.20000000,1.827
1749266239,1.83500000,4097.50000000,1.827
1749266239,1.83600000,4655.90000000,1.827
1749266239,1.83700000,512.00000000,1.827
1749266239,1.83800000,599.70000000,1.827
1749266239,1.83900000,1322.90000000,1.827
1749266239,1.84000000,1973.50000000,1.827
1749266239,1.84100000,1503.20000000,1.827
1749266239,1.84200000,483.60000000,1.827
1749266239,1.84300000,814.40000000,1.827
1749266239,1.84400000,158.30000000,1.827
1749266239,1.84500000,116.10000000,1.827
1749266239,1.84600000,163.80000000,1.827
1749266239,1.84700000,475.30000000,1.827
1749266239,1.84800000,355.50000000,1.827
1749266239,1.84900000,65.30000000,1.827
1749266239,1.85000000,119.40000000,1.827
1749266239,1.85100000,5.60000000,1.827
1749266239,1.85200000,194.00000000,1.827
1749266239,1.85300000,515.10000000,1.827
1749266239,1.85400000,31.50000000,1.827
1749266239,1.85500000,5.60000000,1.827
1749266239,1.85600000,377.80000000,1.827
1749266239,1.85700000,111.80000000,1.827
1749266239,1.85800000,32.40000000,1.827
1749266239,1.85900000,339.00000000,1.827
1749266239,1.86000000,108.40000000,1.827
1749266239,1.86100000,765.90000000,1.827
1749266239,1.86200000,27.30000000,1.827
1749266239,1.86300000,277.60000000,1.827
1749266239,1.86400000,284.80000000,1.827
1749266239,1.86500000,11.90000000,1.827
1749266239,1.86600000,376.90000000,1.827
1749266239,1.86700000,205.60000000,1.827
1749266239,1.86800000,11.90000000,1.827
1749266239,1.86900000,5.60000000,1.827
1749266239,1.87000000,17770.40000000,1.827
1749266239,1.87100000,587.10000000,1.827
1749266239,1.87200000,50.60000000,1.827
1749266239,1.87300000,5.60000000,1.827
1749266239,1.87400000,5.60000000,1.827
1749266239,1.87500000,113.50000000,1.827
1749266239,1.87600000,578.50000000,1.827
1749266239,1.87700000,80.10000000,1.827
1749266239,1.87800000,8.70000000,1.827
1749266239,1.87900000,17.70000000,1.827
1749266239,1.88000000,137.50000000,1.827
1749266239,1.88100000,8.40000000,1.827
1749266239,1.88200000,10.10000000,1.827
1749266239,1.88300000,13.70000000,1.827
1749266239,1.88400000,1715.10000000,1.827
1749266239,1.88500000,9.10000000,1.827
1749266239,1.88600000,17.30000000,1.827
1749266239,1.88700000,1207.20000000,1.827
1749266239,1.88800000,20.60000000,1.827
1749266239,1.88900000,5.60000000,1.827
1749266239,1.89000000,125.60000000,1.827
1749266239,1.89100000,5.60000000,1.827
1749266239,1.89200000,8.40000000,1.827
1749266239,1.89300000,11.70000000,1.827
1749266239,1.89400000,11.90000000,1.827
1749266239,1.89500000,5.60000000,1.827
1749266239,1.89600000,72.20000000,1.827
1749266239,1.89700000,11.90000000,1.827
1749266239,1.89800000,12.80000000,1.827
1749266239,1.89900000,58.10000000,1.827
1749266239,1.90000000,797.80000000,1.827
1749266239,1.90100000,5.50000000,1.827
1749266239,1.90200000,5.50000000,1.827
1749266239,1.90300000,8.30000000,1.827
1749266239,1.90400000,147.70000000,1.827
1749266239,1.90500000,141.40000000,1.827
1749266239,1.90600000,4.70000000,1.827
1749266239,1.90700000,197.20000000,1.827
1749266239,1.90900000,144.60000000,1.827
1749266239,1.91000000,110.00000000,1.827
1749266239,1.91400000,9.60000000,1.827
1749266239,1.91500000,4.40000000,1.827
1749266239,1.91600000,4.70000000,1.827
1749266239,1.91900000,1150.00000000,1.827
1749266239,1.92000000,113.60000000,1.827
1749266239,1.92100000,45.00000000,1.827
1749266239,1.92500000,39.60000000,1.827
1749266239,1.92600000,9.40000000,1.827
1749266239,1.92700000,439.40000000,1.827
1749266239,1.92800000,7145.30000000,1.827
1749266239,1.92900000,106.90000000,1.827
1749266239,1.93000000,110.60000000,1.827
1749266239,1.93200000,37.70000000,1.827
1749266239,1.93300000,2730.60000000,1.827
1749266239,1.93400000,7.90000000,1.827
1749266239,1.93500000,2.60000000,1.827
1749266239,1.93600000,200.00000000,1.827
1749266239,1.93700000,10.60000000,1.827
1749266541,1.82400000,339.50000000,1.824
1749266541,1.82500000,1926.50000000,1.824
1749266541,1.82600000,3173.40000000,1.824
1749266541,1.82700000,6951.30000000,1.824
1749266541,1.82800000,4340.20000000,1.824
1749266541,1.82900000,2144.40000000,1.824
1749266541,1.83000000,1267.90000000,1.824
1749266541,1.83100000,3128.60000000,1.824
1749266541,1.83200000,5581.70000000,1.824
1749266541,1.83300000,726.40000000,1.824
1749266541,1.83400000,394.70000000,1.824
1749266541,1.83500000,389.30000000,1.824
1749266541,1.83600000,4984.60000000,1.824
1749266541,1.83700000,1116.80000000,1.824
1749266541,1.83800000,599.70000000,1.824
1749266541,1.83900000,7371.40000000,1.824
1749266541,1.84000000,1178.00000000,1.824
1749266541,1.84100000,1503.20000000,1.824
1749266541,1.84200000,483.60000000,1.824
1749266541,1.84300000,553.90000000,1.824
1749266541,1.84400000,383.80000000,1.824
1749266541,1.84500000,14.70000000,1.824
1749266541,1.84600000,15.30000000,1.824
1749266541,1.84700000,54.80000000,1.824
1749266541,1.84800000,444.20000000,1.824
1749266541,1.84900000,65.30000000,1.824
1749266541,1.85000000,392.00000000,1.824
1749266541,1.85100000,28.00000000,1.824
1749266541,1.85200000,194.00000000,1.824
1749266541,1.85300000,5.60000000,1.824
1749266541,1.85400000,31.50000000,1.824
1749266541,1.85500000,657.30000000,1.824
1749266541,1.85600000,457.70000000,1.824
1749266541,1.85700000,282.80000000,1.824
1749266541,1.85800000,32.40000000,1.824
1749266541,1.85900000,66.30000000,1.824
1749266541,1.86000000,210.00000000,1.824
1749266541,1.86100000,11.00000000,1.824
1749266541,1.86200000,299.90000000,1.824
1749266541,1.86300000,5.60000000,1.824
1749266541,1.86400000,284.80000000,1.824
1749266541,1.86500000,11.90000000,1.824
1749266541,1.86600000,376.90000000,1.824
1749266541,1.86700000,205.60000000,1.824
1749266541,1.86800000,113.50000000,1.824
1749266541,1.86900000,5.60000000,1.824
1749266541,1.87000000,17770.40000000,1.824
1749266541,1.87100000,587.10000000,1.824
1749266541,1.87200000,50.60000000,1.824
1749266541,1.87300000,5.60000000,1.824
1749266541,1.87400000,5.60000000,1.824
1749266541,1.87500000,12.10000000,1.824
1749266541,1.87600000,578.50000000,1.824
1749266541,1.87700000,80.10000000,1.824
1749266541,1.87800000,8.70000000,1.824
1749266541,1.87900000,17.70000000,1.824
1749266541,1.88000000,141.80000000,1.824
1749266541,1.88100000,8.40000000,1.824
1749266541,1.88200000,10.10000000,1.824
1749266541,1.88300000,13.70000000,1.824
1749266541,1.88400000,1715.10000000,1.824
1749266541,1.88500000,9.10000000,1.824
1749266541,1.88600000,17.30000000,1.824
1749266541,1.88700000,1207.20000000,1.824
1749266541,1.88800000,20.60000000,1.824
1749266541,1.88900000,5.60000000,1.824
1749266541,1.89000000,125.60000000,1.824
1749266541,1.89100000,5.60000000,1.824
1749266541,1.89200000,8.40000000,1.824
1749266541,1.89300000,11.70000000,1.824
1749266541,1.89400000,11.90000000,1.824
1749266541,1.89500000,5.60000000,1.824
1749266541,1.89600000,72.20000000,1.824
1749266541,1.89700000,11.90000000,1.824
1749266541,1.89800000,12.80000000,1.824
1749266541,1.89900000,58.10000000,1.824
1749266541,1.90000000,792.30000000,1.824
1749266541,1.90300000,2.80000000,1.824
1749266541,1.90400000,148.90000000,1.824
1749266541,1.90500000,141.40000000,1.824
1749266541,1.90600000,4.70000000,1.824
1749266541,1.90700000,197.20000000,1.824
1749266541,1.90900000,144.60000000,1.824
1749266541,1.91000000,110.00000000,1.824
1749266541,1.91400000,9.60000000,1.824
1749266541,1.91500000,4.40000000,1.824
1749266541,1.91600000,9.90000000,1.824
1749266541,1.91900000,1150.00000000,1.824
1749266541,1.92000000,113.60000000,1.824
1749266541,1.92100000,45.00000000,1.824
1749266541,1.92500000,39.60000000,1.824
1749266541,1.92600000,9.40000000,1.824
1749266541,1.92700000,439.40000000,1.824
1749266541,1.92800000,7145.30000000,1.824
1749266541,1.92900000,106.90000000,1.824
1749266541,1.93000000,110.60000000,1.824
1749266541,1.93200000,37.70000000,1.824
1749266541,1.93300000,2730.60000000,1.824
1749266541,1.93400000,7.90000000,1.824
1749266541,1.93500000,2.60000000,1.824
1749266843,1.82800000,271.00000000,1.828
1749266843,1.82900000,2147.80000000,1.828
1749266843,1.83000000,4682.00000000,1.828
1749266843,1.83100000,6376.40000000,1.828
1749266843,1.83200000,5502.50000000,1.828
1749266843,1.83300000,3436.10000000,1.828
1749266843,1.83400000,4842.40000000,1.828
1749266843,1.83500000,509.50000000,1.828
1749266843,1.83600000,4775.60000000,1.828
1749266843,1.83700000,329.60000000,1.828
1749266843,1.83800000,978.40000000,1.828
1749266843,1.83900000,1630.00000000,1.828
1749266843,1.84000000,914.10000000,1.828
1749266843,1.84100000,1775.30000000,1.828
1749266843,1.84200000,584.90000000,1.828
1749266843,1.84300000,662.80000000,1.828
1749266843,1.84400000,9.80000000,1.828
1749266843,1.84500000,14.70000000,1.828
1749266843,1.84600000,15.30000000,1.828
1749266843,1.84700000,54.80000000,1.828
1749266843,1.84800000,716.40000000,1.828
1749266843,1.84900000,12.60000000,1.828
1749266843,1.85000000,119.40000000,1.828
1749266843,1.85100000,28.00000000,1.828
1749266843,1.85200000,194.00000000,1.828
1749266843,1.85300000,5.60000000,1.828
1749266843,1.85400000,132.90000000,1.828
1749266843,1.85500000,657.30000000,1.828
1749266843,1.85600000,729.80000000,1.828
1749266843,1.85700000,10.40000000,1.828
1749266843,1.85800000,85.10000000,1.828
1749266843,1.85900000,66.30000000,1.828
1749266843,1.86000000,209.70000000,1.828
1749266843,1.86100000,11.00000000,1.828
1749266843,1.86200000,27.30000000,1.828
1749266843,1.86300000,277.80000000,1.828
1749266843,1.86400000,284.80000000,1.828
1749266843,1.86500000,11.90000000,1.828
1749266843,1.86600000,376.90000000,1.828
1749266843,1.86700000,477.80000000,1.828
1749266843,1.86800000,11.90000000,1.828
1749266843,1.86900000,5.60000000,1.828
1749266843,1.87000000,17770.40000000,1.828
1749266843,1.87100000,587.10000000,1.828
1749266843,1.87200000,50.60000000,1.828
1749266843,1.87300000,5.60000000,1.828
1749266843,1.87400000,107.00000000,1.828
1749266843,1.87500000,12.10000000,1.828
1749266843,1.87600000,578.50000000,1.828
1749266843,1.87700000,80.10000000,1.828
1749266843,1.87800000,8.70000000,1.828
1749266843,1.87900000,17.70000000,1.828
1749266843,1.88000000,141.80000000,1.828
1749266843,1.88100000,8.40000000,1.828
1749266843,1.88200000,10.10000000,1.828
1749266843,1.88300000,13.70000000,1.828
1749266843,1.88400000,1715.10000000,1.828
1749266843,1.88500000,9.10000000,1.828
1749266843,1.88600000,17.30000000,1.828
1749266843,1.88700000,1207.20000000,1.828
1749266843,1.88800000,20.60000000,1.828
1749266843,1.88900000,5.60000000,1.828
1749266843,1.89000000,125.60000000,1.828
1749266843,1.89100000,5.60000000,1.828
1749266843,1.89200000,8.40000000,1.828
1749266843,1.89300000,11.70000000,1.828
1749266843,1.89400000,11.90000000,1.828
1749266843,1.89500000,5.60000000,1.828
1749266843,1.89600000,72.20000000,1.828
1749266843,1.89700000,11.90000000,1.828
1749266843,1.89800000,12.80000000,1.828
1749266843,1.89900000,58.10000000,1.828
1749266843,1.90000000,797.80000000,1.828
1749266843,1.90100000,5.50000000,1.828
1749266843,1.90200000,5.50000000,1.828
1749266843,1.90300000,8.30000000,1.828
1749266843,1.90400000,148.60000000,1.828
1749266843,1.90600000,4.70000000,1.828
1749266843,1.90700000,335.70000000,1.828
1749266843,1.90900000,144.60000000,1.828
1749266843,1.91000000,110.00000000,1.828
1749266843,1.91400000,9.60000000,1.828
1749266843,1.91500000,4.40000000,1.828
1749266843,1.91600000,9.90000000,1.828
1749266843,1.91900000,1150.00000000,1.828
1749266843,1.92000000,113.60000000,1.828
1749266843,1.92100000,45.00000000,1.828
1749266843,1.92500000,39.60000000,1.828
1749266843,1.92600000,9.40000000,1.828
1749266843,1.92700000,439.40000000,1.828
1749266843,1.92800000,7145.30000000,1.828
1749266843,1.92900000,106.90000000,1.828
1749266843,1.93000000,110.60000000,1.828
1749266843,1.93200000,37.70000000,1.828
1749266843,1.93300000,2730.60000000,1.828
1749266843,1.93400000,7.90000000,1.828
1749266843,1.93500000,2.60000000,1.828
1749266843,1.93600000,200.00000000,1.828
1749266843,1.93700000,10.60000000,1.828
1749266843,1.93800000,154.40000000,1.828
1749267144,1.82700000,159.00000000,1.826
1749267144,1.82800000,1270.50000000,1.826
1749267144,1.82900000,2827.20000000,1.826
1749267144,1.83000000,7744.60000000,1.826
1749267144,1.83100000,6941.50000000,1.826
1749267144,1.83200000,1903.60000000,1.826
1749267144,1.83300000,601.10000000,1.826
1749267144,1.83400000,4029.20000000,1.826
1749267144,1.83500000,605.20000000,1.826
1749267144,1.83600000,4710.80000000,1.826
1749267144,1.83700000,1389.50000000,1.826
1749267144,1.83800000,809.20000000,1.826
1749267144,1.83900000,842.80000000,1.826
1749267144,1.84000000,734.20000000,1.826
1749267144,1.84100000,1354.70000000,1.826
1749267144,1.84200000,335.10000000,1.826
1749267144,1.84300000,405.40000000,1.826
1749267144,1.84400000,9.80000000,1.826
1749267144,1.84500000,14.70000000,1.826
1749267144,1.84600000,116.80000000,1.826
1749267144,1.84700000,54.80000000,1.826
1749267144,1.84800000,615.20000000,1.826
1749267144,1.84900000,12.60000000,1.826
1749267144,1.85000000,119.40000000,1.826
1749267144,1.85100000,28.00000000,1.826
1749267144,1.85200000,194.00000000,1.826
1749267144,1.85300000,107.10000000,1.826
1749267144,1.85400000,31.50000000,1.826
1749267144,1.85500000,929.70000000,1.826
1749267144,1.85600000,457.70000000,1.826
1749267144,1.85700000,10.40000000,1.826
1749267144,1.85800000,85.10000000,1.826
1749267144,1.85900000,66.30000000,1.826
1749267144,1.86000000,209.70000000,1.826
1749267144,1.86100000,11.00000000,1.826
1749267144,1.86200000,27.30000000,1.826
1749267144,1.86300000,5.60000000,1.826
1749267144,1.86400000,284.80000000,1.826
1749267144,1.86500000,11.90000000,1.826
1749267144,1.86600000,376.90000000,1.826
1749267144,1.86700000,477.80000000,1.826
1749267144,1.86800000,11.90000000,1.826
1749267144,1.86900000,5.60000000,1.826
1749267144,1.87000000,17770.40000000,1.826
1749267144,1.87100000,587.10000000,1.826
1749267144,1.87200000,50.60000000,1.826
1749267144,1.87300000,278.00000000,1.826
1749267144,1.87400000,107.00000000,1.826
1749267144,1.87500000,12.10000000,1.826
1749267144,1.87600000,578.50000000,1.826
1749267144,1.87700000,80.10000000,1.826
1749267144,1.87800000,8.70000000,1.826
1749267144,1.87900000,17.70000000,1.826
1749267144,1.88000000,141.80000000,1.826
1749267144,1.88100000,8.40000000,1.826
1749267144,1.88200000,10.10000000,1.826
1749267144,1.88300000,13.70000000,1.826
1749267144,1.88400000,1715.10000000,1.826
1749267144,1.88500000,9.10000000,1.826
1749267144,1.88600000,17.30000000,1.826
1749267144,1.88700000,1207.20000000,1.826
1749267144,1.88800000,20.60000000,1.826
1749267144,1.88900000,5.60000000,1.826
1749267144,1.89000000,125.60000000,1.826
1749267144,1.89100000,5.60000000,1.826
1749267144,1.89200000,8.40000000,1.826
1749267144,1.89300000,11.70000000,1.826
1749267144,1.89400000,11.90000000,1.826
1749267144,1.89500000,5.60000000,1.826
1749267144,1.89600000,72.20000000,1.826
1749267144,1.89700000,11.90000000,1.826
1749267144,1.89800000,12.80000000,1.826
1749267144,1.89900000,58.10000000,1.826
1749267144,1.90000000,797.80000000,1.826
1749267144,1.90100000,5.50000000,1.826
1749267144,1.90200000,5.50000000,1.826
1749267144,1.90300000,2.80000000,1.826
1749267144,1.90400000,7.40000000,1.826
1749267144,1.90600000,4.70000000,1.826
1749267144,1.90700000,335.70000000,1.826
1749267144,1.90900000,144.60000000,1.826
1749267144,1.91000000,110.00000000,1.826
1749267144,1.91200000,140.60000000,1.826
1749267144,1.91400000,9.60000000,1.826
1749267144,1.91500000,4.40000000,1.826
1749267144,1.91600000,9.90000000,1.826
1749267144,1.91900000,1150.00000000,1.826
1749267144,1.92000000,113.60000000,1.826
1749267144,1.92100000,45.00000000,1.826
1749267144,1.92500000,39.60000000,1.826
1749267144,1.92600000,9.40000000,1.826
1749267144,1.92700000,439.40000000,1.826
1749267144,1.92800000,7145.30000000,1.826
1749267144,1.92900000,106.90000000,1.826
1749267144,1.93000000,110.60000000,1.826
1749267144,1.93200000,37.70000000,1.826
1749267144,1.93300000,2730.60000000,1.826
1749267144,1.93400000,7.90000000,1.826
1749267144,1.93500000,2.60000000,1.826
1749267144,1.93600000,200.00000000,1.826
1749267446,1.83300000,383.80000000,1.832
1749267446,1.83400000,4474.00000000,1.832
1749267446,1.83500000,4813.50000000,1.832
1749267446,1.83600000,5326.80000000,1.832
1749267446,1.83700000,5684.30000000,1.832
1749267446,1.83800000,4265.20000000,1.832
1749267446,1.83900000,5481.00000000,1.832
1749267446,1.84000000,736.80000000,1.832
1749267446,1.84100000,1385.60000000,1.832
1749267446,1.84200000,873.80000000,1.832
1749267446,1.84300000,409.50000000,1.832
1749267446,1.84400000,797.00000000,1.832
1749267446,1.84500000,181.80000000,1.832
1749267446,1.84600000,941.90000000,1.832
1749267446,1.84700000,54.80000000,1.832
1749267446,1.84800000,207.00000000,1.832
1749267446,1.84900000,12.60000000,1.832
1749267446,1.85000000,725.70000000,1.832
1749267446,1.85100000,9.70000000,1.832
1749267446,1.85200000,281.50000000,1.832
1749267446,1.85300000,246.70000000,1.832
1749267446,1.85400000,8.40000000,1.832
1749267446,1.85500000,436.20000000,1.832
1749267446,1.85600000,32.90000000,1.832
1749267446,1.85700000,198.80000000,1.832
1749267446,1.85800000,62.90000000,1.832
1749267446,1.85900000,361.10000000,1.832
1749267446,1.86000000,108.40000000,1.832
1749267446,1.86100000,1115.90000000,1.832
1749267446,1.86200000,5.60000000,1.832
1749267446,1.86300000,401.00000000,1.832
1749267446,1.86400000,284.80000000,1.832
1749267446,1.86500000,11.90000000,1.832
1749267446,1.86600000,376.90000000,1.832
1749267446,1.86700000,328.70000000,1.832
1749267446,1.86800000,283.70000000,1.832
1749267446,1.86900000,5.60000000,1.832
1749267446,1.87000000,17770.40000000,1.832
1749267446,1.87100000,587.10000000,1.832
1749267446,1.87200000,50.60000000,1.832
1749267446,1.87300000,5.60000000,1.832
1749267446,1.87400000,5.60000000,1.832
1749267446,1.87500000,12.10000000,1.832
1749267446,1.87600000,578.50000000,1.832
1749267446,1.87700000,80.10000000,1.832
1749267446,1.87800000,109.90000000,1.832
1749267446,1.87900000,17.70000000,1.832
1749267446,1.88000000,141.80000000,1.832
1749267446,1.88100000,8.40000000,1.832
1749267446,1.88200000,10.10000000,1.832
1749267446,1.88300000,13.70000000,1.832
1749267446,1.88400000,1715.10000000,1.832
1749267446,1.88500000,9.10000000,1.832
1749267446,1.88600000,17.30000000,1.832
1749267446,1.88700000,1207.20000000,1.832
1749267446,1.88800000,20.60000000,1.832
1749267446,1.88900000,5.60000000,1.832
1749267446,1.89000000,125.60000000,1.832
1749267446,1.89100000,5.60000000,1.832
1749267446,1.89200000,8.40000000,1.832
1749267446,1.89300000,11.70000000,1.832
1749267446,1.89400000,11.90000000,1.832
1749267446,1.89500000,5.60000000,1.832
1749267446,1.89600000,72.20000000,1.832
1749267446,1.89700000,11.90000000,1.832
1749267446,1.89800000,12.80000000,1.832
1749267446,1.89900000,58.10000000,1.832
1749267446,1.90000000,797.80000000,1.832
1749267446,1.90100000,5.50000000,1.832
1749267446,1.90200000,5.50000000,1.832
1749267446,1.90300000,8.30000000,1.832
1749267446,1.90400000,12.90000000,1.832
1749267446,1.90500000,5.50000000,1.832
1749267446,1.90600000,10.20000000,1.832
1749267446,1.90700000,341.20000000,1.832
1749267446,1.90800000,5.50000000,1.832
1749267446,1.90900000,144.60000000,1.832
1749267446,1.91000000,110.00000000,1.832
1749267446,1.91200000,140.60000000,1.832
1749267446,1.91400000,9.60000000,1.832
1749267446,1.91500000,4.40000000,1.832
1749267446,1.91600000,9.90000000,1.832
1749267446,1.91900000,1150.00000000,1.832
1749267446,1.92000000,113.60000000,1.832
1749267446,1.92100000,45.00000000,1.832
1749267446,1.92500000,39.60000000,1.832
1749267446,1.92600000,9.40000000,1.832
1749267446,1.92700000,439.40000000,1.832
1749267446,1.92800000,7145.30000000,1.832
1749267446,1.92900000,106.90000000,1.832
1749267446,1.93000000,110.60000000,1.832
1749267446,1.93200000,37.70000000,1.832
1749267446,1.93300000,2730.60000000,1.832
1749267446,1.93400000,7.90000000,1.832
1749267446,1.93500000,2.60000000,1.832
1749267446,1.93600000,200.00000000,1.832
1749267446,1.93700000,10.60000000,1.832
1749267446,1.93800000,154.40000000,1.832
1749267446,1.93900000,12.10000000,1.832
1749267446,1.94000000,881.50000000,1.832
1749267747,1.84000000,340.40000000,1.84
1749267747,1.84100000,2507.50000000,1.84
1749267747,1.84200000,5369.90000000,1.84
1749267747,1.84300000,3917.70000000,1.84
1749267747,1.84400000,3552.40000000,1.84
1749267747,1.84500000,3629.40000000,1.84
1749267747,1.84600000,4506.20000000,1.84
1749267747,1.84700000,5893.40000000,1.84
1749267747,1.84800000,714.40000000,1.84
1749267747,1.84900000,291.80000000,1.84
1749267747,1.85000000,826.80000000,1.84
1749267747,1.85100000,1067.70000000,1.84
1749267747,1.85200000,9.70000000,1.84
1749267747,1.85300000,438.90000000,1.84
1749267747,1.85400000,12.50000000,1.84
1749267747,1.85500000,979.60000000,1.84
1749267747,1.85600000,14.60000000,1.84
1749267747,1.85700000,181.60000000,1.84
1749267747,1.85800000,202.80000000,1.84
1749267747,1.85900000,237.50000000,1.84
1749267747,1.86000000,112.50000000,1.84
1749267747,1.86100000,37.50000000,1.84
1749267747,1.86200000,464.80000000,1.84
1749267747,1.86300000,106.40000000,1.84
1749267747,1.86400000,307.90000000,1.84
1749267747,1.86500000,11.90000000,1.84
1749267747,1.86600000,484.20000000,1.84
1749267747,1.86700000,864.20000000,1.84
1749267747,1.86800000,34.10000000,1.84
1749267747,1.86900000,377.60000000,1.84
1749267747,1.87000000,17770.40000000,1.84
1749267747,1.87100000,5.60000000,1.84
1749267747,1.87200000,72.30000000,1.84
1749267747,1.87300000,5.60000000,1.84
1749267747,1.87400000,5.60000000,1.84
1749267747,1.87500000,12.10000000,1.84
1749267747,1.87600000,1131.80000000,1.84
1749267747,1.87700000,106.50000000,1.84
1749267747,1.87800000,279.80000000,1.84
1749267747,1.87900000,17.70000000,1.84
1749267747,1.88000000,141.80000000,1.84
1749267747,1.88100000,8.40000000,1.84
1749267747,1.88200000,10.10000000,1.84
1749267747,1.88300000,114.80000000,1.84
1749267747,1.88400000,1715.10000000,1.84
1749267747,1.88500000,83.30000000,1.84
1749267747,1.88600000,385.40000000,1.84
1749267747,1.88700000,279.50000000,1.84
1749267747,1.88800000,20.60000000,1.84
1749267747,1.88900000,5.60000000,1.84
1749267747,1.89000000,125.60000000,1.84
1749267747,1.89100000,5.60000000,1.84
1749267747,1.89200000,8.40000000,1.84
1749267747,1.89300000,11.70000000,1.84
1749267747,1.89400000,11.90000000,1.84
1749267747,1.89500000,5.60000000,1.84
1749267747,1.89600000,72.20000000,1.84
1749267747,1.89700000,11.90000000,1.84
1749267747,1.89800000,12.80000000,1.84
1749267747,1.89900000,1243.80000000,1.84
1749267747,1.90000000,230.60000000,1.84
1749267747,1.90100000,5.50000000,1.84
1749267747,1.90200000,5.50000000,1.84
1749267747,1.90300000,8.30000000,1.84
1749267747,1.90400000,12.90000000,1.84
1749267747,1.90500000,572.70000000,1.84
1749267747,1.90600000,10.20000000,1.84
1749267747,1.90700000,202.70000000,1.84
1749267747,1.90800000,5.50000000,1.84
1749267747,1.90900000,8.30000000,1.84
1749267747,1.91000000,115.50000000,1.84
1749267747,1.91100000,5.50000000,1.84
1749267747,1.91200000,5.50000000,1.84
1749267747,1.91300000,5.50000000,1.84
1749267747,1.91400000,15.10000000,1.84
1749267747,1.91500000,150.70000000,1.84
1749267747,1.91600000,9.90000000,1.84
1749267747,1.91800000,139.90000000,1.84
1749267747,1.91900000,1150.00000000,1.84
1749267747,1.92000000,113.60000000,1.84
1749267747,1.92100000,45.00000000,1.84
1749267747,1.92500000,39.60000000,1.84
1749267747,1.92600000,9.40000000,1.84
1749267747,1.92700000,439.40000000,1.84
1749267747,1.92800000,7145.30000000,1.84
1749267747,1.92900000,106.90000000,1.84
1749267747,1.93000000,110.60000000,1.84
1749267747,1.93200000,37.70000000,1.84
1749267747,1.93300000,2730.60000000,1.84
1749267747,1.93400000,7.90000000,1.84
1749267747,1.93500000,2.60000000,1.84
1749267747,1.93600000,200.00000000,1.84
1749267747,1.93700000,10.60000000,1.84
1749267747,1.93800000,154.40000000,1.84
1749267747,1.93900000,12.10000000,1.84
1749267747,1.94000000,881.50000000,1.84
1749267747,1.94100000,2.80000000,1.84
1749267747,1.94200000,6.70000000,1.84
1749267747,1.94700000,56.40000000,1.84
1749267747,1.94800000,4.30000000,1.84
1749268054,1.84100000,321.90000000,1.84
1749268054,1.84200000,1568.50000000,1.84
1749268054,1.84300000,4628.50000000,1.84
1749268054,1.84400000,7979.20000000,1.84
1749268054,1.84500000,6392.40000000,1.84
1749268054,1.84600000,4605.20000000,1.84
1749268054,1.84700000,2969.60000000,1.84
1749268054,1.84800000,859.60000000,1.84
1749268054,1.84900000,562.50000000,1.84
1749268054,1.85000000,6315.90000000,1.84
1749268054,1.85100000,403.30000000,1.84
1749268054,1.85200000,285.40000000,1.84
1749268054,1.85300000,904.60000000,1.84
1749268054,1.85400000,7175.60000000,1.84
1749268054,1.85500000,607.40000000,1.84
1749268054,1.85600000,636.70000000,1.84
1749268054,1.85700000,181.60000000,1.84
1749268054,1.85800000,338.30000000,1.84
1749268054,1.85900000,237.50000000,1.84
1749268054,1.86000000,213.40000000,1.84
1749268054,1.86100000,15.10000000,1.84
