timestamp,price,volume,current_price
1749258373,1.81500000,545.50000000,1.814
1749258373,1.81600000,3569.70000000,1.814
1749258373,1.81700000,5020.80000000,1.814
1749258373,1.81800000,5078.20000000,1.814
1749258373,1.81900000,2584.00000000,1.814
1749258373,1.82000000,1183.80000000,1.814
1749258373,1.82100000,6774.80000000,1.814
1749258373,1.82200000,514.80000000,1.814
1749258373,1.82300000,5051.10000000,1.814
1749258373,1.82400000,760.90000000,1.814
1749258373,1.82500000,639.10000000,1.814
1749258373,1.82600000,614.10000000,1.814
1749258373,1.82700000,1049.50000000,1.814
1749258373,1.82800000,667.50000000,1.814
1749258373,1.82900000,430.30000000,1.814
1749258373,1.83000000,697.70000000,1.814
1749258373,1.83100000,849.00000000,1.814
1749258373,1.83200000,1429.90000000,1.814
1749258373,1.83300000,176.40000000,1.814
1749258373,1.83400000,678.90000000,1.814
1749258373,1.83500000,163.20000000,1.814
1749258373,1.83600000,532.80000000,1.814
1749258373,1.83700000,158.30000000,1.814
1749258373,1.83800000,296.90000000,1.814
1749258373,1.83900000,160.40000000,1.814
1749258373,1.84000000,442.50000000,1.814
1749258373,1.84100000,449.90000000,1.814
1749258373,1.84200000,231.70000000,1.814
1749258373,1.84300000,258.60000000,1.814
1749258373,1.84400000,1139.20000000,1.814
1749258373,1.84500000,261.30000000,1.814
1749258373,1.84600000,11.10000000,1.814
1749258373,1.84700000,50.60000000,1.814
1749258373,1.84800000,206.00000000,1.814
1749258373,1.84900000,61.10000000,1.814
1749258373,1.85000000,137.50000000,1.814
1749258373,1.85100000,385.40000000,1.814
1749258373,1.85200000,27.30000000,1.814
1749258373,1.85300000,345.50000000,1.814
1749258373,1.85400000,8.40000000,1.814
1749258373,1.85500000,688.90000000,1.814
1749258373,1.85600000,10.50000000,1.814
1749258373,1.85700000,5.60000000,1.814
1749258373,1.85800000,10.20000000,1.814
1749258373,1.85900000,66.30000000,1.814
1749258373,1.86000000,251.80000000,1.814
1749258373,1.86100000,283.80000000,1.814
1749258373,1.86200000,5.60000000,1.814
1749258373,1.86300000,5.60000000,1.814
1749258373,1.86400000,284.80000000,1.814
1749258373,1.86500000,86.90000000,1.814
1749258373,1.86600000,37.00000000,1.814
1749258373,1.86700000,578.00000000,1.814
1749258373,1.86800000,11.90000000,1.814
1749258373,1.86900000,5.60000000,1.814
1749258373,1.87000000,17770.40000000,1.814
1749258373,1.87100000,5.60000000,1.814
1749258373,1.87200000,50.60000000,1.814
1749258373,1.87300000,5.60000000,1.814
1749258373,1.87400000,5.60000000,1.814
1749258373,1.87500000,1185.90000000,1.814
1749258373,1.87600000,210.40000000,1.814
1749258373,1.87700000,9.90000000,1.814
1749258373,1.87800000,8.70000000,1.814
1749258373,1.87900000,17.70000000,1.814
1749258373,1.88000000,137.50000000,1.814
1749258373,1.88100000,13.70000000,1.814
1749258373,1.88200000,10.10000000,1.814
1749258373,1.88300000,13.70000000,1.814
1749258373,1.88400000,1715.10000000,1.814
1749258373,1.88500000,14.40000000,1.814
1749258373,1.88600000,17.30000000,1.814
1749258373,1.88700000,14.80000000,1.814
1749258373,1.88800000,587.80000000,1.814
1749258373,1.88900000,5.60000000,1.814
1749258373,1.89000000,125.60000000,1.814
1749258373,1.89200000,2.80000000,1.814
1749258373,1.89300000,6.10000000,1.814
1749258373,1.89600000,70.80000000,1.814
1749258373,1.89700000,6.30000000,1.814
1749258373,1.89800000,7.20000000,1.814
1749258373,1.89900000,52.60000000,1.814
1749258373,1.90000000,225.10000000,1.814
1749258373,1.90100000,140.70000000,1.814
1749258373,1.90300000,2.80000000,1.814
1749258373,1.90400000,149.80000000,1.814
1749258373,1.90600000,4.70000000,1.814
1749258373,1.90700000,338.70000000,1.814
1749258373,1.90900000,2.80000000,1.814
1749258373,1.91000000,110.00000000,1.814
1749258373,1.91400000,9.60000000,1.814
1749258373,1.91500000,4.40000000,1.814
1749258373,1.91600000,4.70000000,1.814
1749258373,1.91900000,1150.00000000,1.814
1749258373,1.92000000,113.60000000,1.814
1749258373,1.92100000,45.00000000,1.814
1749258373,1.92500000,39.60000000,1.814
1749258373,1.92600000,9.40000000,1.814
1749258373,1.92700000,439.40000000,1.814
1749258373,1.92800000,7211.60000000,1.814
1749258689,1.80700000,14.60000000,1.806
1749258689,1.80800000,2126.40000000,1.806
1749258689,1.80900000,4463.40000000,1.806
1749258689,1.81000000,6668.90000000,1.806
1749258689,1.81100000,3554.30000000,1.806
1749258689,1.81200000,712.50000000,1.806
1749258689,1.81300000,1545.10000000,1.806
1749258689,1.81400000,662.70000000,1.806
1749258689,1.81500000,3396.90000000,1.806
1749258689,1.81600000,3998.30000000,1.806
1749258689,1.81700000,1232.20000000,1.806
1749258689,1.81800000,4949.80000000,1.806
1749258689,1.81900000,943.50000000,1.806
1749258689,1.82000000,976.90000000,1.806
1749258689,1.82100000,663.00000000,1.806
1749258689,1.82200000,975.30000000,1.806
1749258689,1.82300000,374.60000000,1.806
1749258689,1.82400000,817.70000000,1.806
1749258689,1.82500000,772.00000000,1.806
1749258689,1.82600000,838.80000000,1.806
1749258689,1.82700000,647.80000000,1.806
1749258689,1.82800000,547.80000000,1.806
1749258689,1.82900000,665.20000000,1.806
1749258689,1.83000000,439.20000000,1.806
1749258689,1.83100000,335.60000000,1.806
1749258689,1.83200000,328.20000000,1.806
1749258689,1.83300000,326.00000000,1.806
1749258689,1.83400000,158.30000000,1.806
1749258689,1.83500000,397.10000000,1.806
1749258689,1.83600000,23.60000000,1.806
1749258689,1.83700000,432.10000000,1.806
1749258689,1.83800000,660.60000000,1.806
1749258689,1.83900000,472.80000000,1.806
1749258689,1.84000000,207.90000000,1.806
1749258689,1.84100000,5.60000000,1.806
1749258689,1.84200000,83.00000000,1.806
1749258689,1.84300000,8.40000000,1.806
1749258689,1.84400000,129.20000000,1.806
1749258689,1.84500000,283.60000000,1.806
1749258689,1.84600000,11.10000000,1.806
1749258689,1.84700000,50.60000000,1.806
1749258689,1.84800000,545.90000000,1.806
1749258689,1.84900000,61.10000000,1.806
1749258689,1.85000000,115.30000000,1.806
1749258689,1.85100000,284.30000000,1.806
1749258689,1.85200000,107.70000000,1.806
1749258689,1.85300000,81.10000000,1.806
1749258689,1.85400000,589.90000000,1.806
1749258689,1.85500000,5.60000000,1.806
1749258689,1.85600000,10.50000000,1.806
1749258689,1.85700000,5.60000000,1.806
1749258689,1.85800000,10.20000000,1.806
1749258689,1.85900000,66.30000000,1.806
1749258689,1.86000000,619.90000000,1.806
1749258689,1.86100000,11.00000000,1.806
1749258689,1.86200000,5.60000000,1.806
1749258689,1.86300000,5.60000000,1.806
1749258689,1.86400000,284.80000000,1.806
1749258689,1.86500000,11.90000000,1.806
1749258689,1.86600000,37.00000000,1.806
1749258689,1.86700000,209.90000000,1.806
1749258689,1.86800000,11.90000000,1.806
1749258689,1.86900000,5.60000000,1.806
1749258689,1.87000000,17770.40000000,1.806
1749258689,1.87100000,5.60000000,1.806
1749258689,1.87200000,50.60000000,1.806
1749258689,1.87300000,5.60000000,1.806
1749258689,1.87400000,5.60000000,1.806
1749258689,1.87500000,1185.90000000,1.806
1749258689,1.87600000,210.40000000,1.806
1749258689,1.87700000,9.90000000,1.806
1749258689,1.87800000,8.70000000,1.806
1749258689,1.87900000,17.70000000,1.806
1749258689,1.88000000,137.50000000,1.806
1749258689,1.88100000,13.70000000,1.806
1749258689,1.88200000,10.10000000,1.806
1749258689,1.88300000,575.30000000,1.806
1749258689,1.88400000,1709.50000000,1.806
1749258689,1.88500000,8.80000000,1.806
1749258689,1.88600000,11.70000000,1.806
1749258689,1.88700000,9.20000000,1.806
1749258689,1.88800000,15.00000000,1.806
1749258689,1.89000000,120.00000000,1.806
1749258689,1.89200000,2.80000000,1.806
1749258689,1.89300000,6.10000000,1.806
1749258689,1.89600000,70.80000000,1.806
1749258689,1.89700000,6.30000000,1.806
1749258689,1.89800000,7.20000000,1.806
1749258689,1.89900000,52.60000000,1.806
1749258689,1.90000000,225.10000000,1.806
1749258689,1.90100000,139.40000000,1.806
1749258689,1.90300000,2.80000000,1.806
1749258689,1.90400000,149.90000000,1.806
1749258689,1.90600000,4.70000000,1.806
1749258689,1.90700000,337.50000000,1.806
1749258689,1.90900000,2.80000000,1.806
1749258689,1.91000000,110.00000000,1.806
1749258689,1.91400000,9.60000000,1.806
1749258689,1.91500000,4.40000000,1.806
1749258689,1.91600000,4.70000000,1.806
1749258991,1.80600000,1050.90000000,1.805
1749258991,1.80700000,3249.00000000,1.805
1749258991,1.80800000,5713.40000000,1.805
1749258991,1.80900000,5371.10000000,1.805
1749258991,1.81000000,5901.00000000,1.805
1749258991,1.81100000,5192.20000000,1.805
1749258991,1.81200000,1170.80000000,1.805
1749258991,1.81300000,3315.30000000,1.805
1749258991,1.81400000,531.50000000,1.805
1749258991,1.81500000,4176.20000000,1.805
1749258991,1.81600000,626.80000000,1.805
1749258991,1.81700000,1608.20000000,1.805
1749258991,1.81800000,4949.80000000,1.805
1749258991,1.81900000,1062.50000000,1.805
1749258991,1.82000000,1302.70000000,1.805
1749258991,1.82100000,606.10000000,1.805
1749258991,1.82200000,329.60000000,1.805
1749258991,1.82300000,476.60000000,1.805
1749258991,1.82400000,1255.40000000,1.805
1749258991,1.82500000,334.50000000,1.805
1749258991,1.82600000,838.80000000,1.805
1749258991,1.82700000,271.90000000,1.805
1749258991,1.82800000,547.80000000,1.805
1749258991,1.82900000,938.70000000,1.805
1749258991,1.83000000,439.20000000,1.805
1749258991,1.83100000,335.60000000,1.805
1749258991,1.83200000,704.40000000,1.805
1749258991,1.83300000,177.50000000,1.805
1749258991,1.83400000,9.80000000,1.805
1749258991,1.83500000,522.40000000,1.805
1749258991,1.83600000,23.60000000,1.805
1749258991,1.83700000,9.80000000,1.805
1749258991,1.83800000,660.60000000,1.805
1749258991,1.83900000,458.80000000,1.805
1749258991,1.84000000,207.90000000,1.805
1749258991,1.84100000,5.60000000,1.805
1749258991,1.84200000,83.00000000,1.805
1749258991,1.84300000,8.40000000,1.805
1749258991,1.84400000,403.70000000,1.805
1749258991,1.84500000,10.50000000,1.805
1749258991,1.84600000,11.10000000,1.805
1749258991,1.84700000,50.60000000,1.805
1749258991,1.84800000,545.90000000,1.805
1749258991,1.84900000,61.10000000,1.805
1749258991,1.85000000,115.30000000,1.805
1749258991,1.85100000,10.50000000,1.805
1749258991,1.85200000,5.60000000,1.805
1749258991,1.85300000,81.10000000,1.805
1749258991,1.85400000,589.90000000,1.805
1749258991,1.85500000,5.60000000,1.805
1749258991,1.85600000,10.50000000,1.805
1749258991,1.85700000,5.60000000,1.805
1749258991,1.85800000,10.20000000,1.805
1749258991,1.85900000,66.30000000,1.805
1749258991,1.86000000,619.90000000,1.805
1749258991,1.86100000,11.00000000,1.805
1749258991,1.86200000,5.60000000,1.805
1749258991,1.86300000,5.60000000,1.805
1749258991,1.86400000,284.80000000,1.805
1749258991,1.86500000,11.90000000,1.805
1749258991,1.86600000,37.00000000,1.805
1749258991,1.86700000,209.90000000,1.805
1749258991,1.86800000,11.90000000,1.805
1749258991,1.86900000,5.60000000,1.805
1749258991,1.87000000,17770.40000000,1.805
1749258991,1.87100000,5.60000000,1.805
1749258991,1.87200000,50.60000000,1.805
1749258991,1.87300000,5.60000000,1.805
1749258991,1.87400000,5.60000000,1.805
1749258991,1.87500000,1185.90000000,1.805
1749258991,1.87600000,210.40000000,1.805
1749258991,1.87700000,9.90000000,1.805
1749258991,1.87800000,8.70000000,1.805
1749258991,1.87900000,17.70000000,1.805
1749258991,1.88000000,137.50000000,1.805
1749258991,1.88100000,13.70000000,1.805
1749258991,1.88200000,4.50000000,1.805
1749258991,1.88300000,575.30000000,1.805
1749258991,1.88400000,1709.50000000,1.805
1749258991,1.88500000,8.80000000,1.805
1749258991,1.88600000,11.70000000,1.805
1749258991,1.88700000,9.20000000,1.805
1749258991,1.88800000,15.00000000,1.805
1749258991,1.89000000,120.00000000,1.805
1749258991,1.89200000,2.80000000,1.805
1749258991,1.89300000,6.10000000,1.805
1749258991,1.89600000,70.80000000,1.805
1749258991,1.89700000,6.30000000,1.805
1749258991,1.89800000,7.20000000,1.805
1749258991,1.89900000,52.60000000,1.805
1749258991,1.90000000,225.10000000,1.805
1749258991,1.90100000,139.40000000,1.805
1749258991,1.90300000,2.80000000,1.805
1749258991,1.90400000,149.90000000,1.805
1749258991,1.90600000,4.70000000,1.805
1749258991,1.90700000,337.50000000,1.805
1749258991,1.90900000,2.80000000,1.805
1749258991,1.91000000,110.00000000,1.805
1749258991,1.91400000,9.60000000,1.805
1749258991,1.91500000,4.40000000,1.805
