timestamp,price,volume,current_price
1749254506,0.45040000,2446.70000000,0.4504
1749254506,0.45050000,4907.60000000,0.4504
1749254506,0.45060000,10545.30000000,0.4504
1749254506,0.45070000,14367.50000000,0.4504
1749254506,0.45080000,9152.10000000,0.4504
1749254506,0.45090000,11394.90000000,0.4504
1749254506,0.45100000,24537.80000000,0.4504
1749254506,0.45110000,50455.40000000,0.4504
1749254506,0.45120000,16193.00000000,0.4504
1749254506,0.45130000,11156.00000000,0.4504
1749254506,0.45140000,11075.10000000,0.4504
1749254506,0.45150000,13305.40000000,0.4504
1749254506,0.45160000,5192.50000000,0.4504
1749254506,0.45170000,15103.80000000,0.4504
1749254506,0.45180000,4422.90000000,0.4504
1749254506,0.45190000,5250.10000000,0.4504
1749254506,0.45200000,2099.50000000,0.4504
1749254506,0.45210000,11995.60000000,0.4504
1749254506,0.45220000,34.40000000,0.4504
1749254506,0.45230000,16177.60000000,0.4504
1749254506,0.45240000,13051.30000000,0.4504
1749254506,0.45250000,4187.70000000,0.4504
1749254506,0.45260000,8518.70000000,0.4504
1749254506,0.45270000,533.50000000,0.4504
1749254506,0.45280000,4035.40000000,0.4504
1749254506,0.45290000,2686.60000000,0.4504
1749254506,0.45300000,4008.00000000,0.4504
1749254506,0.45310000,256.90000000,0.4504
1749254506,0.45320000,18559.30000000,0.4504
1749254506,0.45330000,312.30000000,0.4504
1749254506,0.45340000,3731.50000000,0.4504
1749254506,0.45350000,478.10000000,0.4504
1749254506,0.45360000,3307.30000000,0.4504
1749254506,0.45370000,259.90000000,0.4504
1749254506,0.45380000,5685.60000000,0.4504
1749254506,0.45390000,259.90000000,0.4504
1749254506,0.45400000,3897.30000000,0.4504
1749254506,0.45410000,259.90000000,0.4504
1749254506,0.45420000,3952.80000000,0.4504
1749254506,0.45430000,1821.50000000,0.4504
1749254506,0.45440000,3307.30000000,0.4504
1749254506,0.45450000,260.00000000,0.4504
1749254506,0.45460000,3731.50000000,0.4504
1749254506,0.45470000,810.20000000,0.4504
1749254506,0.45480000,4634.00000000,0.4504
1749254506,0.45490000,4055.00000000,0.4504
1749254506,0.45500000,4092.00000000,0.4504
1749254506,0.45510000,259.80000000,0.4504
1749254506,0.45520000,22.00000000,0.4504
1749254506,0.45530000,259.80000000,0.4504
1749254506,0.45540000,3731.40000000,0.4504
1749254506,0.45550000,259.80000000,0.4504
1749254506,0.45560000,243.30000000,0.4504
1749254506,0.45570000,38.50000000,0.4504
1749254506,0.45580000,243.40000000,0.4504
1749254506,0.45590000,38.50000000,0.4504
1749254506,0.45600000,243.30000000,0.4504
1749254506,0.45610000,38.50000000,0.4504
1749254506,0.45620000,458.40000000,0.4504
1749254506,0.45630000,259.70000000,0.4504
1749254506,0.45640000,22.30000000,0.4504
1749254506,0.45650000,259.80000000,0.4504
1749254506,0.45660000,22.30000000,0.4504
1749254506,0.45670000,38.80000000,0.4504
1749254506,0.45680000,3345.90000000,0.4504
1749254506,0.45690000,38.80000000,0.4504
1749254506,0.45700000,633.70000000,0.4504
1749254506,0.45710000,5508.90000000,0.4504
1749254506,0.45720000,22.30000000,0.4504
1749254506,0.45730000,22.30000000,0.4504
1749254506,0.45740000,22.30000000,0.4504
1749254506,0.45750000,22.30000000,0.4504
1749254506,0.45760000,104.70000000,0.4504
1749254506,0.45770000,22.30000000,0.4504
1749254506,0.45780000,35.00000000,0.4504
1749254506,0.45790000,22.30000000,0.4504
1749254506,0.45800000,97.10000000,0.4504
1749254506,0.45960000,57.00000000,0.4504
1749254506,0.45970000,111.80000000,0.4504
1749254506,0.45980000,28.50000000,0.4504
1749254506,0.45990000,28.50000000,0.4504
1749254506,0.46000000,56.30000000,0.4504
1749254506,0.46010000,119.60000000,0.4504
1749254506,0.46020000,138.40000000,0.4504
1749254506,0.46060000,28.50000000,0.4504
1749254506,0.46070000,57.00000000,0.4504
1749254506,0.46080000,57.00000000,0.4504
1749254506,0.46090000,28.50000000,0.4504
1749254506,0.46100000,85.50000000,0.4504
1749254506,0.46120000,57.00000000,0.4504
1749254506,0.46130000,57.00000000,0.4504
1749254506,0.46150000,88.60000000,0.4504
1749254506,0.46160000,28.40000000,0.4504
1749254506,0.46180000,28.50000000,0.4504
1749254506,0.46240000,216.20000000,0.4504
1749254506,0.46270000,10.90000000,0.4504
1749254506,0.46280000,26.40000000,0.4504
1749254506,0.46300000,12.80000000,0.4504
1749254506,0.46360000,6093.40000000,0.4504
1749254506,0.46450000,28.20000000,0.4504
1749254812,0.44970000,180.20000000,0.4496
1749254812,0.44980000,3503.10000000,0.4496
1749254812,0.44990000,7736.70000000,0.4496
1749254812,0.45000000,7782.80000000,0.4496
1749254812,0.45010000,20931.30000000,0.4496
1749254812,0.45020000,35467.40000000,0.4496
1749254812,0.45030000,34565.60000000,0.4496
1749254812,0.45040000,23744.20000000,0.4496
1749254812,0.45050000,33829.80000000,0.4496
1749254812,0.45060000,4238.50000000,0.4496
1749254812,0.45070000,15708.30000000,0.4496
1749254812,0.45080000,12517.00000000,0.4496
1749254812,0.45090000,5846.90000000,0.4496
1749254812,0.45100000,5388.70000000,0.4496
1749254812,0.45110000,3823.60000000,0.4496
1749254812,0.45120000,1253.20000000,0.4496
1749254812,0.45130000,4481.90000000,0.4496
1749254812,0.45140000,14867.10000000,0.4496
1749254812,0.45150000,4028.70000000,0.4496
1749254812,0.45160000,13200.60000000,0.4496
1749254812,0.45170000,5548.60000000,0.4496
1749254812,0.45180000,4833.50000000,0.4496
1749254812,0.45190000,4025.10000000,0.4496
1749254812,0.45200000,1887.20000000,0.4496
1749254812,0.45210000,4683.00000000,0.4496
1749254812,0.45220000,14302.60000000,0.4496
1749254812,0.45230000,4246.40000000,0.4496
1749254812,0.45240000,435.80000000,0.4496
1749254812,0.45250000,5240.70000000,0.4496
1749254812,0.45260000,22.10000000,0.4496
1749254812,0.45270000,478.10000000,0.4496
1749254812,0.45280000,4035.40000000,0.4496
1749254812,0.45290000,38.70000000,0.4496
1749254812,0.45300000,17656.80000000,0.4496
1749254812,0.45310000,38.70000000,0.4496
1749254812,0.45320000,3528.30000000,0.4496
1749254812,0.45330000,38.70000000,0.4496
1749254812,0.45340000,3731.50000000,0.4496
1749254812,0.45350000,259.90000000,0.4496
1749254812,0.45360000,3307.30000000,0.4496
1749254812,0.45370000,3006.10000000,0.4496
1749254812,0.45380000,5685.60000000,0.4496
1749254812,0.45390000,259.90000000,0.4496
1749254812,0.45400000,3897.30000000,0.4496
1749254812,0.45410000,259.90000000,0.4496
1749254812,0.45420000,3952.80000000,0.4496
1749254812,0.45430000,1821.50000000,0.4496
1749254812,0.45440000,3295.10000000,0.4496
1749254812,0.45450000,260.00000000,0.4496
1749254812,0.45460000,3731.50000000,0.4496
1749254812,0.45470000,810.20000000,0.4496
1749254812,0.45480000,3845.60000000,0.4496
1749254812,0.45490000,2086.90000000,0.4496
1749254812,0.45500000,4092.00000000,0.4496
1749254812,0.45510000,259.80000000,0.4496
1749254812,0.45520000,22.00000000,0.4496
1749254812,0.45530000,259.80000000,0.4496
1749254812,0.45540000,3731.40000000,0.4496
1749254812,0.45550000,3569.00000000,0.4496
1749254812,0.45560000,243.30000000,0.4496
1749254812,0.45570000,38.50000000,0.4496
1749254812,0.45580000,243.40000000,0.4496
1749254812,0.45590000,38.50000000,0.4496
1749254812,0.45600000,325.70000000,0.4496
1749254812,0.45610000,5537.10000000,0.4496
1749254812,0.45620000,458.40000000,0.4496
1749254812,0.45630000,259.70000000,0.4496
1749254812,0.45640000,119.40000000,0.4496
1749254812,0.45650000,259.80000000,0.4496
1749254812,0.45660000,22.30000000,0.4496
1749254812,0.45670000,38.80000000,0.4496
1749254812,0.45680000,22.30000000,0.4496
1749254812,0.45690000,38.80000000,0.4496
1749254812,0.45700000,633.70000000,0.4496
1749254812,0.45710000,22.30000000,0.4496
1749254812,0.45720000,22.30000000,0.4496
1749254812,0.45780000,12.70000000,0.4496
1749254812,0.45890000,91.10000000,0.4496
1749254812,0.45960000,57.00000000,0.4496
1749254812,0.45970000,111.80000000,0.4496
1749254812,0.45980000,28.50000000,0.4496
1749254812,0.45990000,28.50000000,0.4496
1749254812,0.46000000,56.30000000,0.4496
1749254812,0.46010000,28.50000000,0.4496
1749254812,0.46020000,138.40000000,0.4496
1749254812,0.46060000,28.50000000,0.4496
1749254812,0.46070000,57.00000000,0.4496
1749254812,0.46080000,57.00000000,0.4496
1749254812,0.46090000,28.50000000,0.4496
1749254812,0.46100000,85.50000000,0.4496
1749254812,0.46120000,57.00000000,0.4496
1749254812,0.46130000,57.00000000,0.4496
1749254812,0.46150000,88.60000000,0.4496
1749254812,0.46160000,28.40000000,0.4496
1749254812,0.46180000,28.50000000,0.4496
1749254812,0.46240000,216.20000000,0.4496
1749254812,0.46270000,10.90000000,0.4496
1749254812,0.46280000,26.40000000,0.4496
1749254812,0.46300000,12.80000000,0.4496
1749254812,0.46360000,6093.40000000,0.4496
