timestamp,price,volume,current_price
1749258275,0.45820000,1679.20000000,0.4582
1749258275,0.45830000,18629.40000000,0.4582
1749258275,0.45840000,9958.80000000,0.4582
1749258275,0.45850000,21573.10000000,0.4582
1749258275,0.45860000,21032.00000000,0.4582
1749258275,0.45870000,19294.70000000,0.4582
1749258275,0.45880000,26438.00000000,0.4582
1749258275,0.45890000,18367.80000000,0.4582
1749258275,0.45900000,7053.50000000,0.4582
1749258275,0.45910000,6697.30000000,0.4582
1749258275,0.45920000,8425.20000000,0.4582
1749258275,0.45930000,5121.70000000,0.4582
1749258275,0.45940000,9683.90000000,0.4582
1749258275,0.45950000,9990.10000000,0.4582
1749258275,0.45960000,4457.60000000,0.4582
1749258275,0.45970000,2354.30000000,0.4582
1749258275,0.45980000,20200.50000000,0.4582
1749258275,0.45990000,847.60000000,0.4582
1749258275,0.46000000,3323.20000000,0.4582
1749258275,0.46010000,6417.10000000,0.4582
1749258275,0.46020000,21016.20000000,0.4582
1749258275,0.46030000,256.40000000,0.4582
1749258275,0.46040000,3306.80000000,0.4582
1749258275,0.46050000,964.80000000,0.4582
1749258275,0.46060000,15522.40000000,0.4582
1749258275,0.46070000,9520.10000000,0.4582
1749258275,0.46080000,3636.60000000,0.4582
1749258275,0.46090000,1376.60000000,0.4582
1749258275,0.46100000,5411.90000000,0.4582
1749258275,0.46110000,1764.90000000,0.4582
1749258275,0.46120000,3582.30000000,0.4582
1749258275,0.46130000,994.80000000,0.4582
1749258275,0.46140000,3567.80000000,0.4582
1749258275,0.46150000,345.40000000,0.4582
1749258275,0.46160000,3553.70000000,0.4582
1749258275,0.46170000,256.60000000,0.4582
1749258275,0.46180000,5571.20000000,0.4582
1749258275,0.46190000,285.40000000,0.4582
1749258275,0.46200000,3363.90000000,0.4582
1749258275,0.46210000,13722.10000000,0.4582
1749258275,0.46220000,3949.80000000,0.4582
1749258275,0.46230000,123.60000000,0.4582
1749258275,0.46240000,3525.00000000,0.4582
1749258275,0.46250000,38.40000000,0.4582
1749258275,0.46260000,3731.40000000,0.4582
1749258275,0.46270000,295.30000000,0.4582
1749258275,0.46280000,60.30000000,0.4582
1749258275,0.46290000,284.60000000,0.4582
1749258275,0.46300000,4288.20000000,0.4582
1749258275,0.46310000,38.40000000,0.4582
1749258275,0.46320000,22.00000000,0.4582
1749258275,0.46330000,256.20000000,0.4582
1749258275,0.46340000,1048.40000000,0.4582
1749258275,0.46350000,38.40000000,0.4582
1749258275,0.46360000,22.00000000,0.4582
1749258275,0.46370000,38.40000000,0.4582
1749258275,0.46380000,22.00000000,0.4582
1749258275,0.46390000,255.90000000,0.4582
1749258275,0.46400000,22.00000000,0.4582
1749258275,0.46410000,255.60000000,0.4582
1749258275,0.46420000,819.00000000,0.4582
1749258275,0.46430000,38.30000000,0.4582
1749258275,0.46440000,21.90000000,0.4582
1749258275,0.46450000,283.60000000,0.4582
1749258275,0.46460000,21.90000000,0.4582
1749258275,0.46470000,21.90000000,0.4582
1749258275,0.46480000,784.50000000,0.4582
1749258275,0.46490000,21.90000000,0.4582
1749258275,0.46500000,4054.30000000,0.4582
1749258275,0.46510000,21.90000000,0.4582
1749258275,0.46520000,21.90000000,0.4582
1749258275,0.46530000,21.90000000,0.4582
1749258275,0.46540000,50.10000000,0.4582
1749258275,0.46550000,132.50000000,0.4582
1749258275,0.46560000,21.90000000,0.4582
1749258275,0.46570000,50.10000000,0.4582
1749258275,0.46580000,464.60000000,0.4582
1749258275,0.46600000,2336.90000000,0.4582
1749258275,0.46610000,56.40000000,0.4582
1749258275,0.46640000,171.40000000,0.4582
1749258275,0.46660000,436.40000000,0.4582
1749258275,0.46720000,109.90000000,0.4582
1749258275,0.46760000,83.30000000,0.4582
1749258275,0.46800000,11.00000000,0.4582
1749258275,0.46820000,91.10000000,0.4582
1749258275,0.46840000,249.80000000,0.4582
1749258275,0.46860000,269.90000000,0.4582
1749258275,0.47000000,5144.70000000,0.4582
1749258275,0.47060000,12.90000000,0.4582
1749258275,0.47150000,30.90000000,0.4582
1749258275,0.47200000,211.80000000,0.4582
1749258275,0.47230000,21.20000000,0.4582
1749258275,0.47250000,600.00000000,0.4582
1749258275,0.47300000,13.80000000,0.4582
1749258275,0.47310000,5367.40000000,0.4582
1749258275,0.47400000,493.50000000,0.4582
1749258275,0.47410000,21.10000000,0.4582
1749258275,0.47420000,109.90000000,0.4582
1749258275,0.47430000,42.20000000,0.4582
1749258275,0.47470000,358.10000000,0.4582
1749258583,0.45790000,2523.20000000,0.4579
1749258583,0.45800000,17193.60000000,0.4579
1749258583,0.45810000,8568.10000000,0.4579
1749258583,0.45820000,10943.40000000,0.4579
1749258583,0.45830000,17003.40000000,0.4579
1749258583,0.45840000,13212.80000000,0.4579
1749258583,0.45850000,17580.10000000,0.4579
1749258583,0.45860000,14559.20000000,0.4579
1749258583,0.45870000,19376.80000000,0.4579
1749258583,0.45880000,21940.80000000,0.4579
1749258583,0.45890000,17726.20000000,0.4579
1749258583,0.45900000,12815.00000000,0.4579
1749258583,0.45910000,13340.10000000,0.4579
1749258583,0.45920000,3323.20000000,0.4579
1749258583,0.45930000,927.20000000,0.4579
1749258583,0.45940000,3873.20000000,0.4579
1749258583,0.45950000,11165.70000000,0.4579
1749258583,0.45960000,21360.20000000,0.4579
1749258583,0.45970000,5967.40000000,0.4579
1749258583,0.45980000,16084.50000000,0.4579
1749258583,0.45990000,2520.40000000,0.4579
1749258583,0.46000000,3306.80000000,0.4579
1749258583,0.46010000,12397.20000000,0.4579
1749258583,0.46020000,5531.30000000,0.4579
1749258583,0.46030000,256.40000000,0.4579
1749258583,0.46040000,3306.80000000,0.4579
1749258583,0.46050000,2693.30000000,0.4579
1749258583,0.46060000,4667.30000000,0.4579
1749258583,0.46070000,313.00000000,0.4579
1749258583,0.46080000,3582.30000000,0.4579
1749258583,0.46090000,1376.60000000,0.4579
1749258583,0.46100000,3817.00000000,0.4579
1749258583,0.46110000,13746.50000000,0.4579
1749258583,0.46120000,3364.10000000,0.4579
1749258583,0.46130000,488.00000000,0.4579
1749258583,0.46140000,3295.10000000,0.4579
1749258583,0.46150000,345.40000000,0.4579
1749258583,0.46160000,3335.50000000,0.4579
1749258583,0.46170000,256.60000000,0.4579
1749258583,0.46180000,4149.00000000,0.4579
1749258583,0.46190000,1049.80000000,0.4579
1749258583,0.46200000,3363.90000000,0.4579
1749258583,0.46210000,256.90000000,0.4579
1749258583,0.46220000,3949.80000000,0.4579
1749258583,0.46230000,123.60000000,0.4579
1749258583,0.46240000,3513.10000000,0.4579
1749258583,0.46250000,38.40000000,0.4579
1749258583,0.46260000,3731.40000000,0.4579
1749258583,0.46270000,295.30000000,0.4579
1749258583,0.46280000,48.40000000,0.4579
1749258583,0.46290000,284.60000000,0.4579
1749258583,0.46300000,3525.60000000,0.4579
1749258583,0.46310000,38.40000000,0.4579
1749258583,0.46320000,22.00000000,0.4579
1749258583,0.46330000,256.20000000,0.4579
1749258583,0.46340000,1048.40000000,0.4579
1749258583,0.46350000,256.10000000,0.4579
1749258583,0.46360000,22.00000000,0.4579
1749258583,0.46370000,38.40000000,0.4579
1749258583,0.46380000,22.00000000,0.4579
1749258583,0.46390000,255.90000000,0.4579
1749258583,0.46400000,22.00000000,0.4579
1749258583,0.46410000,255.60000000,0.4579
1749258583,0.46420000,458.40000000,0.4579
1749258583,0.46430000,292.90000000,0.4579
1749258583,0.46440000,3404.10000000,0.4579
1749258583,0.46450000,283.60000000,0.4579
1749258583,0.46460000,21.90000000,0.4579
1749258583,0.46470000,21.90000000,0.4579
1749258583,0.46480000,881.60000000,0.4579
1749258583,0.46490000,21.90000000,0.4579
1749258583,0.46500000,4054.30000000,0.4579
1749258583,0.46510000,21.90000000,0.4579
1749258583,0.46520000,21.90000000,0.4579
1749258583,0.46530000,21.90000000,0.4579
1749258583,0.46540000,50.10000000,0.4579
1749258583,0.46550000,28.20000000,0.4579
1749258583,0.46570000,28.20000000,0.4579
1749258583,0.46580000,464.60000000,0.4579
1749258583,0.46600000,2239.80000000,0.4579
1749258583,0.46610000,56.40000000,0.4579
1749258583,0.46640000,83.30000000,0.4579
1749258583,0.46660000,436.40000000,0.4579
1749258583,0.46710000,91.10000000,0.4579
1749258583,0.46720000,109.90000000,0.4579
1749258583,0.46800000,11.00000000,0.4579
1749258583,0.46840000,249.80000000,0.4579
1749258583,0.46860000,269.90000000,0.4579
1749258583,0.46980000,212.80000000,0.4579
1749258583,0.47000000,5112.70000000,0.4579
1749258583,0.47040000,5398.20000000,0.4579
1749258583,0.47060000,12.90000000,0.4579
1749258583,0.47130000,6232.80000000,0.4579
1749258583,0.47150000,30.90000000,0.4579
1749258583,0.47230000,21.20000000,0.4579
1749258583,0.47250000,600.00000000,0.4579
1749258583,0.47300000,13.80000000,0.4579
1749258583,0.47400000,493.50000000,0.4579
1749258583,0.47410000,21.10000000,0.4579
1749258583,0.47420000,109.90000000,0.4579
1749258903,0.45880000,2307.50000000,0.4588
1749258903,0.45890000,2329.80000000,0.4588
1749258903,0.45900000,17087.70000000,0.4588
1749258903,0.45910000,13825.60000000,0.4588
1749258903,0.45920000,16187.30000000,0.4588
1749258903,0.45930000,5595.40000000,0.4588
1749258903,0.45940000,15793.80000000,0.4588
1749258903,0.45950000,28779.90000000,0.4588
1749258903,0.45960000,22431.80000000,0.4588
1749258903,0.45970000,20414.60000000,0.4588
1749258903,0.45980000,10649.50000000,0.4588
1749258903,0.45990000,6337.10000000,0.4588
1749258903,0.46000000,12140.30000000,0.4588
1749258903,0.46010000,9483.10000000,0.4588
1749258903,0.46020000,3626.00000000,0.4588
1749258903,0.46030000,9497.80000000,0.4588
1749258903,0.46040000,14211.80000000,0.4588
1749258903,0.46050000,2709.70000000,0.4588
1749258903,0.46060000,3742.00000000,0.4588
1749258903,0.46070000,14519.50000000,0.4588
1749258903,0.46080000,3598.70000000,0.4588
1749258903,0.46090000,1370.80000000,0.4588
1749258903,0.46100000,5100.20000000,0.4588
1749258903,0.46110000,12446.00000000,0.4588
1749258903,0.46120000,8077.80000000,0.4588
1749258903,0.46130000,542.60000000,0.4588
1749258903,0.46140000,4351.10000000,0.4588
1749258903,0.46150000,888.70000000,0.4588
1749258903,0.46160000,6017.00000000,0.4588
1749258903,0.46170000,256.60000000,0.4588
1749258903,0.46180000,5337.90000000,0.4588
1749258903,0.46190000,285.40000000,0.4588
1749258903,0.46200000,16885.60000000,0.4588
1749258903,0.46210000,256.90000000,0.4588
1749258903,0.46220000,4168.00000000,0.4588
1749258903,0.46230000,123.60000000,0.4588
1749258903,0.46240000,3525.00000000,0.4588
1749258903,0.46250000,545.20000000,0.4588
1749258903,0.46260000,3949.60000000,0.4588
1749258903,0.46270000,349.80000000,0.4588
1749258903,0.46280000,60.30000000,0.4588
1749258903,0.46290000,284.60000000,0.4588
1749258903,0.46300000,3525.60000000,0.4588
1749258903,0.46310000,38.40000000,0.4588
1749258903,0.46320000,33.90000000,0.4588
1749258903,0.46330000,256.20000000,0.4588
1749258903,0.46340000,1864.70000000,0.4588
1749258903,0.46350000,256.10000000,0.4588
1749258903,0.46360000,22.00000000,0.4588
1749258903,0.46370000,256.00000000,0.4588
1749258903,0.46380000,382.60000000,0.4588
1749258903,0.46390000,255.90000000,0.4588
1749258903,0.46400000,22.00000000,0.4588
1749258903,0.46410000,310.10000000,0.4588
1749258903,0.46420000,458.40000000,0.4588
1749258903,0.46430000,38.30000000,0.4588
1749258903,0.46440000,21.90000000,0.4588
1749258903,0.46450000,283.60000000,0.4588
1749258903,0.46460000,21.90000000,0.4588
1749258903,0.46470000,21.90000000,0.4588
1749258903,0.46480000,839.00000000,0.4588
1749258903,0.46490000,21.90000000,0.4588
1749258903,0.46500000,4054.30000000,0.4588
1749258903,0.46510000,21.90000000,0.4588
1749258903,0.46520000,21.90000000,0.4588
1749258903,0.46530000,21.90000000,0.4588
1749258903,0.46540000,50.10000000,0.4588
1749258903,0.46550000,104.70000000,0.4588
1749258903,0.46560000,104.30000000,0.4588
1749258903,0.46570000,3377.70000000,0.4588
1749258903,0.46580000,486.50000000,0.4588
1749258903,0.46590000,21.90000000,0.4588
1749258903,0.46600000,2358.80000000,0.4588
1749258903,0.46610000,78.30000000,0.4588
1749258903,0.46620000,247.90000000,0.4588
1749258903,0.46630000,21.90000000,0.4588
1749258903,0.46640000,21.90000000,0.4588
1749258903,0.46660000,436.40000000,0.4588
1749258903,0.46720000,109.90000000,0.4588
1749258903,0.46770000,83.30000000,0.4588
1749258903,0.46800000,400.90000000,0.4588
1749258903,0.46840000,249.80000000,0.4588
1749258903,0.46860000,269.90000000,0.4588
1749258903,0.46880000,91.10000000,0.4588
1749258903,0.47000000,5112.70000000,0.4588
1749258903,0.47060000,12.90000000,0.4588
1749258903,0.47130000,6232.80000000,0.4588
1749258903,0.47140000,5386.80000000,0.4588
1749258903,0.47150000,30.90000000,0.4588
1749258903,0.47180000,211.90000000,0.4588
1749258903,0.47230000,21.20000000,0.4588
1749258903,0.47250000,600.00000000,0.4588
1749258903,0.47300000,13.80000000,0.4588
1749258903,0.47400000,493.50000000,0.4588
1749258903,0.47410000,21.10000000,0.4588
1749258903,0.47420000,109.90000000,0.4588
1749258903,0.47430000,42.20000000,0.4588
1749258903,0.47470000,358.10000000,0.4588
1749258903,0.47490000,55.20000000,0.4588
1749258903,0.47500000,600.00000000,0.4588
1749259205,0.45590000,1022.00000000,0.4559
1749259205,0.45600000,17894.50000000,0.4559
1749259205,0.45610000,4607.50000000,0.4559
1749259205,0.45620000,10659.40000000,0.4559
1749259205,0.45630000,5979.20000000,0.4559
1749259205,0.45640000,25085.50000000,0.4559
1749259205,0.45650000,39934.50000000,0.4559
1749259205,0.45660000,12538.30000000,0.4559
1749259205,0.45670000,6642.90000000,0.4559
1749259205,0.45680000,25154.30000000,0.4559
1749259205,0.45690000,8938.90000000,0.4559
1749259205,0.45700000,4698.70000000,0.4559
1749259205,0.45710000,24851.90000000,0.4559
1749259205,0.45720000,4403.50000000,0.4559
1749259205,0.45730000,7698.20000000,0.4559
1749259205,0.45740000,8741.70000000,0.4559
1749259205,0.45750000,1289.60000000,0.4559
1749259205,0.45760000,4154.40000000,0.4559
1749259205,0.45770000,13983.00000000,0.4559
1749259205,0.45780000,4091.60000000,0.4559
1749259205,0.45790000,751.50000000,0.4559
1749259205,0.45800000,4020.60000000,0.4559
1749259205,0.45810000,1187.90000000,0.4559
1749259205,0.45820000,16045.10000000,0.4559
1749259205,0.45830000,8404.90000000,0.4559
1749259205,0.45840000,17583.70000000,0.4559
1749259205,0.45850000,2107.20000000,0.4559
1749259205,0.45860000,3801.70000000,0.4559
1749259205,0.45870000,474.80000000,0.4559
1749259205,0.45880000,4359.90000000,0.4559
1749259205,0.45890000,911.00000000,0.4559
1749259205,0.45900000,3512.90000000,0.4559
1749259205,0.45910000,657.80000000,0.4559
1749259205,0.45920000,3361.30000000,0.4559
1749259205,0.45930000,2475.40000000,0.4559
1749259205,0.45940000,3294.80000000,0.4559
1749259205,0.45950000,256.30000000,0.4559
1749259205,0.45960000,3306.80000000,0.4559
1749259205,0.45970000,692.40000000,0.4559
1749259205,0.45980000,3512.50000000,0.4559
1749259205,0.45990000,92.60000000,0.4559
1749259205,0.46000000,3306.80000000,0.4559
1749259205,0.46010000,692.20000000,0.4559
1749259205,0.46020000,3294.80000000,0.4559
1749259205,0.46030000,255.70000000,0.4559
1749259205,0.46040000,4073.00000000,0.4559
1749259205,0.46050000,692.30000000,0.4559
1749259205,0.46060000,3377.90000000,0.4559
1749259205,0.46070000,313.20000000,0.4559
1749259205,0.46080000,3352.10000000,0.4559
1749259205,0.46090000,1370.80000000,0.4559
1749259205,0.46100000,3817.00000000,0.4559
1749259205,0.46110000,255.90000000,0.4559
1749259205,0.46120000,3942.10000000,0.4559
1749259205,0.46130000,367.40000000,0.4559
1749259205,0.46140000,4092.10000000,0.4559
1749259205,0.46150000,345.40000000,0.4559
1749259205,0.46160000,3323.50000000,0.4559
1749259205,0.46170000,256.60000000,0.4559
1749259205,0.46180000,3788.40000000,0.4559
1749259205,0.46190000,285.40000000,0.4559
1749259205,0.46200000,133.40000000,0.4559
1749259205,0.46210000,256.90000000,0.4559
1749259205,0.46220000,676.80000000,0.4559
1749259205,0.46230000,123.60000000,0.4559
1749259205,0.46240000,240.10000000,0.4559
1749259205,0.46250000,38.40000000,0.4559
1749259205,0.46260000,458.40000000,0.4559
1749259205,0.46270000,349.80000000,0.4559
1749259205,0.46280000,48.40000000,0.4559
1749259205,0.46290000,284.60000000,0.4559
1749259205,0.46300000,335.00000000,0.4559
1749259205,0.46310000,3369.40000000,0.4559
1749259205,0.46320000,22.00000000,0.4559
1749259205,0.46330000,256.20000000,0.4559
1749259205,0.46340000,436.40000000,0.4559
1749259205,0.46350000,113.50000000,0.4559
1749259205,0.46370000,188.90000000,0.4559
1749259205,0.46390000,16.40000000,0.4559
1749259205,0.46450000,28.20000000,0.4559
1749259205,0.46480000,762.60000000,0.4559
1749259205,0.46490000,174.40000000,0.4559
1749259205,0.46500000,3596.00000000,0.4559
1749259205,0.46540000,28.20000000,0.4559
1749259205,0.46550000,28.20000000,0.4559
1749259205,0.46570000,28.20000000,0.4559
1749259205,0.46580000,28.20000000,0.4559
1749259205,0.46600000,2239.80000000,0.4559
1749259205,0.46610000,56.40000000,0.4559
1749259205,0.46720000,109.90000000,0.4559
1749259205,0.46790000,5427.10000000,0.4559
1749259205,0.46800000,400.90000000,0.4559
1749259205,0.46840000,249.80000000,0.4559
1749259205,0.46860000,269.90000000,0.4559
1749259205,0.46920000,213.10000000,0.4559
1749259205,0.47000000,5112.70000000,0.4559
1749259205,0.47060000,12.90000000,0.4559
1749259205,0.47130000,6232.80000000,0.4559
1749259205,0.47150000,30.90000000,0.4559
1749259205,0.47230000,21.20000000,0.4559
