timestamp,price,volume,current_price
1749254639,1.64700000,3.40000000,1.6464
1749254639,1.64710000,4.60000000,1.6464
1749254639,1.64720000,51.40000000,1.6464
1749254639,1.64730000,148.60000000,1.6464
1749254639,1.64740000,51.40000000,1.6464
1749254639,1.64750000,153.20000000,1.6464
1749254639,1.64760000,70.80000000,1.6464
1749254639,1.64770000,393.00000000,1.6464
1749254639,1.64780000,739.60000000,1.6464
1749254639,1.64790000,773.60000000,1.6464
1749254639,1.64800000,2207.60000000,1.6464
1749254639,1.64810000,148.60000000,1.6464
1749254639,1.64820000,78.70000000,1.6464
1749254639,1.64830000,231.10000000,1.6464
1749254639,1.64840000,1025.20000000,1.6464
1749254639,1.64850000,148.60000000,1.6464
1749254639,1.64860000,3.40000000,1.6464
1749254639,1.64870000,148.60000000,1.6464
1749254639,1.64880000,524.60000000,1.6464
1749254639,1.64890000,1645.80000000,1.6464
1749254639,1.64900000,1440.00000000,1.6464
1749254639,1.64910000,153.20000000,1.6464
1749254639,1.64920000,15.80000000,1.6464
1749254639,1.64930000,501.20000000,1.6464
1749254639,1.64940000,595.90000000,1.6464
1749254639,1.64950000,953.00000000,1.6464
1749254639,1.64960000,2217.50000000,1.6464
1749254639,1.64970000,2733.10000000,1.6464
1749254639,1.64990000,576.60000000,1.6464
1749254639,1.65000000,1620.50000000,1.6464
1749254639,1.65010000,3294.90000000,1.6464
1749254639,1.65020000,561.70000000,1.6464
1749254639,1.65030000,1994.00000000,1.6464
1749254639,1.65040000,2000.80000000,1.6464
1749254639,1.65050000,1986.00000000,1.6464
1749254639,1.65060000,1816.10000000,1.6464
1749254639,1.65070000,148.60000000,1.6464
1749254639,1.65080000,3.40000000,1.6464
1749254639,1.65090000,930.00000000,1.6464
1749254639,1.65100000,994.80000000,1.6464
1749254639,1.65110000,736.20000000,1.6464
1749254639,1.65120000,147.40000000,1.6464
1749254639,1.65130000,1096.90000000,1.6464
1749254639,1.65140000,698.40000000,1.6464
1749254639,1.65150000,1167.20000000,1.6464
1749254639,1.65170000,144.00000000,1.6464
1749254639,1.65180000,736.20000000,1.6464
1749254639,1.65190000,93.70000000,1.6464
1749254639,1.65200000,785.00000000,1.6464
1749254639,1.65210000,75.10000000,1.6464
1749254639,1.65220000,1212.40000000,1.6464
1749254639,1.65230000,4.60000000,1.6464
1749254639,1.65240000,144.00000000,1.6464
1749254639,1.65250000,595.90000000,1.6464
1749254639,1.65260000,736.20000000,1.6464
1749254639,1.65270000,144.00000000,1.6464
1749254639,1.65280000,78.50000000,1.6464
1749254639,1.65290000,1215.30000000,1.6464
1749254639,1.65300000,703.60000000,1.6464
1749254639,1.65310000,2843.60000000,1.6464
1749254639,1.65330000,7867.00000000,1.6464
1749254639,1.65340000,12.40000000,1.6464
1749254639,1.65350000,1448.00000000,1.6464
1749254639,1.65380000,144.00000000,1.6464
1749254639,1.65390000,399.20000000,1.6464
1749254639,1.65400000,4724.90000000,1.6464
1749254639,1.65410000,736.20000000,1.6464
1749254639,1.65420000,144.00000000,1.6464
1749254639,1.65430000,75.00000000,1.6464
1749254639,1.65440000,147.40000000,1.6464
1749254639,1.65450000,2265.80000000,1.6464
1749254639,1.65460000,144.00000000,1.6464
1749254639,1.65470000,740.80000000,1.6464
1749254639,1.65480000,150.20000000,1.6464
1749254639,1.65490000,95.00000000,1.6464
1749254639,1.65500000,159.10000000,1.6464
1749254639,1.65530000,736.20000000,1.6464
1749254639,1.65540000,832.40000000,1.6464
1749254639,1.65550000,600.50000000,1.6464
1749254639,1.65560000,144.00000000,1.6464
1749254639,1.65570000,1302.00000000,1.6464
1749254639,1.65580000,377.20000000,1.6464
1749254639,1.65590000,736.20000000,1.6464
1749254639,1.65600000,18.50000000,1.6464
1749254639,1.65610000,19.50000000,1.6464
1749254639,1.65630000,233.60000000,1.6464
1749254639,1.65640000,613.50000000,1.6464
1749254639,1.65660000,1407.30000000,1.6464
1749254639,1.65680000,9.70000000,1.6464
1749254639,1.65690000,5929.00000000,1.6464
1749254639,1.65700000,15.10000000,1.6464
1749254639,1.65710000,4.60000000,1.6464
1749254639,1.65720000,736.20000000,1.6464
1749254639,1.65740000,613.50000000,1.6464
1749254639,1.65760000,2859.50000000,1.6464
1749254639,1.65790000,740.80000000,1.6464
1749254639,1.65840000,613.50000000,1.6464
1749254639,1.65850000,736.20000000,1.6464
1749254639,1.65860000,595.90000000,1.6464
1749254639,1.65870000,15.50000000,1.6464
1749254957,1.63850000,144.00000000,1.6382
1749254957,1.63860000,48.00000000,1.6382
1749254957,1.63870000,4.60000000,1.6382
1749254957,1.63880000,48.00000000,1.6382
1749254957,1.63890000,4.60000000,1.6382
1749254957,1.63900000,48.00000000,1.6382
1749254957,1.63910000,95.20000000,1.6382
1749254957,1.63930000,383.90000000,1.6382
1749254957,1.63940000,784.20000000,1.6382
1749254957,1.63950000,228.80000000,1.6382
1749254957,1.63960000,214.80000000,1.6382
1749254957,1.63970000,1573.00000000,1.6382
1749254957,1.63980000,2424.50000000,1.6382
1749254957,1.63990000,1940.80000000,1.6382
1749254957,1.64000000,1628.00000000,1.6382
1749254957,1.64010000,1319.50000000,1.6382
1749254957,1.64020000,1317.10000000,1.6382
1749254957,1.64030000,153.20000000,1.6382
1749254957,1.64040000,374.30000000,1.6382
1749254957,1.64050000,239.90000000,1.6382
1749254957,1.64060000,1243.80000000,1.6382
1749254957,1.64070000,1680.60000000,1.6382
1749254957,1.64080000,573.30000000,1.6382
1749254957,1.64090000,780.40000000,1.6382
1749254957,1.64100000,216.90000000,1.6382
1749254957,1.64110000,243.20000000,1.6382
1749254957,1.64120000,1485.20000000,1.6382
1749254957,1.64130000,3008.40000000,1.6382
1749254957,1.64140000,747.80000000,1.6382
1749254957,1.64150000,1128.40000000,1.6382
1749254957,1.64160000,1252.50000000,1.6382
1749254957,1.64170000,996.30000000,1.6382
1749254957,1.64180000,973.60000000,1.6382
1749254957,1.64190000,9.20000000,1.6382
1749254957,1.64200000,967.10000000,1.6382
1749254957,1.64210000,3161.80000000,1.6382
1749254957,1.64220000,206.20000000,1.6382
1749254957,1.64230000,1471.20000000,1.6382
1749254957,1.64240000,824.00000000,1.6382
1749254957,1.64250000,1084.80000000,1.6382
1749254957,1.64260000,144.00000000,1.6382
1749254957,1.64270000,80.10000000,1.6382
1749254957,1.64280000,3.40000000,1.6382
1749254957,1.64290000,144.00000000,1.6382
1749254957,1.64300000,90.70000000,1.6382
1749254957,1.64310000,365.90000000,1.6382
1749254957,1.64320000,760.40000000,1.6382
1749254957,1.64330000,739.90000000,1.6382
1749254957,1.64340000,1592.10000000,1.6382
1749254957,1.64350000,420.20000000,1.6382
1749254957,1.64370000,1703.50000000,1.6382
1749254957,1.64390000,736.20000000,1.6382
1749254957,1.64400000,458.80000000,1.6382
1749254957,1.64410000,75.40000000,1.6382
1749254957,1.64420000,144.00000000,1.6382
1749254957,1.64430000,4.60000000,1.6382
1749254957,1.64440000,1209.40000000,1.6382
1749254957,1.64450000,144.00000000,1.6382
1749254957,1.64470000,880.20000000,1.6382
1749254957,1.64480000,78.70000000,1.6382
1749254957,1.64490000,144.00000000,1.6382
1749254957,1.64500000,27.60000000,1.6382
1749254957,1.64510000,148.60000000,1.6382
1749254957,1.64520000,95.50000000,1.6382
1749254957,1.64530000,880.20000000,1.6382
1749254957,1.64540000,4234.90000000,1.6382
1749254957,1.64550000,144.00000000,1.6382
1749254957,1.64560000,75.30000000,1.6382
1749254957,1.64570000,144.00000000,1.6382
1749254957,1.64580000,7631.50000000,1.6382
1749254957,1.64590000,884.80000000,1.6382
1749254957,1.64600000,90.50000000,1.6382
1749254957,1.64630000,144.00000000,1.6382
1749254957,1.64640000,1249.80000000,1.6382
1749254957,1.64650000,736.20000000,1.6382
1749254957,1.64660000,144.00000000,1.6382
1749254957,1.64670000,2805.90000000,1.6382
1749254957,1.64680000,613.50000000,1.6382
1749254957,1.64690000,144.00000000,1.6382
1749254957,1.64700000,15.20000000,1.6382
1749254957,1.64710000,2525.20000000,1.6382
1749254957,1.64730000,219.30000000,1.6382
1749254957,1.64740000,973.10000000,1.6382
1749254957,1.64750000,4.60000000,1.6382
1749254957,1.64760000,144.00000000,1.6382
1749254957,1.64770000,736.20000000,1.6382
1749254957,1.64780000,1256.50000000,1.6382
1749254957,1.64790000,1746.30000000,1.6382
1749254957,1.64800000,182.30000000,1.6382
1749254957,1.64810000,75.20000000,1.6382
1749254957,1.64820000,144.00000000,1.6382
1749254957,1.64830000,740.80000000,1.6382
1749254957,1.64840000,298.10000000,1.6382
1749254957,1.64850000,1631.00000000,1.6382
1749254957,1.64860000,144.00000000,1.6382
1749254957,1.64880000,1774.60000000,1.6382
1749254957,1.64890000,75.10000000,1.6382
1749254957,1.64900000,1508.80000000,1.6382
1749254957,1.64910000,4.60000000,1.6382
1749254957,1.64920000,12.40000000,1.6382
