timestamp,price,volume,current_price
1749260787,1.63630000,144.00000000,1.6362
1749260787,1.63640000,222.30000000,1.6362
1749260787,1.63650000,33.80000000,1.6362
1749260787,1.63660000,4.60000000,1.6362
1749260787,1.63670000,144.00000000,1.6362
1749260787,1.63680000,26.80000000,1.6362
1749260787,1.63690000,144.00000000,1.6362
1749260787,1.63700000,204.60000000,1.6362
1749260787,1.63710000,3.40000000,1.6362
1749260787,1.63720000,148.60000000,1.6362
1749260787,1.63730000,269.90000000,1.6362
1749260787,1.63740000,888.20000000,1.6362
1749260787,1.63750000,161.60000000,1.6362
1749260787,1.63760000,723.60000000,1.6362
1749260787,1.63770000,673.50000000,1.6362
1749260787,1.63780000,484.50000000,1.6362
1749260787,1.63790000,910.00000000,1.6362
1749260787,1.63800000,941.00000000,1.6362
1749260787,1.63810000,899.60000000,1.6362
1749260787,1.63820000,946.40000000,1.6362
1749260787,1.63830000,621.50000000,1.6362
1749260787,1.63840000,331.90000000,1.6362
1749260787,1.63850000,1276.00000000,1.6362
1749260787,1.63860000,2492.10000000,1.6362
1749260787,1.63870000,736.20000000,1.6362
1749260787,1.63880000,162.70000000,1.6362
1749260787,1.63890000,321.20000000,1.6362
1749260787,1.63900000,1229.50000000,1.6362
1749260787,1.63910000,600.50000000,1.6362
1749260787,1.63920000,331.50000000,1.6362
1749260787,1.63930000,860.90000000,1.6362
1749260787,1.63940000,1774.90000000,1.6362
1749260787,1.63950000,3167.60000000,1.6362
1749260787,1.63960000,144.00000000,1.6362
1749260787,1.63980000,701.90000000,1.6362
1749260787,1.63990000,1939.20000000,1.6362
1749260787,1.64000000,1147.80000000,1.6362
1749260787,1.64010000,595.90000000,1.6362
1749260787,1.64020000,164.20000000,1.6362
1749260787,1.64030000,613.50000000,1.6362
1749260787,1.64040000,147.40000000,1.6362
1749260787,1.64060000,144.00000000,1.6362
1749260787,1.64070000,740.80000000,1.6362
1749260787,1.64080000,156.40000000,1.6362
1749260787,1.64090000,75.90000000,1.6362
1749260787,1.64100000,147.40000000,1.6362
1749260787,1.64110000,1015.30000000,1.6362
1749260787,1.64120000,144.00000000,1.6362
1749260787,1.64130000,75.90000000,1.6362
1749260787,1.64140000,757.50000000,1.6362
1749260787,1.64150000,568.40000000,1.6362
1749260787,1.64160000,147.40000000,1.6362
1749260787,1.64180000,736.20000000,1.6362
1749260787,1.64190000,75.80000000,1.6362
1749260787,1.64200000,144.00000000,1.6362
1749260787,1.64210000,595.90000000,1.6362
1749260787,1.64220000,180.00000000,1.6362
1749260787,1.64230000,90.10000000,1.6362
1749260787,1.64240000,2555.90000000,1.6362
1749260787,1.64260000,144.00000000,1.6362
1749260787,1.64280000,10710.90000000,1.6362
1749260787,1.64290000,75.80000000,1.6362
1749260787,1.64300000,2516.00000000,1.6362
1749260787,1.64310000,600.50000000,1.6362
1749260787,1.64320000,144.00000000,1.6362
1749260787,1.64330000,75.80000000,1.6362
1749260787,1.64340000,3085.40000000,1.6362
1749260787,1.64350000,613.50000000,1.6362
1749260787,1.64360000,912.10000000,1.6362
1749260787,1.64370000,1082.70000000,1.6362
1749260787,1.64380000,75.80000000,1.6362
1749260787,1.64390000,381.80000000,1.6362
1749260787,1.64420000,2002.00000000,1.6362
1749260787,1.64430000,1798.40000000,1.6362
1749260787,1.64440000,75.80000000,1.6362
1749260787,1.64450000,154.10000000,1.6362
1749260787,1.64470000,4.60000000,1.6362
1749260787,1.64480000,879.10000000,1.6362
1749260787,1.64490000,736.20000000,1.6362
1749260787,1.64510000,18.80000000,1.6362
1749260787,1.64520000,2292.10000000,1.6362
1749260787,1.64550000,1354.30000000,1.6362
1749260787,1.64620000,595.90000000,1.6362
1749260787,1.64630000,4.60000000,1.6362
1749260787,1.64640000,748.60000000,1.6362
1749260787,1.64670000,613.50000000,1.6362
1749260787,1.64700000,22.20000000,1.6362
1749260787,1.64710000,4.60000000,1.6362
1749260787,1.64740000,736.20000000,1.6362
1749260787,1.64790000,4.60000000,1.6362
1749260787,1.64820000,595.90000000,1.6362
1749260787,1.64830000,613.50000000,1.6362
1749260787,1.64840000,319.60000000,1.6362
1749260787,1.64860000,19.10000000,1.6362
1749260787,1.64870000,4.60000000,1.6362
1749260787,1.64880000,3.40000000,1.6362
1749260787,1.64900000,103.90000000,1.6362
1749260787,1.64920000,12.40000000,1.6362
1749260787,1.64950000,197.60000000,1.6362
1749260787,1.64960000,9.70000000,1.6362
1749261107,1.64550000,3.40000000,1.6459
1749261107,1.64580000,8.00000000,1.6459
1749261107,1.64590000,144.00000000,1.6459
1749261107,1.64600000,4.60000000,1.6459
1749261107,1.64610000,697.00000000,1.6459
1749261107,1.64620000,226.80000000,1.6459
1749261107,1.64630000,740.80000000,1.6459
1749261107,1.64640000,36.60000000,1.6459
1749261107,1.64650000,344.00000000,1.6459
1749261107,1.64660000,8.00000000,1.6459
1749261107,1.64670000,331.50000000,1.6459
1749261107,1.64680000,838.20000000,1.6459
1749261107,1.64690000,1199.80000000,1.6459
1749261107,1.64700000,844.10000000,1.6459
1749261107,1.64710000,2170.00000000,1.6459
1749261107,1.64720000,5603.90000000,1.6459
1749261107,1.64730000,353.90000000,1.6459
1749261107,1.64740000,913.80000000,1.6459
1749261107,1.64750000,943.70000000,1.6459
1749261107,1.64760000,696.30000000,1.6459
1749261107,1.64770000,327.80000000,1.6459
1749261107,1.64780000,1016.50000000,1.6459
1749261107,1.64790000,1346.00000000,1.6459
1749261107,1.64800000,710.00000000,1.6459
1749261107,1.64810000,1945.60000000,1.6459
1749261107,1.64820000,2084.70000000,1.6459
1749261107,1.64830000,144.00000000,1.6459
1749261107,1.64840000,1468.60000000,1.6459
1749261107,1.64850000,1855.90000000,1.6459
1749261107,1.64860000,95.00000000,1.6459
1749261107,1.64870000,884.80000000,1.6459
1749261107,1.64880000,3.40000000,1.6459
1749261107,1.64900000,733.60000000,1.6459
1749261107,1.64910000,757.50000000,1.6459
1749261107,1.64920000,608.30000000,1.6459
1749261107,1.64930000,1226.00000000,1.6459
1749261107,1.64940000,3.40000000,1.6459
1749261107,1.64950000,224.10000000,1.6459
1749261107,1.64960000,9.70000000,1.6459
1749261107,1.64970000,144.00000000,1.6459
1749261107,1.64980000,19.40000000,1.6459
1749261107,1.65000000,780.60000000,1.6459
1749261107,1.65010000,757.50000000,1.6459
1749261107,1.65020000,7616.10000000,1.6459
1749261107,1.65030000,454.50000000,1.6459
1749261107,1.65040000,75.50000000,1.6459
1749261107,1.65050000,452.70000000,1.6459
1749261107,1.65060000,3.40000000,1.6459
1749261107,1.65070000,219.40000000,1.6459
1749261107,1.65090000,736.20000000,1.6459
1749261107,1.65110000,768.70000000,1.6459
1749261107,1.65120000,735.10000000,1.6459
1749261107,1.65150000,144.00000000,1.6459
1749261107,1.65160000,19.00000000,1.6459
1749261107,1.65180000,75.40000000,1.6459
1749261107,1.65190000,525.80000000,1.6459
1749261107,1.65200000,2685.20000000,1.6459
1749261107,1.65210000,791.10000000,1.6459
1749261107,1.65220000,1332.10000000,1.6459
1749261107,1.65230000,147.70000000,1.6459
1749261107,1.65240000,1184.50000000,1.6459
1749261107,1.65250000,950.10000000,1.6459
1749261107,1.65270000,224.00000000,1.6459
1749261107,1.65280000,5317.50000000,1.6459
1749261107,1.65290000,154.10000000,1.6459
1749261107,1.65350000,740.80000000,1.6459
1749261107,1.65400000,875.40000000,1.6459
1749261107,1.65410000,1349.70000000,1.6459
1749261107,1.65420000,3657.30000000,1.6459
1749261107,1.65430000,4.60000000,1.6459
1749261107,1.65450000,386.70000000,1.6459
1749261107,1.65480000,768.10000000,1.6459
1749261107,1.65490000,10.70000000,1.6459
1749261107,1.65510000,618.10000000,1.6459
1749261107,1.65550000,893.70000000,1.6459
1749261107,1.65590000,4.60000000,1.6459
1749261107,1.65600000,758.70000000,1.6459
1749261107,1.65610000,613.50000000,1.6459
1749261107,1.65620000,595.90000000,1.6459
1749261107,1.65640000,193.00000000,1.6459
1749261107,1.65670000,4.60000000,1.6459
1749261107,1.65680000,9.70000000,1.6459
1749261107,1.65710000,319.60000000,1.6459
1749261107,1.65730000,736.20000000,1.6459
1749261107,1.65750000,4.60000000,1.6459
1749261107,1.65760000,178.10000000,1.6459
1749261107,1.65780000,3.40000000,1.6459
1749261107,1.65800000,595.90000000,1.6459
1749261107,1.65810000,613.50000000,1.6459
1749261107,1.65830000,4.60000000,1.6459
1749261107,1.65850000,736.20000000,1.6459
1749261107,1.65870000,6731.90000000,1.6459
1749261107,1.65910000,4264.50000000,1.6459
1749261107,1.65920000,73.30000000,1.6459
1749261107,1.65960000,3.40000000,1.6459
1749261107,1.65980000,736.20000000,1.6459
1749261107,1.65990000,8.30000000,1.6459
1749261107,1.66000000,810.50000000,1.6459
1749261107,1.66010000,471.40000000,1.6459
1749261107,1.66040000,2308.70000000,1.6459
1749261425,1.64120000,44.40000000,1.641
1749261425,1.64130000,48.00000000,1.641
1749261425,1.64140000,4.60000000,1.641
1749261425,1.64150000,192.00000000,1.641
1749261425,1.64160000,113.20000000,1.641
1749261425,1.64170000,344.00000000,1.641
1749261425,1.64180000,52.60000000,1.641
1749261425,1.64190000,144.00000000,1.641
1749261425,1.64200000,52.60000000,1.641
1749261425,1.64210000,520.90000000,1.641
1749261425,1.64220000,1493.70000000,1.641
1749261425,1.64230000,148.60000000,1.641
1749261425,1.64240000,4.60000000,1.641
1749261425,1.64250000,3.40000000,1.641
1749261425,1.64260000,855.40000000,1.641
1749261425,1.64270000,265.40000000,1.641
1749261425,1.64280000,1707.60000000,1.641
1749261425,1.64290000,1871.30000000,1.641
1749261425,1.64300000,202.30000000,1.641
1749261425,1.64310000,80.10000000,1.641
1749261425,1.64320000,57.20000000,1.641
1749261425,1.64330000,330.50000000,1.641
1749261425,1.64340000,621.50000000,1.641
1749261425,1.64350000,513.60000000,1.641
1749261425,1.64360000,2566.60000000,1.641
1749261425,1.64370000,1097.00000000,1.641
1749261425,1.64380000,711.20000000,1.641
1749261425,1.64390000,634.30000000,1.641
1749261425,1.64400000,1462.10000000,1.641
1749261425,1.64410000,357.30000000,1.641
1749261425,1.64420000,1007.40000000,1.641
1749261425,1.64430000,1173.10000000,1.641
1749261425,1.64440000,914.40000000,1.641
1749261425,1.64450000,1358.40000000,1.641
1749261425,1.64460000,1553.40000000,1.641
1749261425,1.64470000,1007.80000000,1.641
1749261425,1.64480000,1007.80000000,1.641
1749261425,1.64490000,356.60000000,1.641
1749261425,1.64500000,1177.20000000,1.641
1749261425,1.64520000,1505.90000000,1.641
1749261425,1.64530000,684.40000000,1.641
1749261425,1.64540000,144.00000000,1.641
1749261425,1.64550000,409.90000000,1.641
1749261425,1.64560000,1423.50000000,1.641
1749261425,1.64570000,1428.90000000,1.641
1749261425,1.64580000,1162.40000000,1.641
1749261425,1.64590000,3714.00000000,1.641
1749261425,1.64600000,75.30000000,1.641
1749261425,1.64610000,144.00000000,1.641
1749261425,1.64620000,736.20000000,1.641
1749261425,1.64630000,4.60000000,1.641
1749261425,1.64640000,159.80000000,1.641
1749261425,1.64660000,1251.80000000,1.641
1749261425,1.64670000,1228.70000000,1.641
1749261425,1.64680000,144.00000000,1.641
1749261425,1.64690000,811.50000000,1.641
1749261425,1.64700000,147.40000000,1.641
1749261425,1.64710000,1031.90000000,1.641
1749261425,1.64720000,562.30000000,1.641
1749261425,1.64730000,75.50000000,1.641
1749261425,1.64740000,144.00000000,1.641
1749261425,1.64750000,736.20000000,1.641
1749261425,1.64760000,147.40000000,1.641
1749261425,1.64770000,75.30000000,1.641
1749261425,1.64780000,156.40000000,1.641
1749261425,1.64790000,600.50000000,1.641
1749261425,1.64800000,1216.30000000,1.641
1749261425,1.64810000,736.20000000,1.641
1749261425,1.64820000,898.30000000,1.641
1749261425,1.64840000,144.00000000,1.641
1749261425,1.64860000,219.30000000,1.641
1749261425,1.64870000,740.80000000,1.641
1749261425,1.64880000,147.40000000,1.641
1749261425,1.64900000,3870.30000000,1.641
1749261425,1.64910000,7621.50000000,1.641
1749261425,1.64920000,752.30000000,1.641
1749261425,1.64930000,736.20000000,1.641
1749261425,1.64950000,4.60000000,1.641
1749261425,1.64960000,153.70000000,1.641
1749261425,1.64980000,19.60000000,1.641
1749261425,1.64990000,3651.00000000,1.641
1749261425,1.65000000,736.20000000,1.641
1749261425,1.65010000,613.50000000,1.641
1749261425,1.65020000,595.90000000,1.641
1749261425,1.65030000,310.50000000,1.641
1749261425,1.65050000,308.70000000,1.641
1749261425,1.65060000,3.40000000,1.641
1749261425,1.65090000,736.20000000,1.641
1749261425,1.65110000,2275.40000000,1.641
1749261425,1.65120000,595.90000000,1.641
1749261425,1.65130000,377.20000000,1.641
1749261425,1.65140000,3063.00000000,1.641
1749261425,1.65160000,755.20000000,1.641
1749261425,1.65190000,4.60000000,1.641
1749261425,1.65200000,9.30000000,1.641
1749261425,1.65210000,647.10000000,1.641
1749261425,1.65220000,1332.10000000,1.641
1749261425,1.65230000,3.70000000,1.641
1749261425,1.65240000,1244.00000000,1.641
1749261425,1.65270000,4.60000000,1.641
1749261736,1.63590000,3.40000000,1.6356
1749261736,1.63600000,3.40000000,1.6356
1749261736,1.63610000,30.30000000,1.6356
1749261736,1.63620000,3.40000000,1.6356
1749261736,1.63630000,144.00000000,1.6356
1749261736,1.63640000,4.60000000,1.6356
1749261736,1.63650000,147.40000000,1.6356
1749261736,1.63660000,4.60000000,1.6356
1749261736,1.63670000,371.90000000,1.6356
1749261736,1.63680000,1070.00000000,1.6356
1749261736,1.63690000,144.00000000,1.6356
1749261736,1.63700000,4.60000000,1.6356
1749261736,1.63710000,147.40000000,1.6356
1749261736,1.63720000,4.60000000,1.6356
1749261736,1.63730000,797.60000000,1.6356
1749261736,1.63740000,1835.40000000,1.6356
1749261736,1.63750000,415.50000000,1.6356
1749261736,1.63760000,740.80000000,1.6356
1749261736,1.63770000,147.40000000,1.6356
1749261736,1.63780000,998.70000000,1.6356
1749261736,1.63790000,3614.90000000,1.6356
1749261736,1.63800000,189.30000000,1.6356
1749261736,1.63810000,795.80000000,1.6356
1749261736,1.63820000,1873.90000000,1.6356
1749261736,1.63830000,2014.40000000,1.6356
1749261736,1.63840000,644.40000000,1.6356
1749261736,1.63850000,2190.00000000,1.6356
1749261736,1.63860000,182.20000000,1.6356
1749261736,1.63870000,965.30000000,1.6356
1749261736,1.63880000,1577.50000000,1.6356
1749261736,1.63890000,880.20000000,1.6356
1749261736,1.63900000,70.70000000,1.6356
1749261736,1.63910000,148.60000000,1.6356
1749261736,1.63920000,3.40000000,1.6356
1749261736,1.63930000,219.70000000,1.6356
1749261736,1.63940000,544.40000000,1.6356
1749261736,1.63950000,1886.80000000,1.6356
1749261736,1.63960000,1491.50000000,1.6356
1749261736,1.63970000,595.90000000,1.6356
1749261736,1.63980000,79.10000000,1.6356
1749261736,1.63990000,148.60000000,1.6356
1749261736,1.64000000,125.90000000,1.6356
1749261736,1.64010000,144.00000000,1.6356
1749261736,1.64020000,756.00000000,1.6356
1749261736,1.64030000,144.00000000,1.6356
1749261736,1.64040000,3.40000000,1.6356
1749261736,1.64050000,7186.70000000,1.6356
1749261736,1.64060000,613.50000000,1.6356
1749261736,1.64070000,1165.00000000,1.6356
1749261736,1.64080000,748.60000000,1.6356
1749261736,1.64090000,219.60000000,1.6356
1749261736,1.64100000,1984.90000000,1.6356
1749261736,1.64110000,219.70000000,1.6356
1749261736,1.64130000,601.80000000,1.6356
1749261736,1.64140000,880.20000000,1.6356
1749261736,1.64150000,80.20000000,1.6356
1749261736,1.64160000,760.90000000,1.6356
1749261736,1.64170000,595.90000000,1.6356
1749261736,1.64180000,164.00000000,1.6356
1749261736,1.64200000,880.20000000,1.6356
1749261736,1.64230000,14.30000000,1.6356
1749261736,1.64250000,144.00000000,1.6356
1749261736,1.64260000,1289.60000000,1.6356
1749261736,1.64270000,739.90000000,1.6356
1749261736,1.64280000,75.90000000,1.6356
1749261736,1.64290000,736.20000000,1.6356
1749261736,1.64300000,3654.80000000,1.6356
1749261736,1.64310000,148.60000000,1.6356
1749261736,1.64320000,20.70000000,1.6356
1749261736,1.64340000,79.30000000,1.6356
1749261736,1.64350000,521.20000000,1.6356
1749261736,1.64360000,2247.10000000,1.6356
1749261736,1.64370000,739.90000000,1.6356
1749261736,1.64380000,812.10000000,1.6356
1749261736,1.64390000,1833.90000000,1.6356
1749261736,1.64410000,298.10000000,1.6356
1749261736,1.64420000,3083.00000000,1.6356
1749261736,1.64430000,1485.30000000,1.6356
1749261736,1.64440000,812.00000000,1.6356
1749261736,1.64450000,1402.50000000,1.6356
1749261736,1.64470000,744.50000000,1.6356
1749261736,1.64480000,79.50000000,1.6356
1749261736,1.64490000,777.60000000,1.6356
1749261736,1.64500000,1466.20000000,1.6356
1749261736,1.64510000,880.20000000,1.6356
1749261736,1.64520000,3.40000000,1.6356
1749261736,1.64550000,880.00000000,1.6356
1749261736,1.64570000,1332.10000000,1.6356
1749261736,1.64590000,613.50000000,1.6356
1749261736,1.64630000,740.80000000,1.6356
1749261736,1.64640000,12.40000000,1.6356
1749261736,1.64690000,1332.10000000,1.6356
1749261736,1.64700000,616.90000000,1.6356
1749261736,1.64710000,23.50000000,1.6356
1749261736,1.64720000,319.60000000,1.6356
1749261736,1.64750000,736.20000000,1.6356
1749261736,1.64790000,793.50000000,1.6356
1749261736,1.64800000,613.50000000,1.6356
1749261736,1.64810000,736.20000000,1.6356
1749261736,1.64820000,19.80000000,1.6356
1749262043,1.62940000,144.00000000,1.6295
1749262043,1.62950000,48.00000000,1.6295
1749262043,1.62960000,144.00000000,1.6295
1749262043,1.62970000,48.00000000,1.6295
1749262043,1.62980000,148.70000000,1.6295
1749262043,1.62990000,48.00000000,1.6295
1749262043,1.63000000,148.70000000,1.6295
1749262043,1.63010000,3.40000000,1.6295
1749262043,1.63020000,256.10000000,1.6295
1749262043,1.63030000,161.10000000,1.6295
1749262043,1.63040000,381.80000000,1.6295
1749262043,1.63050000,883.60000000,1.6295
1749262043,1.63060000,56.10000000,1.6295
1749262043,1.63070000,505.20000000,1.6295
1749262043,1.63080000,651.00000000,1.6295
1749262043,1.63090000,1983.00000000,1.6295
1749262043,1.63100000,381.50000000,1.6295
1749262043,1.63110000,1175.70000000,1.6295
1749262043,1.63120000,600.50000000,1.6295
1749262043,1.63130000,144.00000000,1.6295
1749262043,1.63140000,8.00000000,1.6295
1749262043,1.63150000,319.60000000,1.6295
1749262043,1.63160000,1065.30000000,1.6295
1749262043,1.63170000,15.80000000,1.6295
1749262043,1.63180000,369.50000000,1.6295
1749262043,1.63190000,1258.80000000,1.6295
1749262043,1.63200000,1726.80000000,1.6295
1749262043,1.63210000,261.40000000,1.6295
1749262043,1.63220000,1114.30000000,1.6295
1749262043,1.63230000,743.30000000,1.6295
1749262043,1.63240000,341.10000000,1.6295
1749262043,1.63250000,1347.10000000,1.6295
1749262043,1.63260000,1661.50000000,1.6295
1749262043,1.63270000,1564.60000000,1.6295
1749262043,1.63280000,5667.20000000,1.6295
1749262043,1.63290000,2092.50000000,1.6295
1749262043,1.63300000,2319.90000000,1.6295
1749262043,1.63310000,3829.50000000,1.6295
1749262043,1.63320000,1111.90000000,1.6295
1749262043,1.63330000,1727.20000000,1.6295
1749262043,1.63340000,928.50000000,1.6295
1749262043,1.63350000,80.50000000,1.6295
1749262043,1.63360000,167.60000000,1.6295
1749262043,1.63370000,736.20000000,1.6295
1749262043,1.63380000,159.80000000,1.6295
1749262043,1.63400000,144.00000000,1.6295
1749262043,1.63420000,1247.00000000,1.6295
1749262043,1.63430000,600.50000000,1.6295
1749262043,1.63440000,147.40000000,1.6295
1749262043,1.63460000,1625.20000000,1.6295
1749262043,1.63480000,144.00000000,1.6295
1749262043,1.63490000,75.90000000,1.6295
1749262043,1.63500000,3.40000000,1.6295
1749262043,1.63510000,148.60000000,1.6295
1749262043,1.63520000,701.80000000,1.6295
1749262043,1.63530000,144.00000000,1.6295
1749262043,1.63540000,595.90000000,1.6295
1749262043,1.63550000,164.40000000,1.6295
1749262043,1.63560000,739.60000000,1.6295
1749262043,1.63570000,75.90000000,1.6295
1749262043,1.63580000,144.00000000,1.6295
1749262043,1.63590000,920.40000000,1.6295
1749262043,1.63600000,219.80000000,1.6295
1749262043,1.63610000,7064.70000000,1.6295
1749262043,1.63620000,739.60000000,1.6295
1749262043,1.63630000,757.50000000,1.6295
1749262043,1.63640000,595.90000000,1.6295
1749262043,1.63650000,144.00000000,1.6295
1749262043,1.63660000,88.30000000,1.6295
1749262043,1.63670000,148.60000000,1.6295
1749262043,1.63680000,736.20000000,1.6295
1749262043,1.63690000,3678.00000000,1.6295
1749262043,1.63710000,144.00000000,1.6295
1749262043,1.63720000,76.10000000,1.6295
1749262043,1.63730000,761.20000000,1.6295
1749262043,1.63740000,616.20000000,1.6295
1749262043,1.63750000,148.60000000,1.6295
1749262043,1.63760000,736.20000000,1.6295
1749262043,1.63770000,220.00000000,1.6295
1749262043,1.63780000,1654.20000000,1.6295
1749262043,1.63790000,3096.00000000,1.6295
1749262043,1.63800000,15.80000000,1.6295
1749262043,1.63810000,144.00000000,1.6295
1749262043,1.63830000,1354.30000000,1.6295
1749262043,1.63840000,396.90000000,1.6295
1749262043,1.63850000,144.00000000,1.6295
1749262043,1.63870000,739.90000000,1.6295
1749262043,1.63890000,736.20000000,1.6295
1749262043,1.63910000,4.60000000,1.6295
1749262043,1.63940000,1425.30000000,1.6295
1749262043,1.63950000,613.50000000,1.6295
1749262043,1.63960000,736.20000000,1.6295
1749262043,1.63970000,595.90000000,1.6295
1749262043,1.63980000,3.40000000,1.6295
1749262043,1.63990000,1742.30000000,1.6295
1749262043,1.64000000,154.10000000,1.6295
1749262043,1.64010000,1557.70000000,1.6295
1749262043,1.64020000,756.00000000,1.6295
1749262043,1.64060000,613.50000000,1.6295
1749262043,1.64070000,600.50000000,1.6295
1749262345,1.63280000,148.60000000,1.6326
1749262345,1.63300000,4.60000000,1.6326
1749262345,1.63310000,60.40000000,1.6326
1749262345,1.63320000,868.50000000,1.6326
1749262345,1.63330000,2084.20000000,1.6326
1749262345,1.63340000,148.60000000,1.6326
1749262345,1.63350000,11.40000000,1.6326
1749262345,1.63360000,383.90000000,1.6326
1749262345,1.63370000,736.20000000,1.6326
1749262345,1.63380000,164.40000000,1.6326
1749262345,1.63390000,273.90000000,1.6326
1749262345,1.63400000,464.10000000,1.6326
1749262345,1.63410000,656.50000000,1.6326
1749262345,1.63420000,4.60000000,1.6326
1749262345,1.63430000,866.70000000,1.6326
1749262345,1.63440000,3059.30000000,1.6326
1749262345,1.63450000,304.60000000,1.6326
1749262345,1.63460000,1660.60000000,1.6326
1749262345,1.63470000,645.90000000,1.6326
1749262345,1.63480000,314.00000000,1.6326
1749262345,1.63490000,1279.10000000,1.6326
1749262345,1.63500000,1105.90000000,1.6326
1749262345,1.63510000,1569.00000000,1.6326
1749262345,1.63520000,948.40000000,1.6326
1749262345,1.63530000,1214.90000000,1.6326
1749262345,1.63540000,985.70000000,1.6326
1749262345,1.63550000,1254.60000000,1.6326
1749262345,1.63560000,747.30000000,1.6326
1749262345,1.63570000,1119.60000000,1.6326
1749262345,1.63580000,3252.10000000,1.6326
1749262345,1.63590000,189.80000000,1.6326
1749262345,1.63600000,1004.30000000,1.6326
1749262345,1.63610000,1816.70000000,1.6326
1749262345,1.63620000,971.50000000,1.6326
1749262345,1.63630000,937.70000000,1.6326
1749262345,1.63640000,595.90000000,1.6326
1749262345,1.63650000,144.00000000,1.6326
1749262345,1.63660000,88.30000000,1.6326
1749262345,1.63670000,377.70000000,1.6326
1749262345,1.63680000,759.10000000,1.6326
1749262345,1.63690000,144.00000000,1.6326
1749262345,1.63700000,262.90000000,1.6326
1749262345,1.63710000,219.80000000,1.6326
1749262345,1.63730000,761.20000000,1.6326
1749262345,1.63740000,599.30000000,1.6326
1749262345,1.63750000,148.60000000,1.6326
1749262345,1.63760000,736.20000000,1.6326
1749262345,1.63770000,219.80000000,1.6326
1749262345,1.63790000,144.00000000,1.6326
1749262345,1.63800000,432.70000000,1.6326
1749262345,1.63810000,144.00000000,1.6326
1749262345,1.63830000,1354.30000000,1.6326
1749262345,1.63840000,95.50000000,1.6326
1749262345,1.63850000,144.00000000,1.6326
1749262345,1.63860000,3.40000000,1.6326
1749262345,1.63870000,739.90000000,1.6326
1749262345,1.63880000,7128.10000000,1.6326
1749262345,1.63890000,736.20000000,1.6326
1749262345,1.63900000,792.80000000,1.6326
1749262345,1.63910000,148.60000000,1.6326
1749262345,1.63920000,3.40000000,1.6326
1749262345,1.63930000,144.00000000,1.6326
1749262345,1.63940000,3760.80000000,1.6326
1749262345,1.63950000,833.50000000,1.6326
1749262345,1.63960000,736.20000000,1.6326
1749262345,1.63970000,739.90000000,1.6326
1749262345,1.63980000,3.40000000,1.6326
1749262345,1.63990000,148.60000000,1.6326
1749262345,1.64000000,75.80000000,1.6326
1749262345,1.64010000,1205.40000000,1.6326
1749262345,1.64020000,756.00000000,1.6326
1749262345,1.64030000,1959.20000000,1.6326
1749262345,1.64050000,144.00000000,1.6326
1749262345,1.64060000,613.50000000,1.6326
1749262345,1.64070000,744.50000000,1.6326
1749262345,1.64080000,1874.80000000,1.6326
1749262345,1.64090000,219.90000000,1.6326
1749262345,1.64100000,377.20000000,1.6326
1749262345,1.64110000,3247.00000000,1.6326
1749262345,1.64140000,2402.30000000,1.6326
1749262345,1.64150000,1060.70000000,1.6326
1749262345,1.64160000,616.90000000,1.6326
1749262345,1.64170000,595.90000000,1.6326
1749262345,1.64180000,20.00000000,1.6326
1749262345,1.64200000,736.20000000,1.6326
1749262345,1.64230000,14.30000000,1.6326
1749262345,1.64240000,1163.40000000,1.6326
1749262345,1.64260000,613.50000000,1.6326
1749262345,1.64270000,595.90000000,1.6326
1749262345,1.64290000,736.20000000,1.6326
1749262345,1.64310000,4.60000000,1.6326
1749262345,1.64340000,3.40000000,1.6326
1749262345,1.64360000,625.90000000,1.6326
1749262345,1.64370000,595.90000000,1.6326
1749262345,1.64380000,736.20000000,1.6326
1749262345,1.64390000,25.10000000,1.6326
1749262345,1.64430000,154.10000000,1.6326
1749262345,1.64440000,7586.20000000,1.6326
1749262345,1.64460000,875.40000000,1.6326
1749262345,1.64470000,600.50000000,1.6326
1749262646,1.63150000,144.00000000,1.6315
1749262646,1.63170000,192.00000000,1.6315
1749262646,1.63180000,4.60000000,1.6315
1749262646,1.63190000,48.00000000,1.6315
1749262646,1.63200000,148.60000000,1.6315
1749262646,1.63210000,48.00000000,1.6315
1749262646,1.63220000,348.60000000,1.6315
1749262646,1.63230000,3.40000000,1.6315
1749262646,1.63240000,17.00000000,1.6315
1749262646,1.63250000,577.60000000,1.6315
1749262646,1.63260000,1905.80000000,1.6315
1749262646,1.63270000,1885.70000000,1.6315
1749262646,1.63280000,128.30000000,1.6315
1749262646,1.63290000,419.00000000,1.6315
1749262646,1.63300000,44.80000000,1.6315
1749262646,1.63310000,156.40000000,1.6315
1749262646,1.63320000,276.90000000,1.6315
1749262646,1.63330000,736.20000000,1.6315
1749262646,1.63340000,420.90000000,1.6315
1749262646,1.63350000,1916.80000000,1.6315
1749262646,1.63360000,2650.50000000,1.6315
1749262646,1.63370000,974.30000000,1.6315
1749262646,1.63380000,1704.60000000,1.6315
1749262646,1.63390000,918.40000000,1.6315
1749262646,1.63400000,305.20000000,1.6315
1749262646,1.63410000,1123.50000000,1.6315
1749262646,1.63420000,970.20000000,1.6315
1749262646,1.63430000,148.60000000,1.6315
1749262646,1.63440000,235.30000000,1.6315
1749262646,1.63450000,979.70000000,1.6315
1749262646,1.63460000,971.40000000,1.6315
1749262646,1.63470000,599.30000000,1.6315
1749262646,1.63480000,579.00000000,1.6315
1749262646,1.63490000,1239.80000000,1.6315
1749262646,1.63500000,1168.10000000,1.6315
1749262646,1.63510000,270.00000000,1.6315
1749262646,1.63520000,2036.10000000,1.6315
1749262646,1.63530000,3788.20000000,1.6315
1749262646,1.63540000,1483.70000000,1.6315
1749262646,1.63550000,18.80000000,1.6315
1749262646,1.63560000,697.30000000,1.6315
1749262646,1.63570000,739.90000000,1.6315
1749262646,1.63580000,736.20000000,1.6315
1749262646,1.63590000,4.60000000,1.6315
1749262646,1.63600000,219.80000000,1.6315
1749262646,1.63610000,420.70000000,1.6315
1749262646,1.63620000,147.40000000,1.6315
1749262646,1.63640000,736.20000000,1.6315
1749262646,1.63650000,219.80000000,1.6315
1749262646,1.63660000,625.90000000,1.6315
1749262646,1.63670000,600.50000000,1.6315
1749262646,1.63680000,147.40000000,1.6315
1749262646,1.63700000,144.00000000,1.6315
1749262646,1.63710000,736.20000000,1.6315
1749262646,1.63720000,144.00000000,1.6315
1749262646,1.63730000,95.40000000,1.6315
1749262646,1.63740000,147.40000000,1.6315
1749262646,1.63750000,7134.80000000,1.6315
1749262646,1.63760000,955.30000000,1.6315
1749262646,1.63770000,739.90000000,1.6315
1749262646,1.63790000,880.20000000,1.6315
1749262646,1.63800000,654.10000000,1.6315
1749262646,1.63820000,75.70000000,1.6315
1749262646,1.63830000,148.60000000,1.6315
1749262646,1.63840000,19.70000000,1.6315
1749262646,1.63850000,220.00000000,1.6315
1749262646,1.63860000,616.90000000,1.6315
1749262646,1.63870000,739.90000000,1.6315
1749262646,1.63880000,1005.70000000,1.6315
1749262646,1.63890000,4402.40000000,1.6315
1749262646,1.63910000,148.60000000,1.6315
1749262646,1.63920000,75.70000000,1.6315
1749262646,1.63950000,144.00000000,1.6315
1749262646,1.63960000,3644.10000000,1.6315
1749262646,1.63970000,739.90000000,1.6315
1749262646,1.63980000,79.10000000,1.6315
1749262646,1.63990000,148.60000000,1.6315
1749262646,1.64010000,1277.50000000,1.6315
1749262646,1.64020000,736.20000000,1.6315
1749262646,1.64030000,144.00000000,1.6315
1749262646,1.64040000,875.40000000,1.6315
1749262646,1.64050000,144.00000000,1.6315
1749262646,1.64060000,633.10000000,1.6315
1749262646,1.64070000,744.50000000,1.6315
1749262646,1.64080000,3845.60000000,1.6315
1749262646,1.64090000,1322.80000000,1.6315
1749262646,1.64110000,377.20000000,1.6315
1749262646,1.64120000,1644.40000000,1.6315
1749262646,1.64140000,736.20000000,1.6315
1749262646,1.64150000,4.60000000,1.6315
1749262646,1.64160000,616.90000000,1.6315
1749262646,1.64170000,595.90000000,1.6315
1749262646,1.64200000,736.20000000,1.6315
1749262646,1.64210000,1706.60000000,1.6315
1749262646,1.64230000,33.80000000,1.6315
1749262646,1.64260000,613.50000000,1.6315
1749262646,1.64270000,595.90000000,1.6315
1749262646,1.64290000,736.20000000,1.6315
1749262646,1.64310000,4.60000000,1.6315
1749262646,1.64340000,3.40000000,1.6315
1749262948,1.63170000,3.80000000,1.6317
1749262948,1.63220000,144.00000000,1.6317
1749262948,1.63230000,51.40000000,1.6317
1749262948,1.63240000,161.00000000,1.6317
1749262948,1.63260000,374.20000000,1.6317
1749262948,1.63270000,1294.60000000,1.6317
1749262948,1.63280000,1846.10000000,1.6317
1749262948,1.63290000,147.40000000,1.6317
1749262948,1.63300000,4.60000000,1.6317
1749262948,1.63310000,144.00000000,1.6317
1749262948,1.63320000,139.90000000,1.6317
1749262948,1.63330000,439.70000000,1.6317
1749262948,1.63340000,231.30000000,1.6317
1749262948,1.63350000,928.90000000,1.6317
1749262948,1.63360000,730.40000000,1.6317
1749262948,1.63380000,164.40000000,1.6317
1749262948,1.63390000,267.80000000,1.6317
1749262948,1.63400000,664.40000000,1.6317
1749262948,1.63410000,1643.40000000,1.6317
1749262948,1.63420000,711.40000000,1.6317
1749262948,1.63430000,1965.90000000,1.6317
1749262948,1.63440000,1478.60000000,1.6317
1749262948,1.63450000,3466.50000000,1.6317
1749262948,1.63460000,3777.90000000,1.6317
1749262948,1.63470000,1825.60000000,1.6317
1749262948,1.63480000,1318.30000000,1.6317
1749262948,1.63490000,1218.50000000,1.6317
1749262948,1.63500000,1427.40000000,1.6317
1749262948,1.63510000,1363.80000000,1.6317
1749262948,1.63520000,472.80000000,1.6317
1749262948,1.63530000,1569.90000000,1.6317
1749262948,1.63540000,2039.80000000,1.6317
1749262948,1.63550000,632.30000000,1.6317
1749262948,1.63560000,301.50000000,1.6317
1749262948,1.63570000,739.90000000,1.6317
1749262948,1.63580000,736.20000000,1.6317
1749262948,1.63590000,688.10000000,1.6317
1749262948,1.63600000,194.90000000,1.6317
1749262948,1.63620000,147.40000000,1.6317
1749262948,1.63640000,880.20000000,1.6317
1749262948,1.63650000,76.10000000,1.6317
1749262948,1.63660000,757.50000000,1.6317
1749262948,1.63670000,600.50000000,1.6317
1749262948,1.63680000,3.40000000,1.6317
1749262948,1.63700000,144.00000000,1.6317
1749262948,1.63710000,756.60000000,1.6317
1749262948,1.63720000,643.70000000,1.6317
1749262948,1.63730000,3.70000000,1.6317
1749262948,1.63740000,223.50000000,1.6317
1749262948,1.63750000,3108.60000000,1.6317
1749262948,1.63760000,757.50000000,1.6317
1749262948,1.63770000,672.00000000,1.6317
1749262948,1.63780000,144.00000000,1.6317
1749262948,1.63790000,7792.50000000,1.6317
1749262948,1.63800000,159.80000000,1.6317
1749262948,1.63820000,144.00000000,1.6317
1749262948,1.63830000,4.60000000,1.6317
1749262948,1.63840000,637.90000000,1.6317
1749262948,1.63850000,76.00000000,1.6317
1749262948,1.63860000,757.50000000,1.6317
1749262948,1.63870000,595.90000000,1.6317
1749262948,1.63880000,3827.00000000,1.6317
1749262948,1.63890000,1860.80000000,1.6317
1749262948,1.63900000,144.00000000,1.6317
1749262948,1.63910000,400.90000000,1.6317
1749262948,1.63920000,144.00000000,1.6317
1749262948,1.63940000,1416.00000000,1.6317
1749262948,1.63950000,1679.10000000,1.6317
1749262948,1.63960000,1349.70000000,1.6317
1749262948,1.63970000,595.90000000,1.6317
1749262948,1.63980000,878.80000000,1.6317
1749262948,1.63990000,80.60000000,1.6317
1749262948,1.64000000,1396.00000000,1.6317
1749262948,1.64010000,19.00000000,1.6317
1749262948,1.64020000,2016.70000000,1.6317
1749262948,1.64030000,76.00000000,1.6317
1749262948,1.64040000,144.00000000,1.6317
1749262948,1.64050000,75.90000000,1.6317
1749262948,1.64060000,757.50000000,1.6317
1749262948,1.64070000,600.50000000,1.6317
1749262948,1.64080000,892.60000000,1.6317
1749262948,1.64090000,1158.90000000,1.6317
1749262948,1.64110000,147.00000000,1.6317
1749262948,1.64140000,736.20000000,1.6317
1749262948,1.64150000,4.60000000,1.6317
1749262948,1.64160000,616.90000000,1.6317
1749262948,1.64170000,595.90000000,1.6317
1749262948,1.64190000,19.70000000,1.6317
1749262948,1.64200000,736.20000000,1.6317
1749262948,1.64230000,20.40000000,1.6317
1749262948,1.64260000,613.50000000,1.6317
1749262948,1.64270000,595.90000000,1.6317
1749262948,1.64280000,5524.50000000,1.6317
1749262948,1.64290000,736.20000000,1.6317
1749262948,1.64310000,4.60000000,1.6317
1749262948,1.64320000,20.40000000,1.6317
1749262948,1.64340000,3.40000000,1.6317
1749262948,1.64360000,729.80000000,1.6317
1749262948,1.64370000,595.90000000,1.6317
1749262948,1.64380000,736.20000000,1.6317
1749263255,1.63400000,144.00000000,1.6341
1749263255,1.63420000,148.60000000,1.6341
1749263255,1.63430000,48.00000000,1.6341
1749263255,1.63440000,8.00000000,1.6341
1749263255,1.63460000,4.60000000,1.6341
1749263255,1.63470000,3.40000000,1.6341
1749263255,1.63480000,5.80000000,1.6341
1749263255,1.63490000,144.00000000,1.6341
1749263255,1.63500000,273.40000000,1.6341
1749263255,1.63510000,1436.90000000,1.6341
1749263255,1.63520000,2337.30000000,1.6341
1749263255,1.63530000,147.40000000,1.6341
1749263255,1.63540000,161.10000000,1.6341
1749263255,1.63550000,917.20000000,1.6341
1749263255,1.63560000,919.30000000,1.6341
1749263255,1.63570000,963.20000000,1.6341
1749263255,1.63580000,973.50000000,1.6341
1749263255,1.63590000,699.70000000,1.6341
1749263255,1.63600000,407.00000000,1.6341
1749263255,1.63610000,840.10000000,1.6341
1749263255,1.63620000,700.20000000,1.6341
1749263255,1.63630000,1168.20000000,1.6341
1749263255,1.63640000,2708.90000000,1.6341
1749263255,1.63650000,3533.90000000,1.6341
1749263255,1.63660000,954.70000000,1.6341
1749263255,1.63670000,976.10000000,1.6341
1749263255,1.63680000,1070.40000000,1.6341
1749263255,1.63700000,426.60000000,1.6341
1749263255,1.63710000,1519.00000000,1.6341
1749263255,1.63720000,2961.60000000,1.6341
1749263255,1.63730000,694.80000000,1.6341
1749263255,1.63740000,223.50000000,1.6341
1749263255,1.63750000,231.90000000,1.6341
1749263255,1.63760000,1248.80000000,1.6341
1749263255,1.63770000,1284.10000000,1.6341
1749263255,1.63780000,364.90000000,1.6341
1749263255,1.63790000,736.20000000,1.6341
1749263255,1.63800000,210.70000000,1.6341
1749263255,1.63810000,262.60000000,1.6341
1749263255,1.63820000,144.00000000,1.6341
1749263255,1.63830000,4.60000000,1.6341
1749263255,1.63840000,144.00000000,1.6341
1749263255,1.63850000,76.00000000,1.6341
1749263255,1.63860000,760.90000000,1.6341
1749263255,1.63870000,595.90000000,1.6341
1749263255,1.63880000,144.00000000,1.6341
1749263255,1.63890000,736.20000000,1.6341
1749263255,1.63900000,730.20000000,1.6341
1749263255,1.63910000,23.70000000,1.6341
1749263255,1.63920000,147.40000000,1.6341
1749263255,1.63930000,423.00000000,1.6341
1749263255,1.63940000,229.30000000,1.6341
1749263255,1.63960000,1349.70000000,1.6341
1749263255,1.63970000,595.90000000,1.6341
1749263255,1.63980000,147.40000000,1.6341
1749263255,1.63990000,80.60000000,1.6341
1749263255,1.64000000,232.80000000,1.6341
1749263255,1.64010000,1187.60000000,1.6341
1749263255,1.64020000,736.20000000,1.6341
1749263255,1.64030000,10794.90000000,1.6341
1749263255,1.64040000,144.00000000,1.6341
1749263255,1.64060000,3715.50000000,1.6341
1749263255,1.64070000,1391.50000000,1.6341
1749263255,1.64080000,748.60000000,1.6341
1749263255,1.64090000,1078.10000000,1.6341
1749263255,1.64100000,144.00000000,1.6341
1749263255,1.64120000,219.90000000,1.6341
1749263255,1.64140000,880.20000000,1.6341
1749263255,1.64150000,80.50000000,1.6341
1749263255,1.64160000,760.90000000,1.6341
1749263255,1.64170000,1643.90000000,1.6341
1749263255,1.64180000,521.20000000,1.6341
1749263255,1.64190000,19.70000000,1.6341
1749263255,1.64200000,880.20000000,1.6341
1749263255,1.64230000,96.30000000,1.6341
1749263255,1.64240000,1147.40000000,1.6341
1749263255,1.64260000,757.50000000,1.6341
1749263255,1.64270000,595.90000000,1.6341
1749263255,1.64280000,144.00000000,1.6341
1749263255,1.64290000,2043.10000000,1.6341
1749263255,1.64300000,144.00000000,1.6341
1749263255,1.64310000,1687.90000000,1.6341
1749263255,1.64320000,20.40000000,1.6341
1749263255,1.64340000,3.40000000,1.6341
1749263255,1.64360000,769.90000000,1.6341
1749263255,1.64370000,595.90000000,1.6341
1749263255,1.64380000,1611.60000000,1.6341
1749263255,1.64390000,4.60000000,1.6341
1749263255,1.64400000,144.00000000,1.6341
1749263255,1.64430000,6869.00000000,1.6341
1749263255,1.64440000,890.30000000,1.6341
1749263255,1.64470000,600.50000000,1.6341
1749263255,1.64480000,3.70000000,1.6341
1749263255,1.64490000,632.90000000,1.6341
1749263255,1.64500000,2313.40000000,1.6341
1749263255,1.64510000,736.20000000,1.6341
1749263255,1.64520000,3.40000000,1.6341
1749263255,1.64550000,4.60000000,1.6341
1749263255,1.64570000,736.20000000,1.6341
1749263255,1.64630000,740.80000000,1.6341
1749263562,1.62990000,30.00000000,1.6296
1749263562,1.63000000,148.70000000,1.6296
1749263562,1.63010000,48.00000000,1.6296
1749263562,1.63020000,148.70000000,1.6296
1749263562,1.63030000,48.00000000,1.6296
1749263562,1.63040000,148.70000000,1.6296
1749263562,1.63050000,48.00000000,1.6296
1749263562,1.63060000,148.70000000,1.6296
1749263562,1.63070000,48.00000000,1.6296
1749263562,1.63080000,384.00000000,1.6296
1749263562,1.63090000,1192.60000000,1.6296
1749263562,1.63100000,1927.00000000,1.6296
1749263562,1.63110000,1885.30000000,1.6296
1749263562,1.63120000,354.30000000,1.6296
1749263562,1.63140000,292.90000000,1.6296
1749263562,1.63150000,736.20000000,1.6296
1749263562,1.63160000,148.60000000,1.6296
1749263562,1.63170000,79.40000000,1.6296
1749263562,1.63180000,4.60000000,1.6296
1749263562,1.63190000,148.60000000,1.6296
1749263562,1.63200000,615.00000000,1.6296
1749263562,1.63210000,1945.60000000,1.6296
1749263562,1.63220000,306.60000000,1.6296
1749263562,1.63230000,147.40000000,1.6296
1749263562,1.63240000,93.00000000,1.6296
1749263562,1.63250000,219.90000000,1.6296
1749263562,1.63260000,381.50000000,1.6296
1749263562,1.63270000,1008.00000000,1.6296
1749263562,1.63280000,278.70000000,1.6296
1749263562,1.63290000,1182.50000000,1.6296
1749263562,1.63300000,1417.90000000,1.6296
1749263562,1.63310000,1733.30000000,1.6296
1749263562,1.63320000,726.50000000,1.6296
1749263562,1.63330000,4534.80000000,1.6296
1749263562,1.63340000,4357.40000000,1.6296
1749263562,1.63350000,3448.40000000,1.6296
1749263562,1.63360000,2156.50000000,1.6296
1749263562,1.63370000,1054.40000000,1.6296
1749263562,1.63380000,387.10000000,1.6296
1749263562,1.63390000,1203.90000000,1.6296
1749263562,1.63400000,1244.90000000,1.6296
1749263562,1.63410000,736.20000000,1.6296
1749263562,1.63420000,219.90000000,1.6296
1749263562,1.63430000,799.30000000,1.6296
1749263562,1.63440000,1016.00000000,1.6296
1749263562,1.63460000,144.00000000,1.6296
1749263562,1.63470000,736.20000000,1.6296
1749263562,1.63480000,144.00000000,1.6296
1749263562,1.63490000,75.90000000,1.6296
1749263562,1.63500000,147.40000000,1.6296
1749263562,1.63510000,80.50000000,1.6296
1749263562,1.63520000,156.40000000,1.6296
1749263562,1.63530000,8403.40000000,1.6296
1749263562,1.63540000,1527.00000000,1.6296
1749263562,1.63560000,166.70000000,1.6296
1749263562,1.63580000,144.00000000,1.6296
1749263562,1.63590000,80.40000000,1.6296
1749263562,1.63600000,219.80000000,1.6296
1749263562,1.63620000,147.40000000,1.6296
1749263562,1.63640000,1945.60000000,1.6296
1749263562,1.63650000,144.00000000,1.6296
1749263562,1.63660000,12.40000000,1.6296
1749263562,1.63670000,148.60000000,1.6296
1749263562,1.63680000,3.40000000,1.6296
1749263562,1.63690000,3885.00000000,1.6296
1749263562,1.63710000,163.80000000,1.6296
1749263562,1.63720000,736.20000000,1.6296
1749263562,1.63730000,147.70000000,1.6296
1749263562,1.63740000,75.80000000,1.6296
1749263562,1.63750000,148.60000000,1.6296
1749263562,1.63760000,613.50000000,1.6296
1749263562,1.63770000,739.90000000,1.6296
1749263562,1.63780000,75.70000000,1.6296
1749263562,1.63790000,736.20000000,1.6296
1749263562,1.63800000,1275.90000000,1.6296
1749263562,1.63810000,1087.30000000,1.6296
1749263562,1.63820000,144.00000000,1.6296
1749263562,1.63830000,1678.20000000,1.6296
1749263562,1.63840000,144.00000000,1.6296
1749263562,1.63860000,757.50000000,1.6296
1749263562,1.63870000,595.90000000,1.6296
1749263562,1.63880000,164.10000000,1.6296
1749263562,1.63890000,1773.80000000,1.6296
1749263562,1.63910000,381.80000000,1.6296
1749263562,1.63930000,1731.10000000,1.6296
1749263562,1.63950000,1161.30000000,1.6296
1749263562,1.63960000,2225.10000000,1.6296
1749263562,1.63970000,595.90000000,1.6296
1749263562,1.63980000,3.40000000,1.6296
1749263562,1.63990000,4.60000000,1.6296
1749263562,1.64000000,88.80000000,1.6296
1749263562,1.64010000,173.10000000,1.6296
1749263562,1.64020000,736.20000000,1.6296
1749263562,1.64060000,3721.50000000,1.6296
1749263562,1.64070000,600.50000000,1.6296
1749263562,1.64080000,748.60000000,1.6296
1749263562,1.64140000,736.20000000,1.6296
1749263562,1.64150000,4.60000000,1.6296
1749263562,1.64160000,616.90000000,1.6296
1749263562,1.64170000,615.20000000,1.6296
1749263863,1.63410000,3.40000000,1.635
1749263863,1.63420000,3.40000000,1.635
1749263863,1.63440000,3.40000000,1.635
1749263863,1.63450000,144.00000000,1.635
1749263863,1.63460000,226.50000000,1.635
1749263863,1.63470000,739.60000000,1.635
1749263863,1.63480000,148.60000000,1.635
1749263863,1.63500000,704.90000000,1.635
1749263863,1.63510000,1843.10000000,1.635
1749263863,1.63520000,181.10000000,1.635
1749263863,1.63530000,518.00000000,1.635
1749263863,1.63540000,1480.70000000,1.635
1749263863,1.63560000,540.50000000,1.635
1749263863,1.63570000,721.60000000,1.635
1749263863,1.63580000,390.20000000,1.635
1749263863,1.63590000,1013.40000000,1.635
1749263863,1.63600000,1120.00000000,1.635
1749263863,1.63610000,795.00000000,1.635
1749263863,1.63620000,3675.40000000,1.635
1749263863,1.63630000,4064.70000000,1.635
1749263863,1.63640000,2671.80000000,1.635
1749263863,1.63650000,147.40000000,1.635
1749263863,1.63660000,17.00000000,1.635
1749263863,1.63670000,148.60000000,1.635
1749263863,1.63680000,683.30000000,1.635
1749263863,1.63690000,1055.60000000,1.635
1749263863,1.63700000,442.70000000,1.635
1749263863,1.63710000,1400.50000000,1.635
1749263863,1.63720000,736.20000000,1.635
1749263863,1.63730000,147.70000000,1.635
1749263863,1.63740000,341.80000000,1.635
1749263863,1.63750000,516.30000000,1.635
1749263863,1.63760000,1447.60000000,1.635
1749263863,1.63770000,739.90000000,1.635
1749263863,1.63780000,76.10000000,1.635
1749263863,1.63790000,736.20000000,1.635
1749263863,1.63800000,15.80000000,1.635
1749263863,1.63810000,144.00000000,1.635
1749263863,1.63830000,4.60000000,1.635
1749263863,1.63840000,18.80000000,1.635
1749263863,1.63850000,706.80000000,1.635
1749263863,1.63860000,616.90000000,1.635
1749263863,1.63870000,739.90000000,1.635
1749263863,1.63880000,51.00000000,1.635
1749263863,1.63890000,812.30000000,1.635
1749263863,1.63900000,492.60000000,1.635
1749263863,1.63910000,148.60000000,1.635
1749263863,1.63920000,3.40000000,1.635
1749263863,1.63950000,144.00000000,1.635
1749263863,1.63960000,1425.70000000,1.635
1749263863,1.63970000,739.90000000,1.635
1749263863,1.63980000,3.40000000,1.635
1749263863,1.63990000,4.60000000,1.635
1749263863,1.64010000,298.10000000,1.635
1749263863,1.64020000,4433.80000000,1.635
1749263863,1.64030000,7193.10000000,1.635
1749263863,1.64040000,76.00000000,1.635
1749263863,1.64050000,3296.90000000,1.635
1749263863,1.64060000,613.50000000,1.635
1749263863,1.64070000,744.50000000,1.635
1749263863,1.64080000,824.60000000,1.635
1749263863,1.64090000,2304.80000000,1.635
1749263863,1.64100000,533.80000000,1.635
1749263863,1.64110000,144.00000000,1.635
1749263863,1.64130000,219.90000000,1.635
1749263863,1.64140000,736.20000000,1.635
1749263863,1.64150000,1664.20000000,1.635
1749263863,1.64160000,616.90000000,1.635
1749263863,1.64170000,759.20000000,1.635
1749263863,1.64180000,1659.70000000,1.635
1749263863,1.64190000,219.90000000,1.635
1749263863,1.64200000,736.20000000,1.635
1749263863,1.64210000,1507.20000000,1.635
1749263863,1.64220000,1143.00000000,1.635
1749263863,1.64230000,164.40000000,1.635
1749263863,1.64260000,613.50000000,1.635
1749263863,1.64270000,739.90000000,1.635
1749263863,1.64280000,75.90000000,1.635
1749263863,1.64290000,880.20000000,1.635
1749263863,1.64310000,4.60000000,1.635
1749263863,1.64320000,20.30000000,1.635
1749263863,1.64340000,3.40000000,1.635
1749263863,1.64360000,625.90000000,1.635
1749263863,1.64370000,739.90000000,1.635
1749263863,1.64380000,736.20000000,1.635
1749263863,1.64390000,4.60000000,1.635
1749263863,1.64410000,875.40000000,1.635
1749263863,1.64440000,7625.20000000,1.635
1749263863,1.64470000,600.50000000,1.635
1749263863,1.64480000,5519.20000000,1.635
1749263863,1.64490000,613.50000000,1.635
1749263863,1.64500000,2313.40000000,1.635
1749263863,1.64510000,756.10000000,1.635
1749263863,1.64520000,3.40000000,1.635
1749263863,1.64550000,4.60000000,1.635
1749263863,1.64570000,736.20000000,1.635
1749263863,1.64630000,740.80000000,1.635
1749263863,1.64640000,12.40000000,1.635
1749263863,1.64670000,915.50000000,1.635
1749263863,1.64680000,18.90000000,1.635
1749264165,1.63610000,192.00000000,1.6347
1749264165,1.63620000,43.10000000,1.6347
1749264165,1.63630000,85.40000000,1.6347
1749264165,1.63640000,4.60000000,1.6347
1749264165,1.63650000,174.30000000,1.6347
1749264165,1.63660000,4.60000000,1.6347
1749264165,1.63670000,521.60000000,1.6347
1749264165,1.63680000,1129.40000000,1.6347
1749264165,1.63690000,192.00000000,1.6347
1749264165,1.63700000,90.40000000,1.6347
1749264165,1.63710000,402.60000000,1.6347
1749264165,1.63720000,1853.40000000,1.6347
1749264165,1.63730000,2245.00000000,1.6347
1749264165,1.63740000,774.50000000,1.6347
1749264165,1.63750000,200.00000000,1.6347
1749264165,1.63760000,4.60000000,1.6347
1749264165,1.63770000,147.40000000,1.6347
1749264165,1.63780000,80.30000000,1.6347
1749264165,1.63790000,144.00000000,1.6347
1749264165,1.63800000,241.30000000,1.6347
1749264165,1.63810000,1043.60000000,1.6347
1749264165,1.63820000,148.60000000,1.6347
1749264165,1.63830000,1041.00000000,1.6347
1749264165,1.63840000,3440.80000000,1.6347
1749264165,1.63850000,1017.00000000,1.6347
1749264165,1.63860000,1237.00000000,1.6347
1749264165,1.63870000,1641.20000000,1.6347
1749264165,1.63880000,1524.90000000,1.6347
1749264165,1.63890000,1772.70000000,1.6347
1749264165,1.63900000,4.60000000,1.6347
1749264165,1.63910000,587.80000000,1.6347
1749264165,1.63920000,2033.00000000,1.6347
1749264165,1.63930000,1825.80000000,1.6347
1749264165,1.63940000,1236.00000000,1.6347
1749264165,1.63950000,1961.60000000,1.6347
1749264165,1.63960000,226.60000000,1.6347
1749264165,1.63970000,739.90000000,1.6347
1749264165,1.63980000,268.80000000,1.6347
1749264165,1.63990000,884.80000000,1.6347
1749264165,1.64010000,144.00000000,1.6347
1749264165,1.64020000,20.60000000,1.6347
1749264165,1.64030000,75.60000000,1.6347
1749264165,1.64040000,147.40000000,1.6347
1749264165,1.64050000,664.50000000,1.6347
1749264165,1.64070000,744.50000000,1.6347
1749264165,1.64080000,1859.70000000,1.6347
1749264165,1.64090000,632.00000000,1.6347
1749264165,1.64100000,79.00000000,1.6347
1749264165,1.64130000,144.00000000,1.6347
1749264165,1.64140000,7774.20000000,1.6347
1749264165,1.64150000,762.10000000,1.6347
1749264165,1.64160000,3.40000000,1.6347
1749264165,1.64170000,1819.40000000,1.6347
1749264165,1.64180000,696.40000000,1.6347
1749264165,1.64190000,219.90000000,1.6347
1749264165,1.64200000,736.20000000,1.6347
1749264165,1.64210000,769.10000000,1.6347
1749264165,1.64220000,54.30000000,1.6347
1749264165,1.64230000,164.40000000,1.6347
1749264165,1.64240000,1110.20000000,1.6347
1749264165,1.64250000,144.00000000,1.6347
1749264165,1.64260000,4275.10000000,1.6347
1749264165,1.64270000,739.90000000,1.6347
1749264165,1.64280000,79.20000000,1.6347
1749264165,1.64290000,2046.90000000,1.6347
1749264165,1.64300000,75.80000000,1.6347
1749264165,1.64310000,148.60000000,1.6347
1749264165,1.64320000,20.30000000,1.6347
1749264165,1.64330000,144.00000000,1.6347
1749264165,1.64340000,3.40000000,1.6347
1749264165,1.64350000,219.80000000,1.6347
1749264165,1.64360000,625.90000000,1.6347
1749264165,1.64370000,739.90000000,1.6347
1749264165,1.64380000,736.20000000,1.6347
1749264165,1.64390000,3091.60000000,1.6347
1749264165,1.64410000,298.10000000,1.6347
1749264165,1.64420000,875.40000000,1.6347
1749264165,1.64430000,521.20000000,1.6347
1749264165,1.64440000,736.20000000,1.6347
1749264165,1.64470000,600.50000000,1.6347
1749264165,1.64480000,3.70000000,1.6347
1749264165,1.64490000,613.50000000,1.6347
1749264165,1.64500000,3971.50000000,1.6347
1749264165,1.64510000,2265.40000000,1.6347
1749264165,1.64520000,3.40000000,1.6347
1749264165,1.64550000,4.60000000,1.6347
1749264165,1.64570000,1332.10000000,1.6347
1749264165,1.64590000,613.50000000,1.6347
1749264165,1.64630000,740.80000000,1.6347
1749264165,1.64640000,12.40000000,1.6347
1749264165,1.64670000,595.90000000,1.6347
1749264165,1.64680000,18.90000000,1.6347
1749264165,1.64690000,1349.70000000,1.6347
1749264165,1.64700000,323.00000000,1.6347
1749264165,1.64710000,4.60000000,1.6347
1749264165,1.64750000,736.20000000,1.6347
1749264165,1.64780000,2303.60000000,1.6347
1749264165,1.64790000,197.60000000,1.6347
1749264165,1.64810000,736.20000000,1.6347
1749264165,1.64860000,19.60000000,1.6347
1749264466,1.63170000,3.40000000,1.6308
1749264466,1.63180000,4.60000000,1.6308
1749264466,1.63190000,52.60000000,1.6308
1749264466,1.63200000,8.00000000,1.6308
1749264466,1.63210000,144.00000000,1.6308
1749264466,1.63220000,4.60000000,1.6308
1749264466,1.63230000,44.90000000,1.6308
1749264466,1.63240000,164.40000000,1.6308
1749264466,1.63250000,237.70000000,1.6308
1749264466,1.63260000,792.20000000,1.6308
1749264466,1.63270000,203.80000000,1.6308
1749264466,1.63280000,503.90000000,1.6308
1749264466,1.63290000,3.40000000,1.6308
1749264466,1.63300000,699.40000000,1.6308
1749264466,1.63310000,1848.30000000,1.6308
1749264466,1.63320000,152.00000000,1.6308
1749264466,1.63330000,303.80000000,1.6308
1749264466,1.63340000,884.80000000,1.6308
1749264466,1.63350000,83.90000000,1.6308
1749264466,1.63360000,148.60000000,1.6308
1749264466,1.63370000,533.90000000,1.6308
1749264466,1.63380000,2200.60000000,1.6308
1749264466,1.63390000,1469.20000000,1.6308
1749264466,1.63400000,1212.70000000,1.6308
1749264466,1.63410000,2154.40000000,1.6308
1749264466,1.63420000,5112.40000000,1.6308
1749264466,1.63430000,1275.70000000,1.6308
1749264466,1.63440000,2387.90000000,1.6308
1749264466,1.63450000,4672.80000000,1.6308
1749264466,1.63460000,276.30000000,1.6308
1749264466,1.63470000,905.70000000,1.6308
1749264466,1.63480000,419.50000000,1.6308
1749264466,1.63490000,1726.30000000,1.6308
1749264466,1.63500000,889.60000000,1.6308
1749264466,1.63510000,148.60000000,1.6308
1749264466,1.63520000,31.80000000,1.6308
1749264466,1.63530000,75.80000000,1.6308
1749264466,1.63540000,608.10000000,1.6308
1749264466,1.63550000,1209.40000000,1.6308
1749264466,1.63560000,166.80000000,1.6308
1749264466,1.63570000,75.80000000,1.6308
1749264466,1.63580000,144.00000000,1.6308
1749264466,1.63590000,740.80000000,1.6308
1749264466,1.63600000,144.00000000,1.6308
1749264466,1.63620000,147.40000000,1.6308
1749264466,1.63630000,939.10000000,1.6308
1749264466,1.63640000,144.00000000,1.6308
1749264466,1.63650000,2359.70000000,1.6308
1749264466,1.63660000,644.10000000,1.6308
1749264466,1.63670000,148.60000000,1.6308
1749264466,1.63680000,79.20000000,1.6308
1749264466,1.63690000,144.00000000,1.6308
1749264466,1.63710000,194.90000000,1.6308
1749264466,1.63720000,75.80000000,1.6308
1749264466,1.63730000,7202.90000000,1.6308
1749264466,1.63740000,758.60000000,1.6308
1749264466,1.63750000,762.10000000,1.6308
1749264466,1.63770000,739.90000000,1.6308
1749264466,1.63780000,834.20000000,1.6308
1749264466,1.63790000,144.00000000,1.6308
1749264466,1.63800000,15.80000000,1.6308
1749264466,1.63810000,736.20000000,1.6308
1749264466,1.63820000,144.00000000,1.6308
1749264466,1.63830000,80.30000000,1.6308
1749264466,1.63850000,757.50000000,1.6308
1749264466,1.63860000,75.70000000,1.6308
1749264466,1.63870000,2446.70000000,1.6308
1749264466,1.63880000,572.20000000,1.6308
1749264466,1.63910000,3839.40000000,1.6308
1749264466,1.63930000,811.80000000,1.6308
1749264466,1.63940000,1054.20000000,1.6308
1749264466,1.63950000,757.50000000,1.6308
1749264466,1.63960000,1687.10000000,1.6308
1749264466,1.63970000,739.90000000,1.6308
1749264466,1.63980000,79.40000000,1.6308
1749264466,1.63990000,1760.20000000,1.6308
1749264466,1.64010000,1217.50000000,1.6308
1749264466,1.64030000,76.00000000,1.6308
1749264466,1.64040000,1972.20000000,1.6308
1749264466,1.64050000,613.50000000,1.6308
1749264466,1.64060000,19.70000000,1.6308
1749264466,1.64070000,3847.50000000,1.6308
1749264466,1.64080000,1859.70000000,1.6308
1749264466,1.64140000,736.20000000,1.6308
1749264466,1.64150000,618.10000000,1.6308
1749264466,1.64160000,3.40000000,1.6308
1749264466,1.64170000,595.90000000,1.6308
1749264466,1.64200000,736.20000000,1.6308
1749264466,1.64230000,40.30000000,1.6308
1749264466,1.64260000,613.50000000,1.6308
1749264466,1.64270000,595.90000000,1.6308
1749264466,1.64290000,736.20000000,1.6308
1749264466,1.64310000,4.60000000,1.6308
1749264466,1.64320000,20.30000000,1.6308
1749264466,1.64340000,3.40000000,1.6308
1749264466,1.64360000,625.90000000,1.6308
1749264466,1.64370000,595.90000000,1.6308
1749264466,1.64380000,736.20000000,1.6308
1749264466,1.64390000,4.60000000,1.6308
1749264466,1.64440000,736.20000000,1.6308
1749264768,1.63680000,3.40000000,1.6368
1749264768,1.63710000,42.80000000,1.6368
1749264768,1.63720000,8.00000000,1.6368
1749264768,1.63730000,144.00000000,1.6368
1749264768,1.63740000,8.00000000,1.6368
1749264768,1.63750000,148.60000000,1.6368
1749264768,1.63760000,4.60000000,1.6368
1749264768,1.63770000,147.40000000,1.6368
1749264768,1.63780000,4.60000000,1.6368
1749264768,1.63790000,827.90000000,1.6368
1749264768,1.63800000,2077.20000000,1.6368
1749264768,1.63810000,1001.20000000,1.6368
1749264768,1.63820000,148.60000000,1.6368
1749264768,1.63830000,8.00000000,1.6368
1749264768,1.63840000,375.70000000,1.6368
1749264768,1.63850000,1236.90000000,1.6368
1749264768,1.63860000,324.60000000,1.6368
1749264768,1.63870000,1032.10000000,1.6368
1749264768,1.63880000,1172.50000000,1.6368
1749264768,1.63890000,790.20000000,1.6368
1749264768,1.63900000,294.00000000,1.6368
1749264768,1.63910000,1287.50000000,1.6368
1749264768,1.63920000,2697.80000000,1.6368
1749264768,1.63930000,6162.70000000,1.6368
1749264768,1.63940000,2330.30000000,1.6368
1749264768,1.63950000,2334.40000000,1.6368
1749264768,1.63960000,1092.90000000,1.6368
1749264768,1.63970000,2603.90000000,1.6368
1749264768,1.63980000,452.20000000,1.6368
1749264768,1.63990000,1496.10000000,1.6368
1749264768,1.64000000,75.90000000,1.6368
1749264768,1.64010000,1284.00000000,1.6368
1749264768,1.64040000,569.70000000,1.6368
1749264768,1.64050000,664.50000000,1.6368
1749264768,1.64060000,95.60000000,1.6368
1749264768,1.64070000,744.50000000,1.6368
1749264768,1.64080000,1859.70000000,1.6368
1749264768,1.64090000,144.00000000,1.6368
1749264768,1.64100000,3.40000000,1.6368
1749264768,1.64110000,144.00000000,1.6368
1749264768,1.64120000,75.80000000,1.6368
1749264768,1.64130000,144.00000000,1.6368
1749264768,1.64140000,736.20000000,1.6368
1749264768,1.64150000,7805.80000000,1.6368
1749264768,1.64160000,79.30000000,1.6368
1749264768,1.64170000,1901.00000000,1.6368
1749264768,1.64190000,709.80000000,1.6368
1749264768,1.64200000,736.20000000,1.6368
1749264768,1.64210000,144.00000000,1.6368
1749264768,1.64220000,1188.00000000,1.6368
1749264768,1.64230000,164.40000000,1.6368
1749264768,1.64240000,75.90000000,1.6368
1749264768,1.64250000,144.00000000,1.6368
1749264768,1.64260000,613.50000000,1.6368
1749264768,1.64270000,739.90000000,1.6368
1749264768,1.64280000,75.80000000,1.6368
1749264768,1.64290000,880.20000000,1.6368
1749264768,1.64310000,4.60000000,1.6368
1749264768,1.64320000,75.70000000,1.6368
1749264768,1.64330000,920.10000000,1.6368
1749264768,1.64340000,3.40000000,1.6368
1749264768,1.64360000,701.70000000,1.6368
1749264768,1.64370000,759.40000000,1.6368
1749264768,1.64380000,736.20000000,1.6368
1749264768,1.64390000,199.50000000,1.6368
1749264768,1.64400000,4924.40000000,1.6368
1749264768,1.64410000,1805.00000000,1.6368
1749264768,1.64430000,219.80000000,1.6368
1749264768,1.64440000,3832.20000000,1.6368
1749264768,1.64450000,144.00000000,1.6368
1749264768,1.64460000,154.10000000,1.6368
1749264768,1.64470000,744.50000000,1.6368
1749264768,1.64480000,79.50000000,1.6368
1749264768,1.64490000,757.50000000,1.6368
1749264768,1.64500000,2281.90000000,1.6368
1749264768,1.64510000,900.10000000,1.6368
1749264768,1.64520000,3.40000000,1.6368
1749264768,1.64550000,1279.70000000,1.6368
1749264768,1.64570000,1332.10000000,1.6368
1749264768,1.64590000,757.50000000,1.6368
1749264768,1.64630000,740.80000000,1.6368
1749264768,1.64640000,2067.70000000,1.6368
1749264768,1.64670000,595.90000000,1.6368
1749264768,1.64690000,1349.70000000,1.6368
1749264768,1.64700000,23.50000000,1.6368
1749264768,1.64710000,324.20000000,1.6368
1749264768,1.64720000,893.70000000,1.6368
1749264768,1.64750000,6243.90000000,1.6368
1749264768,1.64780000,2303.60000000,1.6368
1749264768,1.64790000,197.60000000,1.6368
1749264768,1.64810000,736.20000000,1.6368
1749264768,1.64870000,620.90000000,1.6368
1749264768,1.64880000,3.40000000,1.6368
1749264768,1.64890000,613.50000000,1.6368
1749264768,1.64920000,12.40000000,1.6368
1749264768,1.64950000,4.60000000,1.6368
1749264768,1.64960000,28.50000000,1.6368
1749264768,1.64980000,2381.90000000,1.6368
1749264768,1.65000000,1309.30000000,1.6368
1749264768,1.65010000,6819.60000000,1.6368
1749265069,1.63730000,130.40000000,1.6377
1749265069,1.63740000,174.50000000,1.6377
1749265069,1.63750000,48.00000000,1.6377
1749265069,1.63760000,35.10000000,1.6377
1749265069,1.63770000,182.70000000,1.6377
1749265069,1.63780000,8.00000000,1.6377
1749265069,1.63790000,174.30000000,1.6377
1749265069,1.63800000,8.00000000,1.6377
1749265069,1.63810000,357.10000000,1.6377
1749265069,1.63820000,4.60000000,1.6377
1749265069,1.63830000,152.00000000,1.6377
1749265069,1.63840000,34.90000000,1.6377
1749265069,1.63850000,329.80000000,1.6377
1749265069,1.63860000,1102.60000000,1.6377
1749265069,1.63870000,1013.50000000,1.6377
1749265069,1.63880000,1063.50000000,1.6377
1749265069,1.63890000,1555.90000000,1.6377
1749265069,1.63900000,2603.70000000,1.6377
1749265069,1.63910000,281.60000000,1.6377
1749265069,1.63920000,923.40000000,1.6377
1749265069,1.63930000,392.60000000,1.6377
1749265069,1.63940000,526.80000000,1.6377
1749265069,1.63950000,1573.30000000,1.6377
1749265069,1.63960000,734.10000000,1.6377
1749265069,1.63970000,256.90000000,1.6377
1749265069,1.63980000,968.00000000,1.6377
1749265069,1.63990000,2227.20000000,1.6377
1749265069,1.64000000,3593.00000000,1.6377
1749265069,1.64010000,1819.00000000,1.6377
1749265069,1.64020000,460.70000000,1.6377
1749265069,1.64030000,1040.40000000,1.6377
1749265069,1.64040000,284.00000000,1.6377
1749265069,1.64050000,1329.30000000,1.6377
1749265069,1.64060000,2485.70000000,1.6377
1749265069,1.64070000,4038.00000000,1.6377
1749265069,1.64080000,1193.40000000,1.6377
1749265069,1.64090000,739.90000000,1.6377
1749265069,1.64100000,1200.80000000,1.6377
1749265069,1.64110000,75.60000000,1.6377
1749265069,1.64140000,264.10000000,1.6377
1749265069,1.64150000,880.20000000,1.6377
1749265069,1.64160000,856.10000000,1.6377
1749265069,1.64180000,144.00000000,1.6377
1749265069,1.64190000,595.90000000,1.6377
1749265069,1.64200000,414.60000000,1.6377
1749265069,1.64210000,144.00000000,1.6377
1749265069,1.64220000,1163.60000000,1.6377
1749265069,1.64230000,900.60000000,1.6377
1749265069,1.64250000,799.50000000,1.6377
1749265069,1.64260000,613.50000000,1.6377
1749265069,1.64270000,219.60000000,1.6377
1749265069,1.64280000,3.40000000,1.6377
1749265069,1.64290000,9128.90000000,1.6377
1749265069,1.64310000,820.00000000,1.6377
1749265069,1.64330000,144.00000000,1.6377
1749265069,1.64340000,533.00000000,1.6377
1749265069,1.64350000,144.00000000,1.6377
1749265069,1.64360000,701.40000000,1.6377
1749265069,1.64370000,163.50000000,1.6377
1749265069,1.64380000,736.20000000,1.6377
1749265069,1.64390000,148.60000000,1.6377
1749265069,1.64410000,144.00000000,1.6377
1749265069,1.64430000,3874.80000000,1.6377
1749265069,1.64440000,736.20000000,1.6377
1749265069,1.64450000,144.00000000,1.6377
1749265069,1.64470000,744.50000000,1.6377
1749265069,1.64480000,79.50000000,1.6377
1749265069,1.64490000,757.50000000,1.6377
1749265069,1.64510000,880.20000000,1.6377
1749265069,1.64520000,3.40000000,1.6377
1749265069,1.64530000,20.30000000,1.6377
1749265069,1.64540000,75.70000000,1.6377
1749265069,1.64550000,148.60000000,1.6377
1749265069,1.64570000,1332.10000000,1.6377
1749265069,1.64580000,1650.70000000,1.6377
1749265069,1.64590000,757.50000000,1.6377
1749265069,1.64630000,884.80000000,1.6377
1749265069,1.64640000,12.40000000,1.6377
1749265069,1.64650000,2008.60000000,1.6377
1749265069,1.64660000,377.20000000,1.6377
1749265069,1.64670000,739.90000000,1.6377
1749265069,1.64690000,1349.70000000,1.6377
1749265069,1.64700000,23.50000000,1.6377
1749265069,1.64710000,148.60000000,1.6377
1749265069,1.64730000,144.00000000,1.6377
1749265069,1.64750000,880.20000000,1.6377
1749265069,1.64760000,3095.00000000,1.6377
1749265069,1.64770000,739.90000000,1.6377
1749265069,1.64790000,148.60000000,1.6377
1749265069,1.64810000,880.20000000,1.6377
1749265069,1.64840000,2293.80000000,1.6377
1749265069,1.64870000,1650.40000000,1.6377
1749265069,1.64880000,3.40000000,1.6377
1749265069,1.64890000,613.50000000,1.6377
1749265069,1.64920000,3020.70000000,1.6377
1749265069,1.64950000,4.60000000,1.6377
1749265069,1.64960000,348.10000000,1.6377
1749265069,1.65000000,1309.30000000,1.6377
1749265069,1.65010000,31.60000000,1.6377
1749265069,1.65030000,310.50000000,1.6377
1749265374,1.63100000,17.80000000,1.631
1749265374,1.63110000,4.70000000,1.631
1749265374,1.63120000,52.60000000,1.631
1749265374,1.63130000,144.00000000,1.631
1749265374,1.63140000,4.60000000,1.631
1749265374,1.63150000,144.00000000,1.631
1749265374,1.63160000,231.20000000,1.631
1749265374,1.63170000,755.40000000,1.631
1749265374,1.63180000,4.60000000,1.631
1749265374,1.63190000,272.00000000,1.631
1749265374,1.63200000,411.40000000,1.631
1749265374,1.63210000,144.00000000,1.631
1749265374,1.63220000,415.30000000,1.631
1749265374,1.63230000,1479.50000000,1.631
1749265374,1.63240000,611.70000000,1.631
1749265374,1.63250000,1982.20000000,1.631
1749265374,1.63260000,1081.70000000,1.631
1749265374,1.63270000,3325.70000000,1.631
1749265374,1.63280000,269.70000000,1.631
1749265374,1.63290000,1010.60000000,1.631
1749265374,1.63300000,385.60000000,1.631
1749265374,1.63310000,1323.00000000,1.631
1749265374,1.63320000,694.40000000,1.631
1749265374,1.63330000,2758.50000000,1.631
1749265374,1.63340000,1360.20000000,1.631
1749265374,1.63350000,2172.50000000,1.631
1749265374,1.63360000,3084.20000000,1.631
1749265374,1.63370000,2516.50000000,1.631
1749265374,1.63380000,454.70000000,1.631
1749265374,1.63390000,1185.70000000,1.631
1749265374,1.63400000,1115.80000000,1.631
1749265374,1.63410000,241.40000000,1.631
1749265374,1.63420000,1180.40000000,1.631
1749265374,1.63430000,1491.80000000,1.631
1749265374,1.63440000,331.50000000,1.631
1749265374,1.63450000,613.50000000,1.631
1749265374,1.63460000,541.00000000,1.631
1749265374,1.63470000,1006.20000000,1.631
1749265374,1.63480000,144.00000000,1.631
1749265374,1.63490000,466.50000000,1.631
1749265374,1.63500000,1302.00000000,1.631
1749265374,1.63510000,4.60000000,1.631
1749265374,1.63520000,232.20000000,1.631
1749265374,1.63540000,144.00000000,1.631
1749265374,1.63550000,613.50000000,1.631
1749265374,1.63560000,147.40000000,1.631
1749265374,1.63570000,1427.70000000,1.631
1749265374,1.63580000,144.00000000,1.631
1749265374,1.63590000,4.60000000,1.631
1749265374,1.63600000,144.00000000,1.631
1749265374,1.63610000,670.80000000,1.631
1749265374,1.63620000,147.40000000,1.631
1749265374,1.63630000,736.20000000,1.631
1749265374,1.63640000,144.00000000,1.631
1749265374,1.63650000,824.40000000,1.631
1749265374,1.63660000,156.40000000,1.631
1749265374,1.63670000,4.60000000,1.631
1749265374,1.63680000,7802.10000000,1.631
1749265374,1.63690000,736.20000000,1.631
1749265374,1.63700000,656.60000000,1.631
1749265374,1.63710000,219.80000000,1.631
1749265374,1.63730000,1042.40000000,1.631
1749265374,1.63740000,147.40000000,1.631
1749265374,1.63750000,693.90000000,1.631
1749265374,1.63770000,131.30000000,1.631
1749265374,1.63780000,595.90000000,1.631
1749265374,1.63790000,144.00000000,1.631
1749265374,1.63800000,1936.60000000,1.631
1749265374,1.63810000,144.00000000,1.631
1749265374,1.63830000,148.60000000,1.631
1749265374,1.63840000,19.00000000,1.631
1749265374,1.63850000,5928.90000000,1.631
1749265374,1.63860000,736.20000000,1.631
1749265374,1.63870000,3004.20000000,1.631
1749265374,1.63880000,595.90000000,1.631
1749265374,1.63890000,597.20000000,1.631
1749265374,1.63910000,4.60000000,1.631
1749265374,1.63920000,144.00000000,1.631
1749265374,1.63930000,76.00000000,1.631
1749265374,1.63940000,1041.40000000,1.631
1749265374,1.63950000,1349.70000000,1.631
1749265374,1.63960000,144.00000000,1.631
1749265374,1.63980000,743.30000000,1.631
1749265374,1.63990000,504.60000000,1.631
1749265374,1.64000000,875.40000000,1.631
1749265374,1.64010000,890.30000000,1.631
1749265374,1.64060000,613.50000000,1.631
1749265374,1.64070000,3866.60000000,1.631
1749265374,1.64080000,9.30000000,1.631
1749265374,1.64090000,595.90000000,1.631
1749265374,1.64150000,740.80000000,1.631
1749265374,1.64160000,616.90000000,1.631
1749265374,1.64190000,595.90000000,1.631
1749265374,1.64220000,18.80000000,1.631
1749265374,1.64230000,756.60000000,1.631
1749265374,1.64260000,613.50000000,1.631
1749265374,1.64290000,736.20000000,1.631
1749265374,1.64310000,600.50000000,1.631
1749265374,1.64340000,3.40000000,1.631
1749265374,1.64360000,625.90000000,1.631
1749265676,1.63950000,151.40000000,1.6403
1749265676,1.63960000,48.00000000,1.6403
1749265676,1.63970000,144.00000000,1.6403
1749265676,1.63980000,52.60000000,1.6403
1749265676,1.63990000,144.00000000,1.6403
1749265676,1.64000000,52.60000000,1.6403
1749265676,1.64010000,741.40000000,1.6403
1749265676,1.64020000,666.50000000,1.6403
1749265676,1.64030000,374.60000000,1.6403
1749265676,1.64040000,608.80000000,1.6403
1749265676,1.64050000,144.00000000,1.6403
1749265676,1.64060000,4.60000000,1.6403
1749265676,1.64070000,152.00000000,1.6403
1749265676,1.64080000,343.90000000,1.6403
1749265676,1.64090000,1076.40000000,1.6403
1749265676,1.64100000,279.00000000,1.6403
1749265676,1.64120000,1287.50000000,1.6403
1749265676,1.64130000,3.40000000,1.6403
1749265676,1.64140000,370.80000000,1.6403
1749265676,1.64150000,1139.70000000,1.6403
1749265676,1.64160000,2229.00000000,1.6403
1749265676,1.64170000,827.50000000,1.6403
1749265676,1.64180000,1078.40000000,1.6403
1749265676,1.64190000,3700.20000000,1.6403
1749265676,1.64200000,1810.80000000,1.6403
1749265676,1.64210000,4620.60000000,1.6403
1749265676,1.64220000,3102.60000000,1.6403
1749265676,1.64230000,1584.10000000,1.6403
1749265676,1.64240000,219.90000000,1.6403
1749265676,1.64250000,2039.90000000,1.6403
1749265676,1.64260000,757.50000000,1.6403
1749265676,1.64280000,573.50000000,1.6403
1749265676,1.64290000,736.20000000,1.6403
1749265676,1.64300000,144.00000000,1.6403
1749265676,1.64310000,600.50000000,1.6403
1749265676,1.64320000,163.60000000,1.6403
1749265676,1.64340000,223.30000000,1.6403
1749265676,1.64360000,769.90000000,1.6403
1749265676,1.64370000,610.00000000,1.6403
1749265676,1.64380000,880.20000000,1.6403
1749265676,1.64390000,131.40000000,1.6403
1749265676,1.64400000,675.50000000,1.6403
1749265676,1.64430000,1347.10000000,1.6403
1749265676,1.64440000,812.10000000,1.6403
1749265676,1.64450000,75.70000000,1.6403
1749265676,1.64460000,7183.50000000,1.6403
1749265676,1.64470000,754.60000000,1.6403
1749265676,1.64480000,166.60000000,1.6403
1749265676,1.64490000,1033.20000000,1.6403
1749265676,1.64500000,144.00000000,1.6403
1749265676,1.64510000,1916.20000000,1.6403
1749265676,1.64520000,147.40000000,1.6403
1749265676,1.64530000,75.70000000,1.6403
1749265676,1.64540000,144.00000000,1.6403
1749265676,1.64550000,4.60000000,1.6403
1749265676,1.64560000,194.80000000,1.6403
1749265676,1.64570000,2490.80000000,1.6403
1749265676,1.64580000,144.00000000,1.6403
1749265676,1.64590000,689.20000000,1.6403
1749265676,1.64600000,144.00000000,1.6403
1749265676,1.64630000,816.50000000,1.6403
1749265676,1.64640000,1273.70000000,1.6403
1749265676,1.64650000,902.90000000,1.6403
1749265676,1.64660000,144.00000000,1.6403
1749265676,1.64670000,595.90000000,1.6403
1749265676,1.64680000,144.00000000,1.6403
1749265676,1.64690000,1443.90000000,1.6403
1749265676,1.64700000,1957.40000000,1.6403
1749265676,1.64710000,4.60000000,1.6403
1749265676,1.64720000,1653.00000000,1.6403
1749265676,1.64730000,75.60000000,1.6403
1749265676,1.64740000,3809.60000000,1.6403
1749265676,1.64750000,811.80000000,1.6403
1749265676,1.64760000,144.00000000,1.6403
1749265676,1.64770000,3680.90000000,1.6403
1749265676,1.64780000,144.00000000,1.6403
1749265676,1.64790000,4.60000000,1.6403
1749265676,1.64810000,811.80000000,1.6403
1749265676,1.64820000,163.70000000,1.6403
1749265676,1.64860000,875.40000000,1.6403
1749265676,1.64870000,4.60000000,1.6403
1749265676,1.64880000,3.40000000,1.6403
1749265676,1.64890000,613.50000000,1.6403
1749265676,1.64920000,748.60000000,1.6403
1749265676,1.64930000,5498.40000000,1.6403
1749265676,1.64950000,4.60000000,1.6403
1749265676,1.64960000,9.70000000,1.6403
1749265676,1.64970000,595.90000000,1.6403
1749265676,1.65000000,99.90000000,1.6403
1749265676,1.65010000,31.60000000,1.6403
1749265676,1.65030000,330.30000000,1.6403
1749265676,1.65050000,1044.90000000,1.6403
1749265676,1.65060000,3.40000000,1.6403
1749265676,1.65070000,319.60000000,1.6403
1749265676,1.65090000,613.50000000,1.6403
1749265676,1.65110000,11.20000000,1.6403
1749265676,1.65120000,302.40000000,1.6403
1749265676,1.65140000,893.70000000,1.6403
1749265676,1.65150000,20.20000000,1.6403
1749265676,1.65160000,595.90000000,1.6403
1749265978,1.65010000,73.10000000,1.6495
1749265978,1.65020000,144.00000000,1.6495
1749265978,1.65030000,3.40000000,1.6495
1749265978,1.65040000,148.60000000,1.6495
1749265978,1.65060000,155.40000000,1.6495
1749265978,1.65080000,211.20000000,1.6495
1749265978,1.65090000,954.20000000,1.6495
1749265978,1.65100000,884.80000000,1.6495
1749265978,1.65110000,309.90000000,1.6495
1749265978,1.65120000,995.80000000,1.6495
1749265978,1.65130000,311.70000000,1.6495
1749265978,1.65140000,690.00000000,1.6495
1749265978,1.65150000,933.50000000,1.6495
1749265978,1.65160000,2667.30000000,1.6495
1749265978,1.65170000,610.50000000,1.6495
1749265978,1.65180000,1204.40000000,1.6495
1749265978,1.65190000,740.80000000,1.6495
1749265978,1.65200000,1360.20000000,1.6495
1749265978,1.65210000,4007.60000000,1.6495
1749265978,1.65220000,328.50000000,1.6495
1749265978,1.65230000,916.80000000,1.6495
1749265978,1.65240000,1627.40000000,1.6495
1749265978,1.65250000,964.80000000,1.6495
1749265978,1.65260000,762.10000000,1.6495
1749265978,1.65270000,8.00000000,1.6495
1749265978,1.65280000,148.60000000,1.6495
1749265978,1.65290000,75.10000000,1.6495
1749265978,1.65300000,152.00000000,1.6495
1749265978,1.65310000,359.70000000,1.6495
1749265978,1.65320000,1063.60000000,1.6495
1749265978,1.65330000,595.90000000,1.6495
1749265978,1.65340000,144.00000000,1.6495
1749265978,1.65350000,232.90000000,1.6495
1749265978,1.65360000,760.90000000,1.6495
1749265978,1.65370000,264.10000000,1.6495
1749265978,1.65380000,880.20000000,1.6495
1749265978,1.65390000,75.30000000,1.6495
1749265978,1.65400000,144.00000000,1.6495
1749265978,1.65410000,681.40000000,1.6495
1749265978,1.65420000,147.40000000,1.6495
1749265978,1.65430000,994.10000000,1.6495
1749265978,1.65440000,454.90000000,1.6495
1749265978,1.65460000,144.00000000,1.6495
1749265978,1.65470000,75.30000000,1.6495
1749265978,1.65480000,649.20000000,1.6495
1749265978,1.65490000,429.90000000,1.6495
1749265978,1.65500000,245.90000000,1.6495
1749265978,1.65510000,740.80000000,1.6495
1749265978,1.65520000,144.00000000,1.6495
1749265978,1.65530000,595.90000000,1.6495
1749265978,1.65540000,147.40000000,1.6495
1749265978,1.65560000,219.20000000,1.6495
1749265978,1.65570000,494.10000000,1.6495
1749265978,1.65580000,144.00000000,1.6495
1749265978,1.65590000,4.60000000,1.6495
1749265978,1.65600000,3.40000000,1.6495
1749265978,1.65630000,778.50000000,1.6495
1749265978,1.65640000,736.20000000,1.6495
1749265978,1.65660000,219.20000000,1.6495
1749265978,1.65670000,4.60000000,1.6495
1749265978,1.65680000,7604.40000000,1.6495
1749265978,1.65700000,1212.60000000,1.6495
1749265978,1.65710000,75.20000000,1.6495
1749265978,1.65720000,736.20000000,1.6495
1749265978,1.65730000,595.90000000,1.6495
1749265978,1.65740000,521.20000000,1.6495
1749265978,1.65750000,79.80000000,1.6495
1749265978,1.65760000,8149.90000000,1.6495
1749265978,1.65780000,3.40000000,1.6495
1749265978,1.65790000,154.10000000,1.6495
1749265978,1.65800000,19.20000000,1.6495
1749265978,1.65820000,875.40000000,1.6495
1749265978,1.65830000,4.60000000,1.6495
1749265978,1.65850000,736.20000000,1.6495
1749265978,1.65870000,1696.50000000,1.6495
1749265978,1.65880000,613.50000000,1.6495
1749265978,1.65910000,4.60000000,1.6495
1749265978,1.65920000,54.30000000,1.6495
1749265978,1.65930000,788.90000000,1.6495
1749265978,1.65960000,1873.20000000,1.6495
1749265978,1.65970000,736.20000000,1.6495
1749265978,1.65980000,613.50000000,1.6495
1749265978,1.65990000,8.30000000,1.6495
1749265978,1.66000000,211.30000000,1.6495
1749265978,1.66010000,367.50000000,1.6495
1749265978,1.66020000,893.70000000,1.6495
1749265978,1.66040000,9.30000000,1.6495
1749265978,1.66060000,147.00000000,1.6495
1749265978,1.66070000,4.60000000,1.6495
1749265978,1.66080000,19.80000000,1.6495
1749265978,1.66100000,1178.70000000,1.6495
1749265978,1.66130000,595.90000000,1.6495
1749265978,1.66140000,107.30000000,1.6495
1749265978,1.66150000,14.60000000,1.6495
1749265978,1.66170000,736.20000000,1.6495
1749265978,1.66180000,2805.30000000,1.6495
1749265978,1.66230000,1060.40000000,1.6495
1749265978,1.66240000,29.70000000,1.6495
1749265978,1.66270000,6809.00000000,1.6495
1749265978,1.66280000,20.20000000,1.6495
1749266284,1.64900000,114.00000000,1.6485
1749266284,1.64910000,66.00000000,1.6485
1749266284,1.64920000,196.60000000,1.6485
1749266284,1.64930000,55.00000000,1.6485
1749266284,1.64940000,196.60000000,1.6485
1749266284,1.64960000,116.60000000,1.6485
1749266284,1.64970000,144.00000000,1.6485
1749266284,1.64980000,52.60000000,1.6485
1749266284,1.64990000,144.00000000,1.6485
1749266284,1.65000000,307.70000000,1.6485
1749266284,1.65010000,144.00000000,1.6485
1749266284,1.65020000,4.60000000,1.6485
1749266284,1.65030000,4.60000000,1.6485
1749266284,1.65040000,776.90000000,1.6485
1749266284,1.65050000,2255.10000000,1.6485
1749266284,1.65060000,480.70000000,1.6485
1749266284,1.65070000,1145.00000000,1.6485
1749266284,1.65080000,2022.60000000,1.6485
1749266284,1.65090000,1491.40000000,1.6485
1749266284,1.65100000,1748.50000000,1.6485
1749266284,1.65110000,3307.60000000,1.6485
1749266284,1.65120000,1973.30000000,1.6485
1749266284,1.65130000,237.00000000,1.6485
1749266284,1.65140000,1053.20000000,1.6485
1749266284,1.65150000,877.60000000,1.6485
1749266284,1.65160000,1500.30000000,1.6485
1749266284,1.65170000,2465.10000000,1.6485
1749266284,1.65180000,1558.40000000,1.6485
1749266284,1.65190000,1523.50000000,1.6485
1749266284,1.65200000,153.30000000,1.6485
1749266284,1.65210000,33.60000000,1.6485
1749266284,1.65220000,1364.80000000,1.6485
1749266284,1.65230000,739.90000000,1.6485
1749266284,1.65240000,3229.30000000,1.6485
1749266284,1.65270000,4.60000000,1.6485
1749266284,1.65280000,1219.90000000,1.6485
1749266284,1.65290000,75.40000000,1.6485
1749266284,1.65310000,615.60000000,1.6485
1749266284,1.65320000,742.20000000,1.6485
1749266284,1.65330000,75.40000000,1.6485
1749266284,1.65350000,4.60000000,1.6485
1749266284,1.65370000,1056.60000000,1.6485
1749266284,1.65380000,1008.40000000,1.6485
1749266284,1.65390000,75.40000000,1.6485
1749266284,1.65400000,421.20000000,1.6485
1749266284,1.65410000,974.40000000,1.6485
1749266284,1.65420000,599.30000000,1.6485
1749266284,1.65430000,158.70000000,1.6485
1749266284,1.65450000,736.20000000,1.6485
1749266284,1.65470000,75.40000000,1.6485
1749266284,1.65480000,645.80000000,1.6485
1749266284,1.65490000,10.70000000,1.6485
1749266284,1.65500000,894.70000000,1.6485
1749266284,1.65510000,1135.80000000,1.6485
1749266284,1.65530000,595.90000000,1.6485
1749266284,1.65560000,75.40000000,1.6485
1749266284,1.65570000,794.50000000,1.6485
1749266284,1.65580000,1349.70000000,1.6485
1749266284,1.65590000,4.60000000,1.6485
1749266284,1.65600000,3.40000000,1.6485
1749266284,1.65610000,943.80000000,1.6485
1749266284,1.65620000,377.20000000,1.6485
1749266284,1.65630000,20.00000000,1.6485
1749266284,1.65640000,1343.00000000,1.6485
1749266284,1.65670000,4.60000000,1.6485
1749266284,1.65680000,698.60000000,1.6485
1749266284,1.65690000,7001.90000000,1.6485
1749266284,1.65720000,736.20000000,1.6485
1749266284,1.65730000,595.90000000,1.6485
1749266284,1.65740000,75.40000000,1.6485
1749266284,1.65750000,1678.30000000,1.6485
1749266284,1.65760000,12.40000000,1.6485
1749266284,1.65770000,875.40000000,1.6485
1749266284,1.65780000,616.90000000,1.6485
1749266284,1.65790000,3811.20000000,1.6485
1749266284,1.65800000,1402.10000000,1.6485
1749266284,1.65810000,3647.60000000,1.6485
1749266284,1.65830000,4.60000000,1.6485
1749266284,1.65850000,736.20000000,1.6485
1749266284,1.65870000,10.90000000,1.6485
1749266284,1.65880000,613.50000000,1.6485
1749266284,1.65910000,4.60000000,1.6485
1749266284,1.65920000,54.30000000,1.6485
1749266284,1.65930000,788.90000000,1.6485
1749266284,1.65960000,21.90000000,1.6485
1749266284,1.65970000,736.20000000,1.6485
1749266284,1.65980000,613.50000000,1.6485
1749266284,1.65990000,8.30000000,1.6485
1749266284,1.66000000,211.30000000,1.6485
1749266284,1.66010000,367.50000000,1.6485
1749266284,1.66020000,893.70000000,1.6485
1749266284,1.66030000,595.90000000,1.6485
1749266284,1.66040000,2143.90000000,1.6485
1749266284,1.66060000,147.00000000,1.6485
1749266284,1.66070000,4.60000000,1.6485
1749266284,1.66100000,1198.60000000,1.6485
1749266284,1.66130000,595.90000000,1.6485
1749266284,1.66140000,107.30000000,1.6485
1749266284,1.66150000,14.60000000,1.6485
1749266284,1.66170000,736.20000000,1.6485
1749266585,1.64460000,3.40000000,1.6443
1749266585,1.64480000,9.50000000,1.6443
1749266585,1.64490000,3.40000000,1.6443
1749266585,1.64500000,12.40000000,1.6443
1749266585,1.64510000,148.60000000,1.6443
1749266585,1.64520000,739.60000000,1.6443
1749266585,1.64530000,4.60000000,1.6443
1749266585,1.64540000,156.90000000,1.6443
1749266585,1.64550000,570.40000000,1.6443
1749266585,1.64560000,1967.40000000,1.6443
1749266585,1.64570000,226.50000000,1.6443
1749266585,1.64580000,739.60000000,1.6443
1749266585,1.64590000,4.60000000,1.6443
1749266585,1.64600000,144.00000000,1.6443
1749266585,1.64610000,136.90000000,1.6443
1749266585,1.64620000,429.80000000,1.6443
1749266585,1.64630000,420.90000000,1.6443
1749266585,1.64640000,1682.30000000,1.6443
1749266585,1.64650000,721.50000000,1.6443
1749266585,1.64660000,344.00000000,1.6443
1749266585,1.64670000,233.80000000,1.6443
1749266585,1.64680000,860.90000000,1.6443
1749266585,1.64690000,409.20000000,1.6443
1749266585,1.64700000,1676.00000000,1.6443
1749266585,1.64710000,1899.60000000,1.6443
1749266585,1.64720000,4432.90000000,1.6443
1749266585,1.64730000,1192.50000000,1.6443
1749266585,1.64740000,1709.60000000,1.6443
1749266585,1.64750000,221.90000000,1.6443
1749266585,1.64760000,1470.10000000,1.6443
1749266585,1.64770000,1826.50000000,1.6443
1749266585,1.64780000,156.40000000,1.6443
1749266585,1.64790000,4.60000000,1.6443
1749266585,1.64800000,144.00000000,1.6443
1749266585,1.64810000,75.60000000,1.6443
1749266585,1.64820000,1335.50000000,1.6443
1749266585,1.64830000,9.70000000,1.6443
1749266585,1.64840000,144.00000000,1.6443
1749266585,1.64860000,752.10000000,1.6443
1749266585,1.64870000,618.10000000,1.6443
1749266585,1.64880000,739.60000000,1.6443
1749266585,1.64890000,75.50000000,1.6443
1749266585,1.64900000,173.00000000,1.6443
1749266585,1.64910000,7009.40000000,1.6443
1749266585,1.64920000,749.20000000,1.6443
1749266585,1.64930000,75.50000000,1.6443
1749266585,1.64940000,739.60000000,1.6443
1749266585,1.64950000,4.60000000,1.6443
1749266585,1.64960000,164.10000000,1.6443
1749266585,1.64990000,689.00000000,1.6443
1749266585,1.65000000,739.60000000,1.6443
1749266585,1.65020000,144.00000000,1.6443
1749266585,1.65030000,80.10000000,1.6443
1749266585,1.65040000,5100.30000000,1.6443
1749266585,1.65060000,893.70000000,1.6443
1749266585,1.65070000,11.10000000,1.6443
1749266585,1.65080000,831.60000000,1.6443
1749266585,1.65090000,75.50000000,1.6443
1749266585,1.65100000,757.50000000,1.6443
1749266585,1.65110000,4.60000000,1.6443
1749266585,1.65120000,10.10000000,1.6443
1749266585,1.65130000,75.50000000,1.6443
1749266585,1.65140000,2358.10000000,1.6443
1749266585,1.65150000,75.40000000,1.6443
1749266585,1.65160000,880.20000000,1.6443
1749266585,1.65170000,377.20000000,1.6443
1749266585,1.65180000,907.20000000,1.6443
1749266585,1.65190000,4.60000000,1.6443
1749266585,1.65200000,766.80000000,1.6443
1749266585,1.65220000,880.20000000,1.6443
1749266585,1.65230000,79.10000000,1.6443
1749266585,1.65240000,599.30000000,1.6443
1749266585,1.65260000,144.00000000,1.6443
1749266585,1.65270000,4.60000000,1.6443
1749266585,1.65280000,880.20000000,1.6443
1749266585,1.65290000,75.40000000,1.6443
1749266585,1.65300000,767.80000000,1.6443
1749266585,1.65340000,739.90000000,1.6443
1749266585,1.65350000,740.80000000,1.6443
1749266585,1.65360000,463.60000000,1.6443
1749266585,1.65370000,2796.00000000,1.6443
1749266585,1.65380000,875.40000000,1.6443
1749266585,1.65400000,757.50000000,1.6443
1749266585,1.65410000,736.20000000,1.6443
1749266585,1.65420000,3.40000000,1.6443
1749266585,1.65430000,1685.00000000,1.6443
1749266585,1.65440000,595.90000000,1.6443
1749266585,1.65460000,5470.20000000,1.6443
1749266585,1.65480000,745.50000000,1.6443
1749266585,1.65510000,14.60000000,1.6443
1749266585,1.65540000,1209.40000000,1.6443
1749266585,1.65550000,736.20000000,1.6443
1749266585,1.65590000,4.60000000,1.6443
1749266585,1.65600000,897.10000000,1.6443
1749266585,1.65610000,736.20000000,1.6443
1749266585,1.65620000,2131.00000000,1.6443
1749266585,1.65640000,10.20000000,1.6443
1749266585,1.65650000,595.90000000,1.6443
1749266585,1.65660000,613.50000000,1.6443
1749266585,1.65670000,740.80000000,1.6443
1749266887,1.64190000,144.00000000,1.6412
1749266887,1.64210000,4.60000000,1.6412
1749266887,1.64230000,163.30000000,1.6412
1749266887,1.64250000,152.00000000,1.6412
1749266887,1.64270000,148.60000000,1.6412
1749266887,1.64280000,3.40000000,1.6412
1749266887,1.64290000,152.00000000,1.6412
1749266887,1.64310000,156.60000000,1.6412
1749266887,1.64330000,822.50000000,1.6412
1749266887,1.64340000,2198.60000000,1.6412
1749266887,1.64350000,1822.70000000,1.6412
1749266887,1.64370000,645.80000000,1.6412
1749266887,1.64380000,1720.50000000,1.6412
1749266887,1.64390000,313.00000000,1.6412
1749266887,1.64400000,1012.70000000,1.6412
1749266887,1.64410000,4.60000000,1.6412
1749266887,1.64420000,621.30000000,1.6412
1749266887,1.64430000,1987.20000000,1.6412
1749266887,1.64440000,1009.30000000,1.6412
1749266887,1.64450000,4.60000000,1.6412
1749266887,1.64460000,1096.20000000,1.6412
1749266887,1.64470000,4395.30000000,1.6412
1749266887,1.64480000,1125.80000000,1.6412
1749266887,1.64490000,1917.20000000,1.6412
1749266887,1.64500000,1363.80000000,1.6412
1749266887,1.64510000,541.40000000,1.6412
1749266887,1.64520000,1648.50000000,1.6412
1749266887,1.64530000,270.20000000,1.6412
1749266887,1.64540000,1170.00000000,1.6412
1749266887,1.64550000,1537.10000000,1.6412
1749266887,1.64560000,1030.60000000,1.6412
1749266887,1.64570000,381.50000000,1.6412
1749266887,1.64580000,1431.90000000,1.6412
1749266887,1.64590000,2260.00000000,1.6412
1749266887,1.64600000,739.90000000,1.6412
1749266887,1.64610000,264.10000000,1.6412
1749266887,1.64620000,880.20000000,1.6412
1749266887,1.64630000,80.00000000,1.6412
1749266887,1.64640000,169.60000000,1.6412
1749266887,1.64650000,508.10000000,1.6412
1749266887,1.64660000,75.40000000,1.6412
1749266887,1.64670000,144.00000000,1.6412
1749266887,1.64680000,736.20000000,1.6412
1749266887,1.64690000,757.50000000,1.6412
1749266887,1.64700000,599.30000000,1.6412
1749266887,1.64710000,158.10000000,1.6412
1749266887,1.64730000,230.50000000,1.6412
1749266887,1.64740000,7745.70000000,1.6412
1749266887,1.64750000,219.40000000,1.6412
1749266887,1.64760000,3.40000000,1.6412
1749266887,1.64770000,144.00000000,1.6412
1749266887,1.64780000,370.70000000,1.6412
1749266887,1.64790000,762.10000000,1.6412
1749266887,1.64800000,1018.70000000,1.6412
1749266887,1.64810000,736.20000000,1.6412
1749266887,1.64820000,78.70000000,1.6412
1749266887,1.64830000,693.00000000,1.6412
1749266887,1.64850000,144.00000000,1.6412
1749266887,1.64860000,75.30000000,1.6412
1749266887,1.64870000,475.80000000,1.6412
1749266887,1.64880000,4375.80000000,1.6412
1749266887,1.64890000,613.50000000,1.6412
1749266887,1.64900000,595.90000000,1.6412
1749266887,1.64920000,87.70000000,1.6412
1749266887,1.64940000,1070.10000000,1.6412
1749266887,1.64950000,4.60000000,1.6412
1749266887,1.64960000,94.70000000,1.6412
1749266887,1.64990000,613.50000000,1.6412
1749266887,1.65000000,1332.10000000,1.6412
1749266887,1.65030000,4.60000000,1.6412
1749266887,1.65060000,3.40000000,1.6412
1749266887,1.65090000,736.20000000,1.6412
1749266887,1.65110000,600.50000000,1.6412
1749266887,1.65140000,1643.80000000,1.6412
1749266887,1.65150000,736.20000000,1.6412
1749266887,1.65160000,613.50000000,1.6412
1749266887,1.65180000,10.40000000,1.6412
1749266887,1.65190000,4.60000000,1.6412
1749266887,1.65200000,1861.80000000,1.6412
1749266887,1.65210000,595.90000000,1.6412
1749266887,1.65220000,736.20000000,1.6412
1749266887,1.65230000,3.70000000,1.6412
1749266887,1.65240000,3.40000000,1.6412
1749266887,1.65270000,618.10000000,1.6412
1749266887,1.65280000,736.20000000,1.6412
1749266887,1.65290000,9.80000000,1.6412
1749266887,1.65300000,319.60000000,1.6412
1749266887,1.65320000,2827.00000000,1.6412
1749266887,1.65340000,595.90000000,1.6412
1749266887,1.65350000,740.80000000,1.6412
1749266887,1.65410000,736.20000000,1.6412
1749266887,1.65420000,878.80000000,1.6412
1749266887,1.65430000,4.60000000,1.6412
1749266887,1.65440000,1209.40000000,1.6412
1749266887,1.65450000,154.10000000,1.6412
1749266887,1.65470000,10.30000000,1.6412
1749266887,1.65480000,745.50000000,1.6412
1749266887,1.65510000,4.60000000,1.6412
1749266887,1.65520000,2050.90000000,1.6412
1749266887,1.65540000,1209.40000000,1.6412
1749267189,1.63250000,144.00000000,1.6322
1749267189,1.63260000,48.00000000,1.6322
1749267189,1.63270000,144.00000000,1.6322
1749267189,1.63280000,48.00000000,1.6322
1749267189,1.63290000,52.60000000,1.6322
1749267189,1.63300000,144.00000000,1.6322
1749267189,1.63310000,52.60000000,1.6322
1749267189,1.63320000,3.40000000,1.6322
1749267189,1.63330000,8.00000000,1.6322
1749267189,1.63350000,156.60000000,1.6322
1749267189,1.63360000,594.00000000,1.6322
1749267189,1.63370000,1979.90000000,1.6322
1749267189,1.63380000,281.20000000,1.6322
1749267189,1.63390000,884.80000000,1.6322
1749267189,1.63400000,138.90000000,1.6322
1749267189,1.63410000,661.00000000,1.6322
1749267189,1.63420000,595.90000000,1.6322
1749267189,1.63430000,1394.30000000,1.6322
1749267189,1.63440000,3397.80000000,1.6322
1749267189,1.63450000,753.20000000,1.6322
1749267189,1.63460000,147.10000000,1.6322
1749267189,1.63470000,8.00000000,1.6322
1749267189,1.63490000,148.60000000,1.6322
1749267189,1.63500000,440.50000000,1.6322
1749267189,1.63510000,2157.10000000,1.6322
1749267189,1.63520000,1606.70000000,1.6322
1749267189,1.63530000,171.80000000,1.6322
1749267189,1.63540000,339.40000000,1.6322
1749267189,1.63550000,1377.50000000,1.6322
1749267189,1.63560000,1468.20000000,1.6322
1749267189,1.63570000,2694.50000000,1.6322
1749267189,1.63580000,3054.80000000,1.6322
1749267189,1.63590000,2309.40000000,1.6322
1749267189,1.63600000,715.50000000,1.6322
1749267189,1.63610000,2385.10000000,1.6322
1749267189,1.63620000,1659.20000000,1.6322
1749267189,1.63630000,1482.00000000,1.6322
1749267189,1.63640000,1108.60000000,1.6322
1749267189,1.63650000,736.20000000,1.6322
1749267189,1.63660000,156.40000000,1.6322
1749267189,1.63670000,80.40000000,1.6322
1749267189,1.63680000,147.40000000,1.6322
1749267189,1.63700000,144.00000000,1.6322
1749267189,1.63710000,747.30000000,1.6322
1749267189,1.63720000,757.50000000,1.6322
1749267189,1.63730000,671.70000000,1.6322
1749267189,1.63740000,157.40000000,1.6322
1749267189,1.63750000,80.40000000,1.6322
1749267189,1.63770000,1472.10000000,1.6322
1749267189,1.63800000,15.80000000,1.6322
1749267189,1.63810000,632.80000000,1.6322
1749267189,1.63830000,618.10000000,1.6322
1749267189,1.63840000,595.90000000,1.6322
1749267189,1.63850000,144.00000000,1.6322
1749267189,1.63860000,1352.70000000,1.6322
1749267189,1.63870000,7055.50000000,1.6322
1749267189,1.63880000,9.80000000,1.6322
1749267189,1.63890000,219.80000000,1.6322
1749267189,1.63900000,75.70000000,1.6322
1749267189,1.63910000,148.60000000,1.6322
1749267189,1.63920000,736.20000000,1.6322
1749267189,1.63930000,757.50000000,1.6322
1749267189,1.63940000,973.10000000,1.6322
1749267189,1.63950000,144.00000000,1.6322
1749267189,1.63960000,3662.60000000,1.6322
1749267189,1.63970000,219.90000000,1.6322
1749267189,1.63980000,739.60000000,1.6322
1749267189,1.63990000,148.60000000,1.6322
1749267189,1.64010000,281.60000000,1.6322
1749267189,1.64040000,1332.10000000,1.6322
1749267189,1.64060000,75.90000000,1.6322
1749267189,1.64070000,1802.60000000,1.6322
1749267189,1.64080000,298.80000000,1.6322
1749267189,1.64090000,613.50000000,1.6322
1749267189,1.64130000,1649.40000000,1.6322
1749267189,1.64140000,736.20000000,1.6322
1749267189,1.64150000,888.90000000,1.6322
1749267189,1.64160000,3.40000000,1.6322
1749267189,1.64180000,885.40000000,1.6322
1749267189,1.64190000,843.50000000,1.6322
1749267189,1.64200000,2849.00000000,1.6322
1749267189,1.64220000,1010.00000000,1.6322
1749267189,1.64230000,14.30000000,1.6322
1749267189,1.64250000,595.90000000,1.6322
1749267189,1.64280000,736.20000000,1.6322
1749267189,1.64290000,613.50000000,1.6322
1749267189,1.64310000,4.60000000,1.6322
1749267189,1.64340000,739.60000000,1.6322
1749267189,1.64360000,12.40000000,1.6322
1749267189,1.64380000,605.40000000,1.6322
1749267189,1.64390000,618.10000000,1.6322
1749267189,1.64430000,736.20000000,1.6322
1749267189,1.64470000,4.60000000,1.6322
1749267189,1.64480000,3.70000000,1.6322
1749267189,1.64490000,613.50000000,1.6322
1749267189,1.64500000,595.90000000,1.6322
1749267189,1.64520000,749.40000000,1.6322
1749267189,1.64550000,4.60000000,1.6322
1749267189,1.64590000,613.50000000,1.6322
1749267189,1.64600000,595.90000000,1.6322
1749267495,1.63820000,144.00000000,1.6383
1749267495,1.63830000,48.00000000,1.6383
1749267495,1.63840000,144.00000000,1.6383
1749267495,1.63850000,52.60000000,1.6383
1749267495,1.63860000,167.50000000,1.6383
1749267495,1.63870000,4.60000000,1.6383
1749267495,1.63880000,64.00000000,1.6383
1749267495,1.63890000,8.00000000,1.6383
1749267495,1.63910000,153.20000000,1.6383
1749267495,1.63920000,115.40000000,1.6383
1749267495,1.63930000,275.60000000,1.6383
1749267495,1.63940000,48.00000000,1.6383
1749267495,1.63950000,152.00000000,1.6383
1749267495,1.63960000,48.00000000,1.6383
1749267495,1.63970000,148.60000000,1.6383
1749267495,1.63980000,355.70000000,1.6383
1749267495,1.63990000,1827.10000000,1.6383
1749267495,1.64000000,1932.90000000,1.6383
1749267495,1.64010000,2303.30000000,1.6383
1749267495,1.64020000,2622.60000000,1.6383
1749267495,1.64030000,285.40000000,1.6383
1749267495,1.64040000,1326.10000000,1.6383
1749267495,1.64050000,1454.10000000,1.6383
1749267495,1.64060000,403.60000000,1.6383
1749267495,1.64070000,1168.00000000,1.6383
1749267495,1.64080000,1387.60000000,1.6383
1749267495,1.64090000,1354.30000000,1.6383
1749267495,1.64100000,1768.10000000,1.6383
1749267495,1.64110000,4887.50000000,1.6383
1749267495,1.64120000,556.90000000,1.6383
1749267495,1.64130000,1985.70000000,1.6383
1749267495,1.64140000,1565.30000000,1.6383
1749267495,1.64150000,3203.60000000,1.6383
1749267495,1.64160000,2317.50000000,1.6383
1749267495,1.64170000,148.60000000,1.6383
1749267495,1.64180000,301.00000000,1.6383
1749267495,1.64190000,1372.40000000,1.6383
1749267495,1.64210000,374.20000000,1.6383
1749267495,1.64220000,934.30000000,1.6383
1749267495,1.64230000,607.80000000,1.6383
1749267495,1.64240000,178.80000000,1.6383
1749267495,1.64250000,595.90000000,1.6383
1749267495,1.64270000,441.40000000,1.6383
1749267495,1.64280000,923.70000000,1.6383
1749267495,1.64290000,613.50000000,1.6383
1749267495,1.64300000,75.50000000,1.6383
1749267495,1.64310000,148.60000000,1.6383
1749267495,1.64320000,9.80000000,1.6383
1749267495,1.64330000,144.00000000,1.6383
1749267495,1.64340000,739.60000000,1.6383
1749267495,1.64360000,87.90000000,1.6383
1749267495,1.64380000,605.40000000,1.6383
1749267495,1.64390000,658.20000000,1.6383
1749267495,1.64400000,3.40000000,1.6383
1749267495,1.64420000,1816.90000000,1.6383
1749267495,1.64430000,1003.10000000,1.6383
1749267495,1.64450000,7022.00000000,1.6383
1749267495,1.64460000,79.10000000,1.6383
1749267495,1.64470000,4.60000000,1.6383
1749267495,1.64480000,3.70000000,1.6383
1749267495,1.64490000,613.50000000,1.6383
1749267495,1.64500000,608.30000000,1.6383
1749267495,1.64510000,75.70000000,1.6383
1749267495,1.64520000,996.20000000,1.6383
1749267495,1.64550000,4.60000000,1.6383
1749267495,1.64580000,3743.50000000,1.6383
1749267495,1.64590000,878.40000000,1.6383
1749267495,1.64600000,595.90000000,1.6383
1749267495,1.64610000,75.70000000,1.6383
1749267495,1.64620000,736.20000000,1.6383
1749267495,1.64630000,158.70000000,1.6383
1749267495,1.64640000,12.40000000,1.6383
1749267495,1.64650000,279.90000000,1.6383
1749267495,1.64660000,9.90000000,1.6383
1749267495,1.64680000,736.20000000,1.6383
1749267495,1.64690000,613.50000000,1.6383
1749267495,1.64700000,976.50000000,1.6383
1749267495,1.64710000,4.60000000,1.6383
1749267495,1.64740000,736.20000000,1.6383
1749267495,1.64770000,1656.40000000,1.6383
1749267495,1.64790000,618.10000000,1.6383
1749267495,1.64800000,605.80000000,1.6383
1749267495,1.64810000,736.20000000,1.6383
1749267495,1.64840000,193.00000000,1.6383
1749267495,1.64870000,4.60000000,1.6383
1749267495,1.64880000,739.60000000,1.6383
1749267495,1.64890000,613.50000000,1.6383
1749267495,1.64900000,595.90000000,1.6383
1749267495,1.64910000,1240.50000000,1.6383
1749267495,1.64920000,12.40000000,1.6383
1749267495,1.64940000,736.20000000,1.6383
1749267495,1.64950000,4.60000000,1.6383
1749267495,1.64960000,9.70000000,1.6383
1749267495,1.64970000,2840.00000000,1.6383
1749267495,1.64990000,613.50000000,1.6383
1749267495,1.65000000,1621.90000000,1.6383
1749267495,1.65020000,31.30000000,1.6383
1749267495,1.65030000,4.60000000,1.6383
1749267495,1.65050000,595.90000000,1.6383
1749267495,1.65060000,2604.70000000,1.6383
1749267797,1.64790000,144.00000000,1.6478
1749267797,1.64800000,48.00000000,1.6478
1749267797,1.64820000,52.60000000,1.6478
1749267797,1.64840000,209.00000000,1.6478
1749267797,1.64850000,60.60000000,1.6478
1749267797,1.64860000,148.60000000,1.6478
1749267797,1.64870000,52.60000000,1.6478
1749267797,1.64880000,4.60000000,1.6478
1749267797,1.64890000,144.00000000,1.6478
1749267797,1.64900000,569.70000000,1.6478
1749267797,1.64910000,754.70000000,1.6478
1749267797,1.64920000,17.00000000,1.6478
1749267797,1.64930000,223.30000000,1.6478
1749267797,1.64940000,1536.00000000,1.6478
1749267797,1.64950000,3056.50000000,1.6478
1749267797,1.64960000,782.70000000,1.6478
1749267797,1.64970000,514.90000000,1.6478
1749267797,1.64980000,304.20000000,1.6478
1749267797,1.64990000,1445.60000000,1.6478
1749267797,1.65000000,2751.80000000,1.6478
1749267797,1.65010000,1214.90000000,1.6478
1749267797,1.65020000,597.30000000,1.6478
1749267797,1.65030000,217.70000000,1.6478
1749267797,1.65040000,381.20000000,1.6478
1749267797,1.65050000,1531.20000000,1.6478
1749267797,1.65060000,840.40000000,1.6478
1749267797,1.65070000,959.30000000,1.6478
1749267797,1.65080000,1643.20000000,1.6478
1749267797,1.65090000,3691.10000000,1.6478
1749267797,1.65100000,1336.70000000,1.6478
1749267797,1.65110000,171.20000000,1.6478
1749267797,1.65120000,703.30000000,1.6478
1749267797,1.65130000,1226.60000000,1.6478
1749267797,1.65140000,897.70000000,1.6478
1749267797,1.65150000,1190.40000000,1.6478
