timestamp,price,volume,current_price
1749260770,0.43260000,457.30000000,0.4326
1749260770,0.43270000,653.10000000,0.4326
1749260770,0.43280000,1149.20000000,0.4326
1749260770,0.43290000,653.10000000,0.4326
1749260770,0.43300000,653.10000000,0.4326
1749260770,0.43310000,653.10000000,0.4326
1749260770,0.43320000,862.10000000,0.4326
1749260770,0.43330000,1319.90000000,0.4326
1749260770,0.43340000,2596.60000000,0.4326
1749260770,0.43350000,1616.60000000,0.4326
1749260770,0.43360000,1656.20000000,0.4326
1749260770,0.43370000,1514.40000000,0.4326
1749260770,0.43380000,1159.10000000,0.4326
1749260770,0.43390000,5607.60000000,0.4326
1749260770,0.43400000,7108.90000000,0.4326
1749260770,0.43410000,1408.20000000,0.4326
1749260770,0.43420000,653.10000000,0.4326
1749260770,0.43430000,1119.70000000,0.4326
1749260770,0.43440000,653.10000000,0.4326
1749260770,0.43450000,653.10000000,0.4326
1749260770,0.43460000,1119.70000000,0.4326
1749260770,0.43470000,1294.60000000,0.4326
1749260770,0.43480000,1409.20000000,0.4326
1749260770,0.43490000,1517.10000000,0.4326
1749260770,0.43500000,23.10000000,0.4326
1749260770,0.43510000,1410.10000000,0.4326
1749260770,0.43520000,6199.60000000,0.4326
1749260770,0.43530000,1409.20000000,0.4326
1749260770,0.43540000,822.90000000,0.4326
1749260770,0.43550000,23.40000000,0.4326
1749260770,0.43560000,23.40000000,0.4326
1749260770,0.43570000,779.00000000,0.4326
1749260770,0.43580000,2460.60000000,0.4326
1749260770,0.43590000,23.40000000,0.4326
1749260770,0.43600000,3053.50000000,0.4326
1749260770,0.43610000,23.40000000,0.4326
1749260770,0.43620000,5814.50000000,0.4326
1749260770,0.43630000,23.40000000,0.4326
1749260770,0.43640000,23.40000000,0.4326
1749260770,0.43650000,1187.90000000,0.4326
1749260770,0.43660000,23.40000000,0.4326
1749260770,0.43670000,2334.50000000,0.4326
1749260770,0.43680000,23.40000000,0.4326
1749260770,0.43690000,23.30000000,0.4326
1749260770,0.43700000,23.30000000,0.4326
1749260770,0.43710000,920.10000000,0.4326
1749260770,0.43720000,23.30000000,0.4326
1749260770,0.43730000,23.30000000,0.4326
1749260770,0.43740000,9636.00000000,0.4326
1749260770,0.43750000,41.00000000,0.4326
1749260770,0.43760000,23.30000000,0.4326
1749260770,0.43770000,274.10000000,0.4326
1749260770,0.43780000,103.00000000,0.4326
1749260770,0.43790000,1254.70000000,0.4326
1749260770,0.43800000,178.80000000,0.4326
1749260770,0.43810000,43.10000000,0.4326
1749260770,0.43820000,23.30000000,0.4326
1749260770,0.43830000,1073.50000000,0.4326
1749260770,0.43840000,23.30000000,0.4326
1749260770,0.43850000,23.30000000,0.4326
1749260770,0.43860000,23.30000000,0.4326
1749260770,0.43870000,187.40000000,0.4326
1749260770,0.43880000,527.30000000,0.4326
1749260770,0.43890000,6461.10000000,0.4326
1749260770,0.43900000,23.30000000,0.4326
1749260770,0.43910000,23.30000000,0.4326
1749260770,0.43920000,200.20000000,0.4326
1749260770,0.43930000,23.30000000,0.4326
1749260770,0.43940000,203.90000000,0.4326
1749260770,0.43950000,23.20000000,0.4326
1749260770,0.43960000,23.20000000,0.4326
1749260770,0.43970000,83.70000000,0.4326
1749260770,0.43980000,23.20000000,0.4326
1749260770,0.43990000,37.40000000,0.4326
1749260770,0.44000000,170.80000000,0.4326
1749260770,0.44010000,23.20000000,0.4326
1749260770,0.44020000,1262.20000000,0.4326
1749260770,0.44030000,34984.40000000,0.4326
1749260770,0.44040000,34984.40000000,0.4326
1749260770,0.44060000,3140.00000000,0.4326
1749260770,0.44080000,24.80000000,0.4326
1749260770,0.44100000,1376.80000000,0.4326
1749260770,0.44110000,88.60000000,0.4326
1749260770,0.44120000,134.20000000,0.4326
1749260770,0.44160000,12.60000000,0.4326
1749260770,0.44180000,219.10000000,0.4326
1749260770,0.44190000,2366.50000000,0.4326
1749260770,0.44200000,128.00000000,0.4326
1749260770,0.44220000,27.10000000,0.4326
1749260770,0.44240000,454.00000000,0.4326
1749260770,0.44270000,43.40000000,0.4326
1749260770,0.44280000,456.70000000,0.4326
1749260770,0.44290000,78.30000000,0.4326
1749260770,0.44300000,22.60000000,0.4326
1749260770,0.44380000,22.40000000,0.4326
1749260770,0.44400000,22.30000000,0.4326
1749260770,0.44410000,39.50000000,0.4326
1749260770,0.44420000,231.60000000,0.4326
1749260770,0.44460000,11.60000000,0.4326
1749260770,0.44470000,79.70000000,0.4326
1749261090,0.43280000,23.20000000,0.4327
1749261090,0.43290000,23.10000000,0.4327
1749261090,0.43300000,1046.20000000,0.4327
1749261090,0.43310000,1139.20000000,0.4327
1749261090,0.43320000,4163.60000000,0.4327
1749261090,0.43330000,6782.90000000,0.4327
1749261090,0.43340000,4430.80000000,0.4327
1749261090,0.43350000,6571.00000000,0.4327
1749261090,0.43360000,3056.20000000,0.4327
1749261090,0.43370000,10184.70000000,0.4327
1749261090,0.43380000,4701.50000000,0.4327
1749261090,0.43390000,2065.20000000,0.4327
1749261090,0.43400000,4963.10000000,0.4327
1749261090,0.43410000,2748.40000000,0.4327
1749261090,0.43420000,653.10000000,0.4327
1749261090,0.43430000,1119.70000000,0.4327
1749261090,0.43440000,653.10000000,0.4327
1749261090,0.43450000,653.10000000,0.4327
1749261090,0.43460000,1119.70000000,0.4327
1749261090,0.43470000,1294.60000000,0.4327
1749261090,0.43480000,1409.20000000,0.4327
1749261090,0.43490000,1517.10000000,0.4327
1749261090,0.43500000,23.10000000,0.4327
1749261090,0.43510000,1410.10000000,0.4327
1749261090,0.43520000,6227.60000000,0.4327
1749261090,0.43530000,1409.20000000,0.4327
1749261090,0.43540000,1452.90000000,0.4327
1749261090,0.43550000,23.40000000,0.4327
1749261090,0.43560000,23.40000000,0.4327
1749261090,0.43570000,1409.00000000,0.4327
1749261090,0.43580000,151.40000000,0.4327
1749261090,0.43590000,5774.50000000,0.4327
1749261090,0.43600000,5362.70000000,0.4327
1749261090,0.43610000,23.40000000,0.4327
1749261090,0.43620000,63.40000000,0.4327
1749261090,0.43630000,37322.80000000,0.4327
1749261090,0.43640000,23.40000000,0.4327
1749261090,0.43650000,1187.90000000,0.4327
1749261090,0.43660000,23.40000000,0.4327
1749261090,0.43670000,23.40000000,0.4327
1749261090,0.43680000,23.40000000,0.4327
1749261090,0.43690000,23.30000000,0.4327
1749261090,0.43700000,23.30000000,0.4327
1749261090,0.43710000,920.10000000,0.4327
1749261090,0.43720000,23.30000000,0.4327
1749261090,0.43730000,23.30000000,0.4327
1749261090,0.43740000,9636.00000000,0.4327
1749261090,0.43750000,41.00000000,0.4327
1749261090,0.43760000,23.30000000,0.4327
1749261090,0.43770000,274.10000000,0.4327
1749261090,0.43780000,103.00000000,0.4327
1749261090,0.43790000,1254.70000000,0.4327
1749261090,0.43800000,178.80000000,0.4327
1749261090,0.43810000,43.10000000,0.4327
1749261090,0.43820000,23.30000000,0.4327
1749261090,0.43830000,1073.50000000,0.4327
1749261090,0.43840000,23.30000000,0.4327
1749261090,0.43850000,23.30000000,0.4327
1749261090,0.43860000,34987.00000000,0.4327
1749261090,0.43870000,187.30000000,0.4327
1749261090,0.43880000,527.30000000,0.4327
1749261090,0.43890000,6461.10000000,0.4327
1749261090,0.43900000,23.30000000,0.4327
1749261090,0.43910000,23.30000000,0.4327
1749261090,0.43920000,200.20000000,0.4327
1749261090,0.43930000,23.30000000,0.4327
1749261090,0.43940000,23.30000000,0.4327
1749261090,0.43950000,23.20000000,0.4327
1749261090,0.43960000,23.20000000,0.4327
1749261090,0.43970000,83.70000000,0.4327
1749261090,0.43980000,23.20000000,0.4327
1749261090,0.43990000,37.40000000,0.4327
1749261090,0.44000000,170.80000000,0.4327
1749261090,0.44010000,23.20000000,0.4327
1749261090,0.44020000,1466.00000000,0.4327
1749261090,0.44030000,35007.60000000,0.4327
1749261090,0.44040000,34984.40000000,0.4327
1749261090,0.44060000,3140.00000000,0.4327
1749261090,0.44080000,24.80000000,0.4327
1749261090,0.44100000,1376.80000000,0.4327
1749261090,0.44110000,88.60000000,0.4327
1749261090,0.44120000,134.20000000,0.4327
1749261090,0.44160000,12.60000000,0.4327
1749261090,0.44180000,219.00000000,0.4327
1749261090,0.44190000,2366.50000000,0.4327
1749261090,0.44200000,128.00000000,0.4327
1749261090,0.44220000,27.10000000,0.4327
1749261090,0.44240000,454.00000000,0.4327
1749261090,0.44270000,43.40000000,0.4327
1749261090,0.44280000,456.70000000,0.4327
1749261090,0.44290000,78.30000000,0.4327
1749261090,0.44300000,22.60000000,0.4327
1749261090,0.44380000,22.40000000,0.4327
1749261090,0.44400000,22.30000000,0.4327
1749261090,0.44410000,39.50000000,0.4327
1749261090,0.44420000,231.60000000,0.4327
1749261090,0.44460000,11.60000000,0.4327
1749261090,0.44470000,79.70000000,0.4327
1749261090,0.44500000,20.40000000,0.4327
1749261090,0.44530000,14.20000000,0.4327
1749261404,0.43270000,865.00000000,0.4325
1749261404,0.43280000,653.20000000,0.4325
1749261404,0.43290000,903.70000000,0.4325
1749261404,0.43300000,796.30000000,0.4325
1749261404,0.43310000,745.60000000,0.4325
1749261404,0.43320000,1898.70000000,0.4325
1749261404,0.43330000,3092.40000000,0.4325
1749261404,0.43340000,3147.60000000,0.4325
1749261404,0.43350000,2775.40000000,0.4325
1749261404,0.43360000,1645.90000000,0.4325
1749261404,0.43370000,1514.40000000,0.4325
1749261404,0.43380000,4701.50000000,0.4325
1749261404,0.43390000,1119.70000000,0.4325
1749261404,0.43400000,3737.50000000,0.4325
1749261404,0.43410000,3153.10000000,0.4325
1749261404,0.43420000,1408.90000000,0.4325
1749261404,0.43430000,1119.70000000,0.4325
1749261404,0.43440000,653.10000000,0.4325
1749261404,0.43450000,1408.90000000,0.4325
1749261404,0.43460000,1119.70000000,0.4325
1749261404,0.43470000,1295.30000000,0.4325
1749261404,0.43480000,1408.90000000,0.4325
1749261404,0.43490000,1517.10000000,0.4325
1749261404,0.43500000,778.90000000,0.4325
1749261404,0.43510000,653.10000000,0.4325
1749261404,0.43520000,6227.60000000,0.4325
1749261404,0.43530000,653.40000000,0.4325
1749261404,0.43540000,696.60000000,0.4325
1749261404,0.43550000,779.20000000,0.4325
1749261404,0.43560000,653.40000000,0.4325
1749261404,0.43570000,653.40000000,0.4325
1749261404,0.43580000,6658.30000000,0.4325
1749261404,0.43590000,2332.60000000,0.4325
1749261404,0.43600000,3053.50000000,0.4325
1749261404,0.43610000,23.40000000,0.4325
1749261404,0.43620000,2407.40000000,0.4325
1749261404,0.43630000,34987.10000000,0.4325
1749261404,0.43640000,23.40000000,0.4325
1749261404,0.43650000,1187.90000000,0.4325
1749261404,0.43660000,23.40000000,0.4325
1749261404,0.43670000,23.40000000,0.4325
1749261404,0.43680000,23.40000000,0.4325
1749261404,0.43690000,23.30000000,0.4325
1749261404,0.43700000,23.30000000,0.4325
1749261404,0.43710000,920.10000000,0.4325
1749261404,0.43720000,23.30000000,0.4325
1749261404,0.43730000,23.30000000,0.4325
1749261404,0.43740000,9768.90000000,0.4325
1749261404,0.43750000,41.00000000,0.4325
1749261404,0.43760000,23.30000000,0.4325
1749261404,0.43770000,274.10000000,0.4325
1749261404,0.43780000,103.00000000,0.4325
1749261404,0.43790000,1254.70000000,0.4325
1749261404,0.43800000,46.10000000,0.4325
1749261404,0.43810000,43.10000000,0.4325
1749261404,0.43820000,23.30000000,0.4325
1749261404,0.43830000,1073.50000000,0.4325
1749261404,0.43840000,23.30000000,0.4325
1749261404,0.43850000,23.30000000,0.4325
1749261404,0.43860000,34987.00000000,0.4325
1749261404,0.43870000,187.40000000,0.4325
1749261404,0.43880000,527.30000000,0.4325
1749261404,0.43890000,6461.10000000,0.4325
1749261404,0.43900000,23.30000000,0.4325
1749261404,0.43910000,23.30000000,0.4325
1749261404,0.43920000,200.20000000,0.4325
1749261404,0.43930000,23.30000000,0.4325
1749261404,0.43940000,23.30000000,0.4325
1749261404,0.43950000,23.20000000,0.4325
1749261404,0.43960000,23.20000000,0.4325
1749261404,0.43970000,83.70000000,0.4325
1749261404,0.43980000,23.20000000,0.4325
1749261404,0.43990000,37.40000000,0.4325
1749261404,0.44000000,170.80000000,0.4325
1749261404,0.44010000,23.20000000,0.4325
1749261404,0.44020000,1466.00000000,0.4325
1749261404,0.44030000,35104.70000000,0.4325
1749261404,0.44040000,34984.40000000,0.4325
1749261404,0.44060000,3140.00000000,0.4325
1749261404,0.44080000,24.80000000,0.4325
1749261404,0.44100000,1376.80000000,0.4325
1749261404,0.44110000,88.60000000,0.4325
1749261404,0.44120000,13.90000000,0.4325
1749261404,0.44160000,12.60000000,0.4325
1749261404,0.44170000,196.40000000,0.4325
1749261404,0.44180000,22.60000000,0.4325
1749261404,0.44190000,2366.50000000,0.4325
1749261404,0.44200000,128.00000000,0.4325
1749261404,0.44220000,27.10000000,0.4325
1749261404,0.44240000,454.00000000,0.4325
1749261404,0.44270000,43.40000000,0.4325
1749261404,0.44280000,456.70000000,0.4325
1749261404,0.44290000,78.30000000,0.4325
1749261404,0.44300000,22.60000000,0.4325
1749261404,0.44380000,22.40000000,0.4325
1749261404,0.44400000,22.30000000,0.4325
1749261404,0.44410000,39.50000000,0.4325
1749261404,0.44420000,231.60000000,0.4325
1749261404,0.44460000,11.60000000,0.4325
1749261404,0.44470000,79.70000000,0.4325
1749261716,0.43240000,746.60000000,0.4323
1749261716,0.43250000,653.20000000,0.4323
1749261716,0.43260000,1134.20000000,0.4323
1749261716,0.43270000,1510.60000000,0.4323
1749261716,0.43280000,1445.30000000,0.4323
1749261716,0.43290000,3005.90000000,0.4323
1749261716,0.43300000,2246.60000000,0.4323
1749261716,0.43310000,1119.70000000,0.4323
1749261716,0.43320000,2090.90000000,0.4323
1749261716,0.43330000,5159.20000000,0.4323
1749261716,0.43340000,1657.00000000,0.4323
1749261716,0.43350000,3619.70000000,0.4323
1749261716,0.43360000,2463.10000000,0.4323
1749261716,0.43370000,3655.30000000,0.4323
1749261716,0.43380000,1119.70000000,0.4323
1749261716,0.43390000,1894.20000000,0.4323
1749261716,0.43400000,653.10000000,0.4323
1749261716,0.43410000,1875.60000000,0.4323
1749261716,0.43420000,1409.00000000,0.4323
1749261716,0.43430000,653.10000000,0.4323
1749261716,0.43440000,653.10000000,0.4323
1749261716,0.43450000,653.10000000,0.4323
1749261716,0.43460000,653.10000000,0.4323
1749261716,0.43470000,6617.10000000,0.4323
1749261716,0.43480000,1408.90000000,0.4323
1749261716,0.43490000,1050.50000000,0.4323
1749261716,0.43500000,1408.90000000,0.4323
1749261716,0.43510000,23.10000000,0.4323
1749261716,0.43520000,1614.20000000,0.4323
1749261716,0.43530000,23.40000000,0.4323
1749261716,0.43540000,66.60000000,0.4323
1749261716,0.43550000,5369.20000000,0.4323
1749261716,0.43560000,23.40000000,0.4323
1749261716,0.43570000,5774.50000000,0.4323
1749261716,0.43580000,35135.80000000,0.4323
1749261716,0.43590000,23.40000000,0.4323
1749261716,0.43600000,3053.50000000,0.4323
1749261716,0.43610000,23.40000000,0.4323
1749261716,0.43620000,63.40000000,0.4323
1749261716,0.43630000,23.40000000,0.4323
1749261716,0.43640000,23.40000000,0.4323
1749261716,0.43650000,1187.90000000,0.4323
1749261716,0.43660000,23.40000000,0.4323
1749261716,0.43670000,23.40000000,0.4323
1749261716,0.43680000,23.40000000,0.4323
1749261716,0.43690000,23.30000000,0.4323
1749261716,0.43700000,23.30000000,0.4323
1749261716,0.43710000,920.10000000,0.4323
1749261716,0.43720000,23.30000000,0.4323
1749261716,0.43730000,23.30000000,0.4323
1749261716,0.43740000,9768.90000000,0.4323
1749261716,0.43750000,41.00000000,0.4323
1749261716,0.43760000,23.30000000,0.4323
1749261716,0.43770000,274.10000000,0.4323
1749261716,0.43780000,103.00000000,0.4323
1749261716,0.43790000,1254.70000000,0.4323
1749261716,0.43800000,46.10000000,0.4323
1749261716,0.43810000,43.10000000,0.4323
1749261716,0.43820000,23.30000000,0.4323
1749261716,0.43830000,36057.90000000,0.4323
1749261716,0.43840000,23.30000000,0.4323
1749261716,0.43850000,23.30000000,0.4323
1749261716,0.43860000,187.50000000,0.4323
1749261716,0.43870000,23.30000000,0.4323
1749261716,0.43880000,527.30000000,0.4323
1749261716,0.43890000,6461.10000000,0.4323
1749261716,0.43900000,23.30000000,0.4323
1749261716,0.43910000,23.30000000,0.4323
1749261716,0.43920000,200.20000000,0.4323
1749261716,0.43930000,23.30000000,0.4323
1749261716,0.43940000,23.30000000,0.4323
1749261716,0.43950000,23.20000000,0.4323
1749261716,0.43960000,23.20000000,0.4323
1749261716,0.43970000,83.70000000,0.4323
1749261716,0.43980000,23.20000000,0.4323
1749261716,0.43990000,37.40000000,0.4323
1749261716,0.44000000,147.60000000,0.4323
1749261716,0.44010000,35165.00000000,0.4323
1749261716,0.44020000,36246.60000000,0.4323
1749261716,0.44030000,120.30000000,0.4323
1749261716,0.44060000,3140.00000000,0.4323
1749261716,0.44080000,24.80000000,0.4323
1749261716,0.44100000,1376.80000000,0.4323
1749261716,0.44110000,88.60000000,0.4323
1749261716,0.44120000,13.90000000,0.4323
1749261716,0.44160000,12.60000000,0.4323
1749261716,0.44170000,196.60000000,0.4323
1749261716,0.44180000,22.60000000,0.4323
1749261716,0.44190000,2366.50000000,0.4323
1749261716,0.44200000,128.00000000,0.4323
1749261716,0.44220000,27.10000000,0.4323
1749261716,0.44240000,454.00000000,0.4323
1749261716,0.44270000,43.40000000,0.4323
1749261716,0.44280000,456.70000000,0.4323
1749261716,0.44290000,78.30000000,0.4323
1749261716,0.44300000,22.60000000,0.4323
1749261716,0.44380000,22.40000000,0.4323
1749261716,0.44400000,22.30000000,0.4323
1749261716,0.44410000,39.50000000,0.4323
1749261716,0.44420000,231.60000000,0.4323
1749262018,0.43160000,3030.50000000,0.4315
1749262018,0.43170000,1253.20000000,0.4315
1749262018,0.43180000,1169.90000000,0.4315
1749262018,0.43190000,1470.50000000,0.4315
1749262018,0.43200000,3485.40000000,0.4315
1749262018,0.43210000,4371.10000000,0.4315
1749262018,0.43220000,1809.60000000,0.4315
1749262018,0.43230000,6187.00000000,0.4315
1749262018,0.43240000,7276.70000000,0.4315
1749262018,0.43250000,5274.30000000,0.4315
1749262018,0.43260000,5164.70000000,0.4315
1749262018,0.43270000,3619.80000000,0.4315
1749262018,0.43280000,1514.50000000,0.4315
1749262018,0.43290000,6760.30000000,0.4315
1749262018,0.43300000,1119.70000000,0.4315
1749262018,0.43310000,1877.40000000,0.4315
1749262018,0.43320000,1410.10000000,0.4315
1749262018,0.43330000,2103.90000000,0.4315
1749262018,0.43340000,1119.70000000,0.4315
1749262018,0.43350000,1876.90000000,0.4315
1749262018,0.43360000,1996.50000000,0.4315
1749262018,0.43370000,1047.80000000,0.4315
1749262018,0.43380000,653.10000000,0.4315
1749262018,0.43390000,653.10000000,0.4315
1749262018,0.43400000,653.10000000,0.4315
1749262018,0.43410000,1409.00000000,0.4315
1749262018,0.43420000,6739.80000000,0.4315
1749262018,0.43430000,653.10000000,0.4315
1749262018,0.43440000,653.10000000,0.4315
1749262018,0.43450000,653.10000000,0.4315
1749262018,0.43460000,653.10000000,0.4315
1749262018,0.43470000,1295.30000000,0.4315
1749262018,0.43480000,3722.90000000,0.4315
1749262018,0.43490000,653.10000000,0.4315
1749262018,0.43500000,653.10000000,0.4315
1749262018,0.43510000,3088.00000000,0.4315
1749262018,0.43520000,5978.30000000,0.4315
1749262018,0.43530000,35028.70000000,0.4315
1749262018,0.43540000,66.60000000,0.4315
1749262018,0.43550000,23.40000000,0.4315
1749262018,0.43560000,23.40000000,0.4315
1749262018,0.43570000,23.40000000,0.4315
1749262018,0.43580000,151.40000000,0.4315
1749262018,0.43590000,23.40000000,0.4315
1749262018,0.43600000,3053.50000000,0.4315
1749262018,0.43610000,23.40000000,0.4315
1749262018,0.43620000,63.40000000,0.4315
1749262018,0.43630000,23.40000000,0.4315
1749262018,0.43640000,23.40000000,0.4315
1749262018,0.43650000,10807.00000000,0.4315
1749262018,0.43660000,23.40000000,0.4315
1749262018,0.43670000,23.40000000,0.4315
1749262018,0.43680000,23.40000000,0.4315
1749262018,0.43690000,23.30000000,0.4315
1749262018,0.43700000,23.30000000,0.4315
1749262018,0.43710000,920.10000000,0.4315
1749262018,0.43720000,23.30000000,0.4315
1749262018,0.43730000,23.30000000,0.4315
1749262018,0.43740000,156.20000000,0.4315
1749262018,0.43750000,41.00000000,0.4315
1749262018,0.43760000,23.30000000,0.4315
1749262018,0.43770000,6711.90000000,0.4315
1749262018,0.43780000,35275.10000000,0.4315
1749262018,0.43790000,1254.70000000,0.4315
1749262018,0.43800000,46.10000000,0.4315
1749262018,0.43810000,43.10000000,0.4315
1749262018,0.43820000,23.30000000,0.4315
1749262018,0.43830000,1073.50000000,0.4315
1749262018,0.43840000,23.30000000,0.4315
1749262018,0.43850000,23.30000000,0.4315
1749262018,0.43860000,23.30000000,0.4315
1749262018,0.43870000,23.30000000,0.4315
1749262018,0.43880000,527.30000000,0.4315
1749262018,0.43890000,23.30000000,0.4315
1749262018,0.43900000,23.30000000,0.4315
1749262018,0.43910000,35028.60000000,0.4315
1749262018,0.43920000,35182.20000000,0.4315
1749262018,0.43970000,60.50000000,0.4315
1749262018,0.43990000,14.20000000,0.4315
1749262018,0.44000000,328.20000000,0.4315
1749262018,0.44020000,1262.20000000,0.4315
1749262018,0.44030000,120.30000000,0.4315
1749262018,0.44060000,3140.00000000,0.4315
1749262018,0.44080000,24.80000000,0.4315
1749262018,0.44090000,194.60000000,0.4315
1749262018,0.44100000,1376.80000000,0.4315
1749262018,0.44110000,88.60000000,0.4315
1749262018,0.44120000,13.90000000,0.4315
1749262018,0.44160000,12.60000000,0.4315
1749262018,0.44180000,22.60000000,0.4315
1749262018,0.44190000,2366.50000000,0.4315
1749262018,0.44200000,128.00000000,0.4315
1749262018,0.44220000,27.10000000,0.4315
1749262018,0.44240000,454.00000000,0.4315
1749262018,0.44270000,43.40000000,0.4315
1749262018,0.44280000,456.70000000,0.4315
1749262018,0.44290000,78.30000000,0.4315
1749262018,0.44300000,22.60000000,0.4315
1749262018,0.44380000,22.40000000,0.4315
1749262018,0.44400000,22.30000000,0.4315
1749262319,0.43170000,746.60000000,0.4316
1749262319,0.43180000,1253.20000000,0.4316
1749262319,0.43190000,1162.80000000,0.4316
1749262319,0.43200000,1320.00000000,0.4316
1749262319,0.43210000,2730.50000000,0.4316
1749262319,0.43220000,1692.60000000,0.4316
1749262319,0.43230000,1797.30000000,0.4316
1749262319,0.43240000,2984.90000000,0.4316
1749262319,0.43250000,3381.10000000,0.4316
1749262319,0.43260000,2534.60000000,0.4316
1749262319,0.43270000,5950.10000000,0.4316
1749262319,0.43280000,4014.50000000,0.4316
1749262319,0.43290000,3458.10000000,0.4316
1749262319,0.43300000,1119.70000000,0.4316
1749262319,0.43310000,1119.70000000,0.4316
1749262319,0.43320000,1410.80000000,0.4316
1749262319,0.43330000,653.10000000,0.4316
1749262319,0.43340000,1604.90000000,0.4316
1749262319,0.43350000,1410.30000000,0.4316
1749262319,0.43360000,1410.40000000,0.4316
1749262319,0.43370000,653.10000000,0.4316
1749262319,0.43380000,653.10000000,0.4316
1749262319,0.43390000,653.10000000,0.4316
1749262319,0.43400000,653.10000000,0.4316
1749262319,0.43410000,1409.00000000,0.4316
1749262319,0.43420000,6739.80000000,0.4316
1749262319,0.43430000,653.10000000,0.4316
1749262319,0.43440000,653.10000000,0.4316
1749262319,0.43450000,653.10000000,0.4316
1749262319,0.43460000,653.10000000,0.4316
1749262319,0.43470000,1295.30000000,0.4316
1749262319,0.43480000,1408.90000000,0.4316
1749262319,0.43490000,6404.20000000,0.4316
1749262319,0.43500000,2337.10000000,0.4316
1749262319,0.43510000,2455.80000000,0.4316
1749262319,0.43520000,227.20000000,0.4316
1749262319,0.43530000,35028.70000000,0.4316
1749262319,0.43540000,66.60000000,0.4316
1749262319,0.43550000,23.40000000,0.4316
1749262319,0.43560000,23.40000000,0.4316
1749262319,0.43570000,23.40000000,0.4316
1749262319,0.43580000,151.40000000,0.4316
1749262319,0.43590000,23.40000000,0.4316
1749262319,0.43600000,3053.50000000,0.4316
1749262319,0.43610000,23.40000000,0.4316
1749262319,0.43620000,63.40000000,0.4316
1749262319,0.43630000,156.70000000,0.4316
1749262319,0.43640000,23.40000000,0.4316
1749262319,0.43650000,10807.00000000,0.4316
1749262319,0.43660000,23.40000000,0.4316
1749262319,0.43670000,23.40000000,0.4316
1749262319,0.43680000,23.40000000,0.4316
1749262319,0.43690000,23.30000000,0.4316
1749262319,0.43700000,23.30000000,0.4316
1749262319,0.43710000,920.10000000,0.4316
1749262319,0.43720000,23.30000000,0.4316
1749262319,0.43730000,23.30000000,0.4316
1749262319,0.43740000,23.30000000,0.4316
1749262319,0.43750000,41.00000000,0.4316
1749262319,0.43760000,35028.60000000,0.4316
1749262319,0.43770000,6876.40000000,0.4316
1749262319,0.43780000,103.00000000,0.4316
1749262319,0.43790000,1254.70000000,0.4316
1749262319,0.43800000,46.10000000,0.4316
1749262319,0.43810000,3183.10000000,0.4316
1749262319,0.43820000,23.30000000,0.4316
1749262319,0.43830000,1073.50000000,0.4316
1749262319,0.43840000,23.30000000,0.4316
1749262319,0.43850000,23.30000000,0.4316
1749262319,0.43860000,23.30000000,0.4316
1749262319,0.43870000,23.30000000,0.4316
1749262319,0.43880000,527.30000000,0.4316
1749262319,0.43890000,23.30000000,0.4316
1749262319,0.43900000,23.20000000,0.4316
1749262319,0.43910000,35148.80000000,0.4316
1749262319,0.43920000,35205.40000000,0.4316
1749262319,0.43970000,60.50000000,0.4316
1749262319,0.43990000,14.20000000,0.4316
1749262319,0.44000000,564.60000000,0.4316
1749262319,0.44020000,1262.20000000,0.4316
1749262319,0.44080000,24.80000000,0.4316
1749262319,0.44090000,194.60000000,0.4316
1749262319,0.44100000,1376.80000000,0.4316
1749262319,0.44110000,88.60000000,0.4316
1749262319,0.44120000,13.90000000,0.4316
1749262319,0.44160000,12.60000000,0.4316
1749262319,0.44180000,22.60000000,0.4316
1749262319,0.44190000,2366.50000000,0.4316
1749262319,0.44200000,128.00000000,0.4316
1749262319,0.44220000,27.10000000,0.4316
1749262319,0.44240000,454.00000000,0.4316
1749262319,0.44270000,43.40000000,0.4316
1749262319,0.44280000,456.70000000,0.4316
1749262319,0.44290000,78.30000000,0.4316
1749262319,0.44300000,22.60000000,0.4316
1749262319,0.44380000,22.40000000,0.4316
1749262319,0.44400000,22.30000000,0.4316
1749262319,0.44410000,39.50000000,0.4316
1749262319,0.44420000,231.60000000,0.4316
1749262319,0.44460000,11.60000000,0.4316
1749262621,0.43210000,1386.20000000,0.4321
1749262621,0.43220000,898.00000000,0.4321
1749262621,0.43230000,1264.00000000,0.4321
1749262621,0.43240000,1977.20000000,0.4321
1749262621,0.43250000,3554.60000000,0.4321
1749262621,0.43260000,3834.90000000,0.4321
1749262621,0.43270000,1643.60000000,0.4321
1749262621,0.43280000,2658.20000000,0.4321
1749262621,0.43290000,5034.50000000,0.4321
1749262621,0.43300000,5639.90000000,0.4321
1749262621,0.43310000,3259.30000000,0.4321
1749262621,0.43320000,692.30000000,0.4321
1749262621,0.43330000,653.10000000,0.4321
1749262621,0.43340000,1119.70000000,0.4321
1749262621,0.43350000,1410.30000000,0.4321
1749262621,0.43360000,1410.40000000,0.4321
1749262621,0.43370000,1119.70000000,0.4321
1749262621,0.43380000,653.10000000,0.4321
1749262621,0.43390000,653.10000000,0.4321
1749262621,0.43400000,653.10000000,0.4321
1749262621,0.43410000,1409.00000000,0.4321
1749262621,0.43420000,6739.80000000,0.4321
1749262621,0.43430000,653.10000000,0.4321
1749262621,0.43440000,653.10000000,0.4321
1749262621,0.43450000,653.10000000,0.4321
1749262621,0.43460000,653.10000000,0.4321
1749262621,0.43470000,1295.30000000,0.4321
1749262621,0.43480000,1408.90000000,0.4321
1749262621,0.43490000,5774.20000000,0.4321
1749262621,0.43500000,23.10000000,0.4321
1749262621,0.43510000,780.30000000,0.4321
1749262621,0.43520000,227.20000000,0.4321
1749262621,0.43530000,37345.30000000,0.4321
1749262621,0.43540000,66.60000000,0.4321
1749262621,0.43550000,2423.00000000,0.4321
1749262621,0.43560000,23.40000000,0.4321
1749262621,0.43570000,23.40000000,0.4321
1749262621,0.43580000,151.40000000,0.4321
1749262621,0.43590000,23.40000000,0.4321
1749262621,0.43600000,3053.50000000,0.4321
1749262621,0.43610000,23.40000000,0.4321
1749262621,0.43620000,63.40000000,0.4321
1749262621,0.43630000,156.70000000,0.4321
1749262621,0.43640000,23.40000000,0.4321
1749262621,0.43650000,10807.00000000,0.4321
1749262621,0.43660000,23.40000000,0.4321
1749262621,0.43670000,23.40000000,0.4321
1749262621,0.43680000,23.40000000,0.4321
1749262621,0.43690000,23.30000000,0.4321
1749262621,0.43700000,23.30000000,0.4321
1749262621,0.43710000,920.10000000,0.4321
1749262621,0.43720000,23.30000000,0.4321
1749262621,0.43730000,23.30000000,0.4321
1749262621,0.43740000,23.30000000,0.4321
1749262621,0.43750000,41.00000000,0.4321
1749262621,0.43760000,35028.60000000,0.4321
1749262621,0.43770000,6711.90000000,0.4321
1749262621,0.43780000,269.70000000,0.4321
1749262621,0.43790000,1254.70000000,0.4321
1749262621,0.43800000,46.10000000,0.4321
1749262621,0.43810000,3183.10000000,0.4321
1749262621,0.43820000,23.30000000,0.4321
1749262621,0.43830000,1073.50000000,0.4321
1749262621,0.43840000,23.30000000,0.4321
1749262621,0.43850000,23.30000000,0.4321
1749262621,0.43860000,23.30000000,0.4321
1749262621,0.43870000,23.30000000,0.4321
1749262621,0.43880000,527.30000000,0.4321
1749262621,0.43890000,23.30000000,0.4321
1749262621,0.43900000,203.80000000,0.4321
1749262621,0.43910000,35148.80000000,0.4321
1749262621,0.43920000,35205.40000000,0.4321
1749262621,0.43930000,23.20000000,0.4321
1749262621,0.43940000,23.20000000,0.4321
1749262621,0.43950000,23.20000000,0.4321
1749262621,0.43960000,23.20000000,0.4321
1749262621,0.43970000,60.50000000,0.4321
1749262621,0.43990000,14.20000000,0.4321
1749262621,0.44000000,384.00000000,0.4321
1749262621,0.44020000,1262.20000000,0.4321
1749262621,0.44080000,24.80000000,0.4321
1749262621,0.44090000,194.50000000,0.4321
1749262621,0.44100000,1376.80000000,0.4321
1749262621,0.44110000,88.60000000,0.4321
1749262621,0.44120000,13.90000000,0.4321
1749262621,0.44160000,12.60000000,0.4321
1749262621,0.44180000,22.60000000,0.4321
1749262621,0.44190000,2366.50000000,0.4321
1749262621,0.44200000,128.00000000,0.4321
1749262621,0.44220000,27.10000000,0.4321
1749262621,0.44240000,454.00000000,0.4321
1749262621,0.44270000,43.40000000,0.4321
1749262621,0.44280000,456.70000000,0.4321
1749262621,0.44290000,78.30000000,0.4321
1749262621,0.44300000,22.60000000,0.4321
1749262621,0.44380000,22.40000000,0.4321
1749262621,0.44400000,22.30000000,0.4321
1749262621,0.44410000,39.50000000,0.4321
1749262621,0.44420000,231.60000000,0.4321
1749262621,0.44460000,11.60000000,0.4321
1749262924,0.43220000,3229.20000000,0.4322
1749262924,0.43230000,1182.50000000,0.4322
1749262924,0.43240000,1164.30000000,0.4322
1749262924,0.43250000,1345.80000000,0.4322
1749262924,0.43260000,1512.50000000,0.4322
1749262924,0.43270000,2596.70000000,0.4322
1749262924,0.43280000,2311.20000000,0.4322
1749262924,0.43290000,3298.80000000,0.4322
1749262924,0.43300000,2680.30000000,0.4322
1749262924,0.43310000,1119.70000000,0.4322
1749262924,0.43320000,692.30000000,0.4322
1749262924,0.43330000,1138.30000000,0.4322
1749262924,0.43340000,3268.30000000,0.4322
1749262924,0.43350000,6695.50000000,0.4322
1749262924,0.43360000,653.10000000,0.4322
1749262924,0.43370000,1119.70000000,0.4322
1749262924,0.43380000,653.10000000,0.4322
1749262924,0.43390000,1410.60000000,0.4322
1749262924,0.43400000,1119.70000000,0.4322
1749262924,0.43410000,779.00000000,0.4322
1749262924,0.43420000,779.00000000,0.4322
1749262924,0.43430000,489.70000000,0.4322
1749262924,0.43440000,23.10000000,0.4322
1749262924,0.43450000,780.60000000,0.4322
1749262924,0.43460000,489.70000000,0.4322
1749262924,0.43470000,6092.30000000,0.4322
1749262924,0.43480000,778.90000000,0.4322
1749262924,0.43490000,23.10000000,0.4322
1749262924,0.43500000,23.10000000,0.4322
1749262924,0.43510000,780.30000000,0.4322
1749262924,0.43520000,5978.30000000,0.4322
1749262924,0.43530000,2340.00000000,0.4322
1749262924,0.43540000,66.60000000,0.4322
1749262924,0.43550000,23.40000000,0.4322
1749262924,0.43560000,2406.50000000,0.4322
1749262924,0.43570000,23.40000000,0.4322
1749262924,0.43580000,35156.70000000,0.4322
1749262924,0.43590000,23.40000000,0.4322
1749262924,0.43600000,3053.50000000,0.4322
1749262924,0.43610000,23.40000000,0.4322
1749262924,0.43620000,63.40000000,0.4322
1749262924,0.43630000,156.70000000,0.4322
1749262924,0.43640000,23.40000000,0.4322
1749262924,0.43650000,10807.00000000,0.4322
1749262924,0.43660000,23.40000000,0.4322
1749262924,0.43670000,23.40000000,0.4322
1749262924,0.43680000,23.40000000,0.4322
1749262924,0.43690000,23.30000000,0.4322
1749262924,0.43700000,23.30000000,0.4322
1749262924,0.43710000,920.10000000,0.4322
1749262924,0.43720000,23.30000000,0.4322
1749262924,0.43730000,23.30000000,0.4322
1749262924,0.43740000,23.30000000,0.4322
1749262924,0.43750000,41.00000000,0.4322
1749262924,0.43760000,23.30000000,0.4322
1749262924,0.43770000,6711.90000000,0.4322
1749262924,0.43780000,103.00000000,0.4322
1749262924,0.43790000,1254.70000000,0.4322
1749262924,0.43800000,35213.40000000,0.4322
1749262924,0.43810000,3183.10000000,0.4322
1749262924,0.43820000,23.30000000,0.4322
1749262924,0.43830000,1073.50000000,0.4322
1749262924,0.43840000,23.30000000,0.4322
1749262924,0.43850000,23.30000000,0.4322
1749262924,0.43860000,23.30000000,0.4322
1749262924,0.43870000,23.30000000,0.4322
1749262924,0.43880000,527.30000000,0.4322
1749262924,0.43890000,23.30000000,0.4322
1749262924,0.43900000,23.20000000,0.4322
1749262924,0.43910000,143.50000000,0.4322
1749262924,0.43920000,200.10000000,0.4322
1749262924,0.43930000,23.20000000,0.4322
1749262924,0.43940000,203.80000000,0.4322
1749262924,0.43950000,35028.50000000,0.4322
1749262924,0.43960000,35028.50000000,0.4322
1749262924,0.43970000,83.70000000,0.4322
1749262924,0.43990000,14.20000000,0.4322
1749262924,0.44000000,384.00000000,0.4322
1749262924,0.44020000,1262.20000000,0.4322
1749262924,0.44080000,24.80000000,0.4322
1749262924,0.44090000,196.80000000,0.4322
1749262924,0.44100000,1376.80000000,0.4322
1749262924,0.44110000,88.60000000,0.4322
1749262924,0.44120000,13.90000000,0.4322
1749262924,0.44160000,12.60000000,0.4322
1749262924,0.44180000,22.60000000,0.4322
1749262924,0.44190000,2366.50000000,0.4322
1749262924,0.44200000,128.00000000,0.4322
1749262924,0.44220000,27.10000000,0.4322
1749262924,0.44240000,454.00000000,0.4322
1749262924,0.44270000,43.40000000,0.4322
1749262924,0.44280000,456.70000000,0.4322
1749262924,0.44290000,78.30000000,0.4322
1749262924,0.44300000,22.60000000,0.4322
1749262924,0.44380000,22.40000000,0.4322
1749262924,0.44400000,22.30000000,0.4322
1749262924,0.44410000,39.50000000,0.4322
1749262924,0.44420000,231.60000000,0.4322
1749262924,0.44460000,11.60000000,0.4322
1749262924,0.44470000,79.70000000,0.4322
1749263226,0.43180000,1500.50000000,0.4318
1749263226,0.43190000,1181.10000000,0.4318
1749263226,0.43200000,1759.50000000,0.4318
1749263226,0.43210000,1384.70000000,0.4318
1749263226,0.43220000,2130.10000000,0.4318
1749263226,0.43230000,692.40000000,0.4318
1749263226,0.43240000,653.20000000,0.4318
1749263226,0.43250000,1119.80000000,0.4318
1749263226,0.43260000,1046.30000000,0.4318
1749263226,0.43270000,3229.00000000,0.4318
1749263226,0.43280000,6085.10000000,0.4318
1749263226,0.43290000,7234.00000000,0.4318
1749263226,0.43300000,1119.70000000,0.4318
1749263226,0.43310000,3210.60000000,0.4318
1749263226,0.43320000,653.10000000,0.4318
1749263226,0.43330000,653.10000000,0.4318
1749263226,0.43340000,1119.70000000,0.4318
1749263226,0.43350000,653.10000000,0.4318
1749263226,0.43360000,653.10000000,0.4318
1749263226,0.43370000,1119.70000000,0.4318
1749263226,0.43380000,23.10000000,0.4318
1749263226,0.43390000,1410.60000000,0.4318
1749263226,0.43400000,489.70000000,0.4318
1749263226,0.43410000,779.00000000,0.4318
1749263226,0.43420000,779.00000000,0.4318
1749263226,0.43430000,489.70000000,0.4318
1749263226,0.43440000,23.10000000,0.4318
1749263226,0.43450000,780.60000000,0.4318
1749263226,0.43460000,489.70000000,0.4318
1749263226,0.43470000,6092.30000000,0.4318
1749263226,0.43480000,778.90000000,0.4318
1749263226,0.43490000,489.70000000,0.4318
1749263226,0.43500000,23.10000000,0.4318
1749263226,0.43510000,3096.90000000,0.4318
1749263226,0.43520000,5978.30000000,0.4318
1749263226,0.43530000,2431.20000000,0.4318
1749263226,0.43540000,66.60000000,0.4318
1749263226,0.43550000,23.40000000,0.4318
1749263226,0.43560000,23.40000000,0.4318
1749263226,0.43570000,23.40000000,0.4318
1749263226,0.43580000,35156.70000000,0.4318
1749263226,0.43590000,23.40000000,0.4318
1749263226,0.43600000,3053.50000000,0.4318
1749263226,0.43610000,23.40000000,0.4318
1749263226,0.43620000,63.40000000,0.4318
1749263226,0.43630000,156.70000000,0.4318
1749263226,0.43640000,23.40000000,0.4318
1749263226,0.43650000,10807.00000000,0.4318
1749263226,0.43660000,23.40000000,0.4318
1749263226,0.43670000,23.40000000,0.4318
1749263226,0.43680000,23.40000000,0.4318
1749263226,0.43690000,23.30000000,0.4318
1749263226,0.43700000,23.30000000,0.4318
1749263226,0.43710000,920.10000000,0.4318
1749263226,0.43720000,23.30000000,0.4318
1749263226,0.43730000,23.30000000,0.4318
1749263226,0.43740000,23.30000000,0.4318
1749263226,0.43750000,41.00000000,0.4318
1749263226,0.43760000,23.30000000,0.4318
1749263226,0.43770000,6711.90000000,0.4318
1749263226,0.43780000,103.00000000,0.4318
1749263226,0.43790000,1254.70000000,0.4318
1749263226,0.43800000,35213.40000000,0.4318
1749263226,0.43810000,3183.10000000,0.4318
1749263226,0.43820000,23.30000000,0.4318
1749263226,0.43830000,1073.50000000,0.4318
1749263226,0.43840000,23.30000000,0.4318
1749263226,0.43850000,23.30000000,0.4318
1749263226,0.43860000,23.30000000,0.4318
1749263226,0.43870000,23.30000000,0.4318
1749263226,0.43880000,527.30000000,0.4318
1749263226,0.43890000,23.30000000,0.4318
1749263226,0.43900000,23.20000000,0.4318
1749263226,0.43910000,143.50000000,0.4318
1749263226,0.43920000,200.10000000,0.4318
1749263226,0.43930000,23.20000000,0.4318
1749263226,0.43940000,180.60000000,0.4318
1749263226,0.43950000,35005.30000000,0.4318
1749263226,0.43960000,35005.30000000,0.4318
1749263226,0.43970000,60.50000000,0.4318
1749263226,0.43990000,14.20000000,0.4318
1749263226,0.44000000,384.00000000,0.4318
1749263226,0.44020000,1262.20000000,0.4318
1749263226,0.44080000,24.80000000,0.4318
1749263226,0.44090000,199.00000000,0.4318
1749263226,0.44100000,1376.80000000,0.4318
1749263226,0.44110000,88.60000000,0.4318
1749263226,0.44120000,13.90000000,0.4318
1749263226,0.44160000,12.60000000,0.4318
1749263226,0.44180000,22.60000000,0.4318
1749263226,0.44190000,2366.50000000,0.4318
1749263226,0.44200000,128.00000000,0.4318
1749263226,0.44220000,27.10000000,0.4318
1749263226,0.44240000,454.00000000,0.4318
1749263226,0.44270000,43.40000000,0.4318
1749263226,0.44280000,456.70000000,0.4318
1749263226,0.44290000,78.30000000,0.4318
1749263226,0.44300000,22.60000000,0.4318
1749263226,0.44380000,22.40000000,0.4318
1749263226,0.44400000,22.30000000,0.4318
1749263527,0.43120000,23.30000000,0.4311
1749263527,0.43130000,1176.10000000,0.4311
1749263527,0.43140000,1742.60000000,0.4311
1749263527,0.43150000,1168.60000000,0.4311
1749263527,0.43160000,2631.50000000,0.4311
1749263527,0.43170000,7787.70000000,0.4311
1749263527,0.43180000,3755.50000000,0.4311
1749263527,0.43190000,4368.20000000,0.4311
1749263527,0.43200000,4938.40000000,0.4311
1749263527,0.43210000,4811.50000000,0.4311
1749263527,0.43220000,2288.90000000,0.4311
1749263527,0.43230000,2463.20000000,0.4311
1749263527,0.43240000,3248.40000000,0.4311
1749263527,0.43250000,4855.30000000,0.4311
1749263527,0.43260000,2860.80000000,0.4311
1749263527,0.43270000,1119.80000000,0.4311
1749263527,0.43280000,2272.50000000,0.4311
1749263527,0.43290000,2155.60000000,0.4311
1749263527,0.43300000,1158.50000000,0.4311
1749263527,0.43310000,653.10000000,0.4311
1749263527,0.43320000,653.10000000,0.4311
1749263527,0.43330000,780.40000000,0.4311
1749263527,0.43340000,23.10000000,0.4311
1749263527,0.43350000,780.80000000,0.4311
1749263527,0.43360000,5403.70000000,0.4311
1749263527,0.43370000,23.10000000,0.4311
1749263527,0.43380000,23.10000000,0.4311
1749263527,0.43390000,780.60000000,0.4311
1749263527,0.43400000,23.10000000,0.4311
1749263527,0.43410000,779.00000000,0.4311
1749263527,0.43420000,779.00000000,0.4311
1749263527,0.43430000,2341.40000000,0.4311
1749263527,0.43440000,23.10000000,0.4311
1749263527,0.43450000,780.60000000,0.4311
1749263527,0.43460000,8240.00000000,0.4311
1749263527,0.43470000,34986.70000000,0.4311
1749263527,0.43480000,23.10000000,0.4311
1749263527,0.43490000,23.10000000,0.4311
1749263527,0.43500000,23.10000000,0.4311
1749263527,0.43510000,23.10000000,0.4311
1749263527,0.43520000,227.20000000,0.4311
1749263527,0.43530000,23.40000000,0.4311
1749263527,0.43540000,66.60000000,0.4311
1749263527,0.43550000,23.40000000,0.4311
1749263527,0.43560000,23.40000000,0.4311
1749263527,0.43570000,104.40000000,0.4311
1749263527,0.43580000,151.40000000,0.4311
1749263527,0.43590000,23.40000000,0.4311
1749263527,0.43600000,3053.50000000,0.4311
1749263527,0.43610000,23.40000000,0.4311
1749263527,0.43620000,63.40000000,0.4311
1749263527,0.43630000,156.70000000,0.4311
1749263527,0.43640000,23.40000000,0.4311
1749263527,0.43650000,10807.00000000,0.4311
1749263527,0.43660000,23.40000000,0.4311
1749263527,0.43670000,23.40000000,0.4311
1749263527,0.43680000,23.40000000,0.4311
1749263527,0.43690000,23.30000000,0.4311
1749263527,0.43700000,188.00000000,0.4311
1749263527,0.43710000,920.10000000,0.4311
1749263527,0.43720000,23.30000000,0.4311
1749263527,0.43730000,23.30000000,0.4311
1749263527,0.43740000,35007.70000000,0.4311
1749263527,0.43750000,41.00000000,0.4311
1749263527,0.43760000,23.30000000,0.4311
1749263527,0.43770000,6711.90000000,0.4311
1749263527,0.43780000,103.00000000,0.4311
1749263527,0.43790000,1173.50000000,0.4311
1749263527,0.43800000,46.10000000,0.4311
1749263527,0.43810000,3183.10000000,0.4311
1749263527,0.43820000,23.30000000,0.4311
1749263527,0.43830000,1073.50000000,0.4311
1749263527,0.43840000,23.30000000,0.4311
1749263527,0.43850000,34986.90000000,0.4311
1749263527,0.43860000,23.30000000,0.4311
1749263527,0.43870000,23.30000000,0.4311
1749263527,0.43880000,35488.40000000,0.4311
1749263527,0.43890000,1262.20000000,0.4311
1749263527,0.43910000,120.30000000,0.4311
1749263527,0.43920000,176.90000000,0.4311
1749263527,0.43940000,180.60000000,0.4311
1749263527,0.43970000,60.50000000,0.4311
1749263527,0.43990000,209.10000000,0.4311
1749263527,0.44000000,384.00000000,0.4311
1749263527,0.44080000,24.80000000,0.4311
1749263527,0.44100000,1376.80000000,0.4311
1749263527,0.44110000,88.60000000,0.4311
1749263527,0.44120000,13.90000000,0.4311
1749263527,0.44160000,12.60000000,0.4311
1749263527,0.44180000,22.60000000,0.4311
1749263527,0.44190000,2366.50000000,0.4311
1749263527,0.44200000,128.00000000,0.4311
1749263527,0.44220000,27.10000000,0.4311
1749263527,0.44240000,454.00000000,0.4311
1749263527,0.44270000,43.40000000,0.4311
1749263527,0.44280000,456.70000000,0.4311
1749263527,0.44290000,78.30000000,0.4311
1749263527,0.44300000,22.60000000,0.4311
1749263527,0.44380000,22.40000000,0.4311
1749263527,0.44400000,22.30000000,0.4311
1749263833,0.43140000,5365.40000000,0.4313
1749263833,0.43150000,2984.40000000,0.4313
1749263833,0.43160000,7032.30000000,0.4313
1749263833,0.43170000,4209.00000000,0.4313
1749263833,0.43180000,6238.70000000,0.4313
1749263833,0.43190000,3570.60000000,0.4313
1749263833,0.43200000,7151.50000000,0.4313
1749263833,0.43210000,3800.40000000,0.4313
1749263833,0.43220000,2288.90000000,0.4313
1749263833,0.43230000,4389.30000000,0.4313
1749263833,0.43240000,4662.20000000,0.4313
1749263833,0.43250000,3812.90000000,0.4313
1749263833,0.43260000,2504.10000000,0.4313
1749263833,0.43270000,1119.80000000,0.4313
1749263833,0.43280000,2272.20000000,0.4313
1749263833,0.43290000,1119.80000000,0.4313
1749263833,0.43300000,1158.50000000,0.4313
1749263833,0.43310000,653.10000000,0.4313
1749263833,0.43320000,653.10000000,0.4313
1749263833,0.43330000,1410.40000000,0.4313
1749263833,0.43340000,23.10000000,0.4313
1749263833,0.43350000,780.80000000,0.4313
1749263833,0.43360000,23.10000000,0.4313
1749263833,0.43370000,23.10000000,0.4313
1749263833,0.43380000,23.10000000,0.4313
1749263833,0.43390000,780.60000000,0.4313
1749263833,0.43400000,23.10000000,0.4313
1749263833,0.43410000,6156.60000000,0.4313
1749263833,0.43420000,779.00000000,0.4313
1749263833,0.43430000,23.10000000,0.4313
1749263833,0.43440000,23.10000000,0.4313
1749263833,0.43450000,780.60000000,0.4313
1749263833,0.43460000,8092.50000000,0.4313
1749263833,0.43470000,2472.30000000,0.4313
1749263833,0.43480000,840.50000000,0.4313
1749263833,0.43490000,23.10000000,0.4313
1749263833,0.43500000,23.10000000,0.4313
1749263833,0.43510000,34986.70000000,0.4313
1749263833,0.43520000,227.20000000,0.4313
1749263833,0.43530000,23.40000000,0.4313
1749263833,0.43540000,66.60000000,0.4313
1749263833,0.43550000,23.40000000,0.4313
1749263833,0.43560000,23.40000000,0.4313
1749263833,0.43570000,104.40000000,0.4313
1749263833,0.43580000,151.40000000,0.4313
1749263833,0.43590000,23.40000000,0.4313
1749263833,0.43600000,3053.50000000,0.4313
1749263833,0.43610000,23.40000000,0.4313
1749263833,0.43620000,63.40000000,0.4313
1749263833,0.43630000,156.70000000,0.4313
1749263833,0.43640000,23.40000000,0.4313
1749263833,0.43650000,10807.00000000,0.4313
1749263833,0.43660000,23.40000000,0.4313
1749263833,0.43670000,23.40000000,0.4313
1749263833,0.43680000,23.40000000,0.4313
1749263833,0.43690000,23.30000000,0.4313
1749263833,0.43700000,23.30000000,0.4313
1749263833,0.43710000,102.70000000,0.4313
1749263833,0.43720000,23.30000000,0.4313
1749263833,0.43730000,23.30000000,0.4313
1749263833,0.43740000,35174.70000000,0.4313
1749263833,0.43750000,41.00000000,0.4313
1749263833,0.43760000,23.30000000,0.4313
1749263833,0.43770000,6711.90000000,0.4313
1749263833,0.43780000,103.00000000,0.4313
1749263833,0.43790000,1173.50000000,0.4313
1749263833,0.43800000,23.30000000,0.4313
1749263833,0.43810000,3183.10000000,0.4313
1749263833,0.43820000,23.30000000,0.4313
1749263833,0.43830000,1073.50000000,0.4313
1749263833,0.43840000,203.90000000,0.4313
1749263833,0.43850000,34986.90000000,0.4313
1749263833,0.43860000,23.30000000,0.4313
1749263833,0.43870000,143.60000000,0.4313
1749263833,0.43880000,35511.60000000,0.4313
1749263833,0.43890000,1285.40000000,0.4313
1749263833,0.43920000,176.90000000,0.4313
1749263833,0.43970000,60.50000000,0.4313
1749263833,0.43990000,14.20000000,0.4313
1749263833,0.44000000,384.00000000,0.4313
1749263833,0.44080000,24.80000000,0.4313
1749263833,0.44090000,192.50000000,0.4313
1749263833,0.44100000,1376.80000000,0.4313
1749263833,0.44110000,88.60000000,0.4313
1749263833,0.44120000,13.90000000,0.4313
1749263833,0.44160000,12.60000000,0.4313
1749263833,0.44190000,2366.50000000,0.4313
1749263833,0.44200000,128.00000000,0.4313
1749263833,0.44220000,27.10000000,0.4313
1749263833,0.44240000,454.00000000,0.4313
1749263833,0.44270000,25.30000000,0.4313
1749263833,0.44280000,456.70000000,0.4313
1749263833,0.44290000,78.30000000,0.4313
1749263833,0.44300000,22.60000000,0.4313
1749263833,0.44380000,22.40000000,0.4313
1749263833,0.44400000,22.30000000,0.4313
1749263833,0.44410000,39.50000000,0.4313
1749263833,0.44420000,231.60000000,0.4313
1749263833,0.44460000,11.60000000,0.4313
1749263833,0.44470000,79.70000000,0.4313
1749264135,0.43110000,1210.90000000,0.431
1749264135,0.43120000,1164.70000000,0.431
1749264135,0.43130000,1179.00000000,0.431
1749264135,0.43140000,1651.90000000,0.431
1749264135,0.43150000,4304.60000000,0.431
1749264135,0.43160000,3251.70000000,0.431
1749264135,0.43170000,1707.10000000,0.431
1749264135,0.43180000,4317.30000000,0.431
1749264135,0.43190000,2960.30000000,0.431
1749264135,0.43200000,1657.10000000,0.431
1749264135,0.43210000,1671.90000000,0.431
1749264135,0.43220000,1514.50000000,0.431
1749264135,0.43230000,3223.00000000,0.431
1749264135,0.43240000,2183.90000000,0.431
1749264135,0.43250000,7355.30000000,0.431
1749264135,0.43260000,360.80000000,0.431
1749264135,0.43270000,1878.40000000,0.431
1749264135,0.43280000,1514.50000000,0.431
1749264135,0.43290000,1119.80000000,0.431
1749264135,0.43300000,691.90000000,0.431
1749264135,0.43310000,653.10000000,0.431
1749264135,0.43320000,653.10000000,0.431
1749264135,0.43330000,1410.40000000,0.431
1749264135,0.43340000,23.10000000,0.431
1749264135,0.43350000,1410.80000000,0.431
1749264135,0.43360000,5271.70000000,0.431
1749264135,0.43370000,23.10000000,0.431
1749264135,0.43380000,23.10000000,0.431
1749264135,0.43390000,780.60000000,0.431
1749264135,0.43400000,23.10000000,0.431
1749264135,0.43410000,779.00000000,0.431
1749264135,0.43420000,779.00000000,0.431
1749264135,0.43430000,23.10000000,0.431
1749264135,0.43440000,4815.50000000,0.431
1749264135,0.43450000,780.60000000,0.431
1749264135,0.43460000,23.10000000,0.431
1749264135,0.43470000,23.10000000,0.431
1749264135,0.43480000,840.50000000,0.431
1749264135,0.43490000,23.10000000,0.431
1749264135,0.43500000,5774.20000000,0.431
1749264135,0.43510000,34986.70000000,0.431
1749264135,0.43520000,227.20000000,0.431
1749264135,0.43530000,23.40000000,0.431
1749264135,0.43540000,66.60000000,0.431
1749264135,0.43550000,23.40000000,0.431
1749264135,0.43560000,23.40000000,0.431
1749264135,0.43570000,104.40000000,0.431
1749264135,0.43580000,151.40000000,0.431
1749264135,0.43590000,23.40000000,0.431
1749264135,0.43600000,3053.50000000,0.431
1749264135,0.43610000,23.40000000,0.431
1749264135,0.43620000,63.40000000,0.431
1749264135,0.43630000,156.70000000,0.431
1749264135,0.43640000,23.40000000,0.431
1749264135,0.43650000,10807.00000000,0.431
1749264135,0.43660000,23.40000000,0.431
1749264135,0.43670000,23.40000000,0.431
1749264135,0.43680000,23.40000000,0.431
1749264135,0.43690000,35007.80000000,0.431
1749264135,0.43700000,23.30000000,0.431
1749264135,0.43710000,102.70000000,0.431
1749264135,0.43720000,23.30000000,0.431
1749264135,0.43730000,23.30000000,0.431
1749264135,0.43740000,23.30000000,0.431
1749264135,0.43750000,41.00000000,0.431
1749264135,0.43760000,23.30000000,0.431
1749264135,0.43770000,6878.90000000,0.431
1749264135,0.43780000,103.00000000,0.431
1749264135,0.43790000,1173.50000000,0.431
1749264135,0.43800000,23.30000000,0.431
1749264135,0.43810000,3183.10000000,0.431
1749264135,0.43820000,23.30000000,0.431
1749264135,0.43830000,1073.50000000,0.431
1749264135,0.43840000,203.90000000,0.431
1749264135,0.43850000,34986.90000000,0.431
1749264135,0.43860000,23.30000000,0.431
1749264135,0.43870000,120.30000000,0.431
1749264135,0.43880000,35488.40000000,0.431
1749264135,0.43890000,1262.20000000,0.431
1749264135,0.43920000,176.90000000,0.431
1749264135,0.43970000,60.50000000,0.431
1749264135,0.43990000,14.20000000,0.431
1749264135,0.44000000,384.00000000,0.431
1749264135,0.44080000,24.80000000,0.431
1749264135,0.44090000,192.50000000,0.431
1749264135,0.44100000,1376.80000000,0.431
1749264135,0.44110000,88.60000000,0.431
1749264135,0.44120000,13.90000000,0.431
1749264135,0.44160000,12.60000000,0.431
1749264135,0.44190000,2366.50000000,0.431
1749264135,0.44200000,128.00000000,0.431
1749264135,0.44220000,27.10000000,0.431
1749264135,0.44240000,454.00000000,0.431
1749264135,0.44270000,25.30000000,0.431
1749264135,0.44280000,456.70000000,0.431
1749264135,0.44290000,78.30000000,0.431
1749264135,0.44300000,22.60000000,0.431
1749264135,0.44380000,22.40000000,0.431
1749264135,0.44400000,22.30000000,0.431
1749264135,0.44410000,39.50000000,0.431
1749264441,0.42940000,1575.80000000,0.4294
1749264441,0.42950000,2854.30000000,0.4294
1749264441,0.42960000,1961.10000000,0.4294
1749264441,0.42970000,2857.30000000,0.4294
1749264441,0.42980000,6736.70000000,0.4294
1749264441,0.42990000,6448.20000000,0.4294
1749264441,0.43000000,2325.20000000,0.4294
1749264441,0.43010000,7482.90000000,0.4294
1749264441,0.43020000,5869.70000000,0.4294
1749264441,0.43030000,4662.30000000,0.4294
1749264441,0.43040000,1119.90000000,0.4294
1749264441,0.43050000,1313.30000000,0.4294
1749264441,0.43060000,3263.80000000,0.4294
1749264441,0.43070000,1119.90000000,0.4294
1749264441,0.43080000,1119.90000000,0.4294
1749264441,0.43090000,1119.90000000,0.4294
1749264441,0.43100000,1119.90000000,0.4294
1749264441,0.43110000,1119.90000000,0.4294
1749264441,0.43120000,653.20000000,0.4294
1749264441,0.43130000,1413.70000000,0.4294
1749264441,0.43140000,1413.70000000,0.4294
1749264441,0.43150000,653.20000000,0.4294
1749264441,0.43160000,1809.30000000,0.4294
1749264441,0.43170000,653.20000000,0.4294
1749264441,0.43180000,1413.00000000,0.4294
1749264441,0.43190000,1996.60000000,0.4294
1749264441,0.43200000,653.20000000,0.4294
1749264441,0.43210000,6703.40000000,0.4294
1749264441,0.43220000,1047.90000000,0.4294
1749264441,0.43230000,1412.10000000,0.4294
1749264441,0.43240000,1717.30000000,0.4294
1749264441,0.43250000,23.20000000,0.4294
1749264441,0.43260000,23.20000000,0.4294
1749264441,0.43270000,1599.20000000,0.4294
1749264441,0.43280000,417.90000000,0.4294
1749264441,0.43290000,2347.40000000,0.4294
1749264441,0.43300000,23.10000000,0.4294
1749264441,0.43310000,23.10000000,0.4294
1749264441,0.43320000,40779.50000000,0.4294
1749264441,0.43330000,23.10000000,0.4294
1749264441,0.43340000,23.10000000,0.4294
1749264441,0.43350000,23.10000000,0.4294
1749264441,0.43360000,23.10000000,0.4294
1749264441,0.43370000,2555.40000000,0.4294
1749264441,0.43380000,23.10000000,0.4294
1749264441,0.43390000,23.10000000,0.4294
1749264441,0.43400000,23.10000000,0.4294
1749264441,0.43410000,23.10000000,0.4294
1749264441,0.43420000,42.90000000,0.4294
1749264441,0.43430000,23.10000000,0.4294
1749264441,0.43440000,23.10000000,0.4294
1749264441,0.43450000,12981.40000000,0.4294
1749264441,0.43460000,23.10000000,0.4294
1749264441,0.43470000,37.30000000,0.4294
1749264441,0.43480000,23.10000000,0.4294
1749264441,0.43490000,23.10000000,0.4294
1749264441,0.43500000,23.10000000,0.4294
1749264441,0.43510000,35028.40000000,0.4294
1749264441,0.43520000,3501.00000000,0.4294
1749264441,0.43530000,23.40000000,0.4294
1749264441,0.43540000,66.60000000,0.4294
1749264441,0.43550000,23.40000000,0.4294
1749264441,0.43560000,23.40000000,0.4294
1749264441,0.43570000,104.40000000,0.4294
1749264441,0.43580000,151.40000000,0.4294
1749264441,0.43590000,23.40000000,0.4294
1749264441,0.43600000,3053.50000000,0.4294
1749264441,0.43610000,23.40000000,0.4294
1749264441,0.43620000,63.40000000,0.4294
1749264441,0.43630000,6461.20000000,0.4294
1749264441,0.43640000,23.40000000,0.4294
1749264441,0.43650000,1187.90000000,0.4294
1749264441,0.43660000,23.40000000,0.4294
1749264441,0.43670000,35115.30000000,0.4294
1749264441,0.43680000,23.40000000,0.4294
1749264441,0.43690000,23.30000000,0.4294
1749264441,0.43710000,79.40000000,0.4294
1749264441,0.43750000,36445.40000000,0.4294
1749264441,0.43770000,250.80000000,0.4294
1749264441,0.43780000,79.70000000,0.4294
1749264441,0.43790000,1150.20000000,0.4294
1749264441,0.43810000,19.80000000,0.4294
1749264441,0.43830000,1050.20000000,0.4294
1749264441,0.43840000,300.90000000,0.4294
1749264441,0.43880000,460.90000000,0.4294
1749264441,0.43920000,176.90000000,0.4294
1749264441,0.43970000,60.50000000,0.4294
1749264441,0.43990000,213.90000000,0.4294
1749264441,0.44000000,384.00000000,0.4294
1749264441,0.44080000,24.80000000,0.4294
1749264441,0.44100000,1376.80000000,0.4294
1749264441,0.44110000,88.60000000,0.4294
1749264441,0.44120000,13.90000000,0.4294
1749264441,0.44160000,12.60000000,0.4294
1749264441,0.44190000,2366.50000000,0.4294
1749264441,0.44200000,128.00000000,0.4294
1749264441,0.44220000,27.10000000,0.4294
1749264441,0.44240000,454.00000000,0.4294
1749264441,0.44270000,25.30000000,0.4294
1749264441,0.44280000,456.70000000,0.4294
1749264744,0.42960000,400.00000000,0.4297
1749264744,0.42970000,677.70000000,0.4297
1749264744,0.42980000,1551.70000000,0.4297
1749264744,0.42990000,2773.70000000,0.4297
1749264744,0.43000000,1181.60000000,0.4297
1749264744,0.43010000,3246.40000000,0.4297
1749264744,0.43020000,1119.90000000,0.4297
1749264744,0.43030000,1785.10000000,0.4297
1749264744,0.43040000,4115.00000000,0.4297
1749264744,0.43050000,2887.60000000,0.4297
1749264744,0.43060000,4662.30000000,0.4297
1749264744,0.43070000,1119.90000000,0.4297
1749264744,0.43080000,1119.90000000,0.4297
1749264744,0.43090000,3276.40000000,0.4297
1749264744,0.43100000,691.80000000,0.4297
1749264744,0.43110000,1119.90000000,0.4297
1749264744,0.43120000,653.20000000,0.4297
1749264744,0.43130000,1829.80000000,0.4297
1749264744,0.43140000,1880.30000000,0.4297
1749264744,0.43150000,653.20000000,0.4297
1749264744,0.43160000,2974.90000000,0.4297
1749264744,0.43170000,1119.80000000,0.4297
1749264744,0.43180000,1413.00000000,0.4297
1749264744,0.43190000,653.20000000,0.4297
1749264744,0.43200000,653.20000000,0.4297
1749264744,0.43210000,6771.20000000,0.4297
1749264744,0.43220000,1047.90000000,0.4297
1749264744,0.43230000,1412.10000000,0.4297
1749264744,0.43240000,653.20000000,0.4297
1749264744,0.43250000,6404.30000000,0.4297
1749264744,0.43260000,1415.30000000,0.4297
1749264744,0.43270000,1470.60000000,0.4297
1749264744,0.43280000,2977.40000000,0.4297
1749264744,0.43290000,34242.80000000,0.4297
1749264744,0.43300000,653.10000000,0.4297
1749264744,0.43310000,23.10000000,0.4297
1749264744,0.43320000,23.10000000,0.4297
1749264744,0.43330000,23.10000000,0.4297
1749264744,0.43340000,2622.20000000,0.4297
1749264744,0.43350000,104.30000000,0.4297
1749264744,0.43360000,23.10000000,0.4297
1749264744,0.43370000,23.10000000,0.4297
1749264744,0.43380000,23.10000000,0.4297
1749264744,0.43390000,23.10000000,0.4297
1749264744,0.43400000,23.10000000,0.4297
1749264744,0.43410000,23.10000000,0.4297
1749264744,0.43420000,42.90000000,0.4297
1749264744,0.43430000,157.20000000,0.4297
1749264744,0.43440000,23.10000000,0.4297
1749264744,0.43450000,12981.40000000,0.4297
1749264744,0.43460000,23.10000000,0.4297
1749264744,0.43470000,37.30000000,0.4297
1749264744,0.43480000,23.10000000,0.4297
1749264744,0.43490000,23.10000000,0.4297
1749264744,0.43500000,23.10000000,0.4297
1749264744,0.43510000,190.70000000,0.4297
1749264744,0.43520000,3367.20000000,0.4297
1749264744,0.43530000,23.40000000,0.4297
1749264744,0.43540000,66.60000000,0.4297
1749264744,0.43550000,33981.00000000,0.4297
1749264744,0.43560000,23.40000000,0.4297
1749264744,0.43570000,23.40000000,0.4297
1749264744,0.43580000,151.40000000,0.4297
1749264744,0.43590000,23.40000000,0.4297
1749264744,0.43600000,3053.50000000,0.4297
1749264744,0.43610000,23.40000000,0.4297
1749264744,0.43620000,63.40000000,0.4297
1749264744,0.43630000,6641.80000000,0.4297
1749264744,0.43640000,35028.70000000,0.4297
1749264744,0.43650000,1187.90000000,0.4297
1749264744,0.43660000,23.40000000,0.4297
1749264744,0.43670000,35115.30000000,0.4297
1749264744,0.43680000,23.40000000,0.4297
1749264744,0.43690000,23.30000000,0.4297
1749264744,0.43700000,23.30000000,0.4297
1749264744,0.43710000,102.70000000,0.4297
1749264744,0.43750000,1279.90000000,0.4297
1749264744,0.43770000,250.80000000,0.4297
1749264744,0.43780000,79.70000000,0.4297
1749264744,0.43810000,19.80000000,0.4297
1749264744,0.43820000,190.90000000,0.4297
1749264744,0.43830000,1050.20000000,0.4297
1749264744,0.43840000,120.30000000,0.4297
1749264744,0.43880000,460.90000000,0.4297
1749264744,0.43920000,176.90000000,0.4297
1749264744,0.43970000,60.50000000,0.4297
1749264744,0.43990000,14.20000000,0.4297
1749264744,0.44000000,384.00000000,0.4297
1749264744,0.44080000,24.80000000,0.4297
1749264744,0.44100000,1376.80000000,0.4297
1749264744,0.44110000,88.60000000,0.4297
1749264744,0.44120000,13.90000000,0.4297
1749264744,0.44160000,12.60000000,0.4297
1749264744,0.44190000,2366.50000000,0.4297
1749264744,0.44200000,128.00000000,0.4297
1749264744,0.44240000,454.00000000,0.4297
1749264744,0.44270000,25.30000000,0.4297
1749264744,0.44280000,456.70000000,0.4297
1749264744,0.44290000,78.30000000,0.4297
1749264744,0.44360000,2385.50000000,0.4297
1749265045,0.43020000,235.00000000,0.4303
1749265045,0.43030000,1518.50000000,0.4303
1749265045,0.43040000,911.40000000,0.4303
1749265045,0.43050000,1201.10000000,0.4303
1749265045,0.43060000,1826.00000000,0.4303
1749265045,0.43070000,1346.30000000,0.4303
1749265045,0.43080000,653.30000000,0.4303
1749265045,0.43090000,1465.50000000,0.4303
1749265045,0.43100000,1614.80000000,0.4303
1749265045,0.43110000,2248.70000000,0.4303
1749265045,0.43120000,4334.90000000,0.4303
1749265045,0.43130000,7802.50000000,0.4303
1749265045,0.43140000,1119.80000000,0.4303
1749265045,0.43150000,3421.50000000,0.4303
1749265045,0.43160000,1049.50000000,0.4303
1749265045,0.43170000,1119.80000000,0.4303
1749265045,0.43180000,653.20000000,0.4303
1749265045,0.43190000,1069.30000000,0.4303
1749265045,0.43200000,1158.30000000,0.4303
1749265045,0.43210000,1412.60000000,0.4303
1749265045,0.43220000,1047.90000000,0.4303
1749265045,0.43230000,1878.70000000,0.4303
1749265045,0.43240000,653.20000000,0.4303
1749265045,0.43250000,1414.20000000,0.4303
1749265045,0.43260000,7184.30000000,0.4303
1749265045,0.43270000,1470.60000000,0.4303
1749265045,0.43280000,653.20000000,0.4303
1749265045,0.43290000,1250.70000000,0.4303
1749265045,0.43300000,23.10000000,0.4303
1749265045,0.43310000,783.60000000,0.4303
1749265045,0.43320000,489.70000000,0.4303
1749265045,0.43330000,23.10000000,0.4303
1749265045,0.43340000,6534.70000000,0.4303
1749265045,0.43350000,2895.10000000,0.4303
1749265045,0.43360000,23.10000000,0.4303
1749265045,0.43370000,23.10000000,0.4303
1749265045,0.43380000,34447.30000000,0.4303
1749265045,0.43390000,23.10000000,0.4303
1749265045,0.43400000,23.10000000,0.4303
1749265045,0.43410000,23.10000000,0.4303
1749265045,0.43420000,2591.90000000,0.4303
1749265045,0.43430000,157.20000000,0.4303
1749265045,0.43440000,23.10000000,0.4303
1749265045,0.43450000,9603.00000000,0.4303
1749265045,0.43460000,23.10000000,0.4303
1749265045,0.43470000,37.30000000,0.4303
1749265045,0.43480000,23.10000000,0.4303
1749265045,0.43490000,23.10000000,0.4303
1749265045,0.43500000,23.10000000,0.4303
1749265045,0.43510000,23.10000000,0.4303
1749265045,0.43520000,3367.20000000,0.4303
1749265045,0.43530000,23.40000000,0.4303
1749265045,0.43540000,66.60000000,0.4303
1749265045,0.43550000,23.40000000,0.4303
1749265045,0.43560000,3401.80000000,0.4303
1749265045,0.43570000,23.40000000,0.4303
1749265045,0.43580000,151.40000000,0.4303
1749265045,0.43590000,23.40000000,0.4303
1749265045,0.43600000,3053.50000000,0.4303
1749265045,0.43610000,23.40000000,0.4303
1749265045,0.43620000,63.40000000,0.4303
1749265045,0.43630000,34326.60000000,0.4303
1749265045,0.43640000,23.40000000,0.4303
1749265045,0.43650000,1187.90000000,0.4303
1749265045,0.43660000,23.40000000,0.4303
1749265045,0.43670000,110.00000000,0.4303
1749265045,0.43680000,23.40000000,0.4303
1749265045,0.43690000,23.30000000,0.4303
1749265045,0.43700000,23.30000000,0.4303
1749265045,0.43710000,102.70000000,0.4303
1749265045,0.43720000,23.30000000,0.4303
1749265045,0.43730000,143.60000000,0.4303
1749265045,0.43740000,40418.70000000,0.4303
1749265045,0.43750000,35260.80000000,0.4303
1749265045,0.43760000,23.30000000,0.4303
1749265045,0.43770000,274.10000000,0.4303
1749265045,0.43780000,79.70000000,0.4303
1749265045,0.43790000,2318.20000000,0.4303
1749265045,0.43810000,19.80000000,0.4303
1749265045,0.43830000,1050.20000000,0.4303
1749265045,0.43880000,656.10000000,0.4303
1749265045,0.43920000,176.90000000,0.4303
1749265045,0.43970000,60.50000000,0.4303
1749265045,0.43990000,14.20000000,0.4303
1749265045,0.44000000,384.00000000,0.4303
1749265045,0.44080000,24.80000000,0.4303
1749265045,0.44100000,1376.80000000,0.4303
1749265045,0.44110000,88.60000000,0.4303
1749265045,0.44120000,13.90000000,0.4303
1749265045,0.44160000,12.60000000,0.4303
1749265045,0.44190000,2366.50000000,0.4303
1749265045,0.44200000,128.00000000,0.4303
1749265045,0.44240000,454.00000000,0.4303
1749265045,0.44270000,25.30000000,0.4303
1749265045,0.44280000,456.70000000,0.4303
1749265045,0.44290000,78.30000000,0.4303
1749265045,0.44360000,2385.50000000,0.4303
1749265045,0.44380000,22.40000000,0.4303
1749265045,0.44400000,22.30000000,0.4303
1749265045,0.44410000,39.50000000,0.4303
1749265357,0.43040000,5642.90000000,0.4304
1749265357,0.43050000,1653.30000000,0.4304
1749265357,0.43060000,1198.90000000,0.4304
1749265357,0.43070000,2348.60000000,0.4304
1749265357,0.43080000,1766.90000000,0.4304
1749265357,0.43090000,653.30000000,0.4304
1749265357,0.43100000,1049.60000000,0.4304
1749265357,0.43110000,1718.90000000,0.4304
1749265357,0.43120000,3114.60000000,0.4304
1749265357,0.43130000,1184.40000000,0.4304
1749265357,0.43140000,1119.80000000,0.4304
1749265357,0.43150000,846.60000000,0.4304
1749265357,0.43160000,7091.90000000,0.4304
1749265357,0.43170000,3244.70000000,0.4304
1749265357,0.43180000,653.20000000,0.4304
1749265357,0.43190000,1069.30000000,0.4304
1749265357,0.43200000,1158.30000000,0.4304
1749265357,0.43210000,1412.60000000,0.4304
1749265357,0.43220000,1047.90000000,0.4304
1749265357,0.43230000,1878.70000000,0.4304
1749265357,0.43240000,653.20000000,0.4304
1749265357,0.43250000,1414.20000000,0.4304
1749265357,0.43260000,7184.30000000,0.4304
1749265357,0.43270000,1470.60000000,0.4304
1749265357,0.43280000,653.20000000,0.4304
1749265357,0.43290000,1880.70000000,0.4304
1749265357,0.43300000,23.10000000,0.4304
1749265357,0.43310000,1413.60000000,0.4304
1749265357,0.43320000,489.70000000,0.4304
1749265357,0.43330000,23.10000000,0.4304
1749265357,0.43340000,783.60000000,0.4304
1749265357,0.43350000,6322.00000000,0.4304
1749265357,0.43360000,2346.20000000,0.4304
1749265357,0.43370000,2547.10000000,0.4304
1749265357,0.43380000,34447.30000000,0.4304
1749265357,0.43390000,23.10000000,0.4304
1749265357,0.43400000,23.10000000,0.4304
1749265357,0.43410000,23.10000000,0.4304
1749265357,0.43420000,42.90000000,0.4304
1749265357,0.43430000,157.20000000,0.4304
1749265357,0.43440000,23.10000000,0.4304
1749265357,0.43450000,9603.00000000,0.4304
1749265357,0.43460000,23.10000000,0.4304
1749265357,0.43470000,37.30000000,0.4304
1749265357,0.43480000,23.10000000,0.4304
1749265357,0.43490000,23.10000000,0.4304
1749265357,0.43500000,23.10000000,0.4304
1749265357,0.43510000,23.10000000,0.4304
1749265357,0.43520000,3367.20000000,0.4304
1749265357,0.43530000,23.40000000,0.4304
1749265357,0.43540000,66.60000000,0.4304
1749265357,0.43550000,23.40000000,0.4304
1749265357,0.43560000,3401.80000000,0.4304
1749265357,0.43570000,23.40000000,0.4304
1749265357,0.43580000,151.40000000,0.4304
1749265357,0.43590000,23.40000000,0.4304
1749265357,0.43600000,3053.50000000,0.4304
1749265357,0.43610000,23.40000000,0.4304
1749265357,0.43620000,63.40000000,0.4304
1749265357,0.43630000,34141.30000000,0.4304
1749265357,0.43640000,23.40000000,0.4304
1749265357,0.43650000,1187.90000000,0.4304
1749265357,0.43660000,23.40000000,0.4304
1749265357,0.43670000,110.00000000,0.4304
1749265357,0.43680000,23.40000000,0.4304
1749265357,0.43690000,23.30000000,0.4304
1749265357,0.43700000,23.30000000,0.4304
1749265357,0.43710000,102.70000000,0.4304
1749265357,0.43720000,23.30000000,0.4304
1749265357,0.43730000,143.60000000,0.4304
1749265357,0.43740000,40599.30000000,0.4304
1749265357,0.43750000,35260.80000000,0.4304
1749265357,0.43760000,23.30000000,0.4304
1749265357,0.43770000,274.10000000,0.4304
1749265357,0.43780000,103.00000000,0.4304
1749265357,0.43790000,2341.50000000,0.4304
1749265357,0.43810000,19.80000000,0.4304
1749265357,0.43830000,1050.20000000,0.4304
1749265357,0.43880000,660.70000000,0.4304
1749265357,0.43920000,176.90000000,0.4304
1749265357,0.43970000,60.50000000,0.4304
1749265357,0.43990000,14.20000000,0.4304
1749265357,0.44000000,384.00000000,0.4304
1749265357,0.44080000,24.80000000,0.4304
1749265357,0.44100000,1376.80000000,0.4304
1749265357,0.44110000,88.60000000,0.4304
1749265357,0.44120000,13.90000000,0.4304
1749265357,0.44160000,12.60000000,0.4304
1749265357,0.44190000,2366.50000000,0.4304
1749265357,0.44200000,128.00000000,0.4304
1749265357,0.44240000,454.00000000,0.4304
1749265357,0.44270000,25.30000000,0.4304
1749265357,0.44280000,456.70000000,0.4304
1749265357,0.44290000,78.30000000,0.4304
1749265357,0.44380000,22.40000000,0.4304
1749265357,0.44400000,22.30000000,0.4304
1749265357,0.44410000,39.50000000,0.4304
1749265357,0.44420000,231.60000000,0.4304
1749265357,0.44460000,11.60000000,0.4304
1749265357,0.44470000,79.70000000,0.4304
1749265658,0.43110000,516.60000000,0.431
1749265658,0.43120000,1253.20000000,0.431
1749265658,0.43130000,915.30000000,0.431
1749265658,0.43140000,653.20000000,0.431
1749265658,0.43150000,1218.20000000,0.431
1749265658,0.43160000,1516.10000000,0.431
1749265658,0.43170000,1810.90000000,0.431
1749265658,0.43180000,3647.10000000,0.431
1749265658,0.43190000,653.20000000,0.431
1749265658,0.43200000,2104.30000000,0.431
1749265658,0.43210000,3153.20000000,0.431
1749265658,0.43220000,1047.90000000,0.431
1749265658,0.43230000,3259.30000000,0.431
1749265658,0.43240000,653.20000000,0.431
1749265658,0.43250000,1262.70000000,0.431
1749265658,0.43260000,1119.80000000,0.431
1749265658,0.43270000,653.20000000,0.431
1749265658,0.43280000,653.20000000,0.431
1749265658,0.43290000,1880.70000000,0.431
1749265658,0.43300000,23.10000000,0.431
1749265658,0.43310000,1413.60000000,0.431
1749265658,0.43320000,1119.70000000,0.431
1749265658,0.43330000,23.10000000,0.431
1749265658,0.43340000,1413.60000000,0.431
1749265658,0.43350000,1200.90000000,0.431
1749265658,0.43360000,6742.20000000,0.431
1749265658,0.43370000,23.10000000,0.431
1749265658,0.43380000,1119.70000000,0.431
1749265658,0.43390000,7163.10000000,0.431
1749265658,0.43400000,653.10000000,0.431
1749265658,0.43410000,1878.40000000,0.431
1749265658,0.43420000,5607.30000000,0.431
1749265658,0.43430000,33980.70000000,0.431
1749265658,0.43440000,489.70000000,0.431
1749265658,0.43450000,23.10000000,0.431
1749265658,0.43460000,23.10000000,0.431
1749265658,0.43470000,37.30000000,0.431
1749265658,0.43480000,23.10000000,0.431
1749265658,0.43490000,23.10000000,0.431
1749265658,0.43500000,23.10000000,0.431
1749265658,0.43510000,23.10000000,0.431
1749265658,0.43520000,227.20000000,0.431
1749265658,0.43530000,23.40000000,0.431
1749265658,0.43540000,200.50000000,0.431
1749265658,0.43550000,9779.80000000,0.431
1749265658,0.43560000,4219.20000000,0.431
1749265658,0.43570000,23.40000000,0.431
1749265658,0.43580000,151.40000000,0.431
1749265658,0.43590000,23.40000000,0.431
1749265658,0.43600000,3053.50000000,0.431
1749265658,0.43610000,23.40000000,0.431
1749265658,0.43620000,63.40000000,0.431
1749265658,0.43630000,23.40000000,0.431
1749265658,0.43640000,23.40000000,0.431
1749265658,0.43650000,1187.90000000,0.431
1749265658,0.43660000,23.40000000,0.431
1749265658,0.43670000,270.10000000,0.431
1749265658,0.43680000,33981.00000000,0.431
1749265658,0.43690000,23.30000000,0.431
1749265658,0.43700000,23.30000000,0.431
1749265658,0.43710000,102.70000000,0.431
1749265658,0.43720000,23.30000000,0.431
1749265658,0.43730000,23.30000000,0.431
1749265658,0.43740000,6461.10000000,0.431
1749265658,0.43750000,41.00000000,0.431
1749265658,0.43760000,23.30000000,0.431
1749265658,0.43770000,274.10000000,0.431
1749265658,0.43780000,103.00000000,0.431
1749265658,0.43790000,2341.50000000,0.431
1749265658,0.43800000,3163.30000000,0.431
1749265658,0.43810000,43.10000000,0.431
1749265658,0.43820000,324.20000000,0.431
1749265658,0.43830000,68988.70000000,0.431
1749265658,0.43840000,23.30000000,0.431
1749265658,0.43850000,23.30000000,0.431
1749265658,0.43860000,1285.50000000,0.431
1749265658,0.43880000,460.90000000,0.431
1749265658,0.43920000,176.90000000,0.431
1749265658,0.43970000,60.50000000,0.431
1749265658,0.43990000,213.70000000,0.431
1749265658,0.44000000,384.00000000,0.431
1749265658,0.44080000,24.80000000,0.431
1749265658,0.44100000,1376.80000000,0.431
1749265658,0.44110000,88.60000000,0.431
1749265658,0.44120000,13.90000000,0.431
1749265658,0.44160000,12.60000000,0.431
1749265658,0.44190000,2366.50000000,0.431
1749265658,0.44200000,128.00000000,0.431
1749265658,0.44240000,454.00000000,0.431
1749265658,0.44270000,25.30000000,0.431
1749265658,0.44280000,456.70000000,0.431
1749265658,0.44290000,78.30000000,0.431
1749265658,0.44380000,22.40000000,0.431
1749265658,0.44400000,22.30000000,0.431
1749265658,0.44410000,39.50000000,0.431
1749265658,0.44420000,231.60000000,0.431
1749265658,0.44460000,11.60000000,0.431
1749265658,0.44470000,79.70000000,0.431
1749265658,0.44480000,2385.50000000,0.431
1749265658,0.44500000,20.40000000,0.431
1749265960,0.43160000,653.20000000,0.4312
1749265960,0.43170000,1253.20000000,0.4312
1749265960,0.43180000,914.50000000,0.4312
1749265960,0.43190000,1323.30000000,0.4312
1749265960,0.43200000,3138.50000000,0.4312
1749265960,0.43210000,1370.60000000,0.4312
1749265960,0.43220000,3068.40000000,0.4312
1749265960,0.43230000,2782.30000000,0.4312
1749265960,0.43240000,653.20000000,0.4312
1749265960,0.43250000,1932.50000000,0.4312
1749265960,0.43260000,3619.80000000,0.4312
1749265960,0.43270000,2754.30000000,0.4312
1749265960,0.43280000,4195.60000000,0.4312
1749265960,0.43290000,1119.80000000,0.4312
1749265960,0.43300000,61.60000000,0.4312
1749265960,0.43310000,1829.70000000,0.4312
1749265960,0.43320000,1119.70000000,0.4312
1749265960,0.43330000,1411.10000000,0.4312
1749265960,0.43340000,1413.60000000,0.4312
1749265960,0.43350000,1200.90000000,0.4312
1749265960,0.43360000,6742.20000000,0.4312
1749265960,0.43370000,23.10000000,0.4312
1749265960,0.43380000,1119.70000000,0.4312
1749265960,0.43390000,1412.00000000,0.4312
1749265960,0.43400000,653.10000000,0.4312
1749265960,0.43410000,1878.40000000,0.4312
1749265960,0.43420000,1431.60000000,0.4312
1749265960,0.43430000,653.10000000,0.4312
1749265960,0.43440000,6870.80000000,0.4312
1749265960,0.43450000,653.10000000,0.4312
1749265960,0.43460000,1470.50000000,0.4312
1749265960,0.43470000,5274.00000000,0.4312
1749265960,0.43480000,33980.70000000,0.4312
1749265960,0.43490000,23.10000000,0.4312
1749265960,0.43500000,23.10000000,0.4312
1749265960,0.43510000,23.10000000,0.4312
1749265960,0.43520000,227.20000000,0.4312
1749265960,0.43530000,23.40000000,0.4312
1749265960,0.43540000,200.50000000,0.4312
1749265960,0.43550000,9779.80000000,0.4312
1749265960,0.43560000,3401.80000000,0.4312
1749265960,0.43570000,23.40000000,0.4312
1749265960,0.43580000,151.40000000,0.4312
1749265960,0.43590000,23.40000000,0.4312
1749265960,0.43600000,3053.50000000,0.4312
1749265960,0.43610000,23.40000000,0.4312
1749265960,0.43620000,63.40000000,0.4312
1749265960,0.43630000,23.40000000,0.4312
1749265960,0.43640000,23.40000000,0.4312
1749265960,0.43650000,1187.90000000,0.4312
1749265960,0.43660000,23.40000000,0.4312
1749265960,0.43670000,110.00000000,0.4312
1749265960,0.43680000,23.40000000,0.4312
1749265960,0.43690000,23.30000000,0.4312
1749265960,0.43700000,23.30000000,0.4312
1749265960,0.43710000,102.70000000,0.4312
1749265960,0.43720000,23.30000000,0.4312
1749265960,0.43730000,34143.20000000,0.4312
1749265960,0.43740000,23.30000000,0.4312
1749265960,0.43750000,41.00000000,0.4312
1749265960,0.43760000,23.30000000,0.4312
1749265960,0.43770000,274.10000000,0.4312
1749265960,0.43780000,103.00000000,0.4312
1749265960,0.43790000,2341.50000000,0.4312
1749265960,0.43800000,3163.30000000,0.4312
1749265960,0.43810000,43.10000000,0.4312
1749265960,0.43820000,324.20000000,0.4312
1749265960,0.43830000,68988.70000000,0.4312
1749265960,0.43840000,23.30000000,0.4312
1749265960,0.43850000,6461.10000000,0.4312
1749265960,0.43860000,1285.50000000,0.4312
1749265960,0.43870000,23.30000000,0.4312
1749265960,0.43880000,484.10000000,0.4312
1749265960,0.43890000,23.20000000,0.4312
1749265960,0.43900000,23.20000000,0.4312
1749265960,0.43910000,23.20000000,0.4312
1749265960,0.43920000,176.90000000,0.4312
1749265960,0.43970000,60.50000000,0.4312
1749265960,0.43990000,211.30000000,0.4312
1749265960,0.44000000,384.00000000,0.4312
1749265960,0.44080000,24.80000000,0.4312
1749265960,0.44100000,1376.80000000,0.4312
1749265960,0.44110000,88.60000000,0.4312
1749265960,0.44120000,13.90000000,0.4312
1749265960,0.44160000,12.60000000,0.4312
1749265960,0.44190000,2366.50000000,0.4312
1749265960,0.44200000,128.00000000,0.4312
1749265960,0.44240000,454.00000000,0.4312
1749265960,0.44270000,25.30000000,0.4312
1749265960,0.44280000,456.70000000,0.4312
1749265960,0.44290000,78.30000000,0.4312
1749265960,0.44380000,22.40000000,0.4312
1749265960,0.44400000,22.30000000,0.4312
1749265960,0.44410000,39.50000000,0.4312
1749265960,0.44420000,231.60000000,0.4312
1749265960,0.44460000,11.60000000,0.4312
1749265960,0.44470000,79.70000000,0.4312
1749265960,0.44480000,2385.50000000,0.4312
1749265960,0.44500000,20.40000000,0.4312
1749265960,0.44530000,14.20000000,0.4312
1749266266,0.43200000,623.20000000,0.4318
1749266266,0.43210000,646.60000000,0.4318
1749266266,0.43220000,1462.00000000,0.4318
1749266266,0.43230000,2671.70000000,0.4318
1749266266,0.43240000,653.20000000,0.4318
1749266266,0.43250000,1788.50000000,0.4318
1749266266,0.43260000,3159.40000000,0.4318
1749266266,0.43270000,2320.50000000,0.4318
1749266266,0.43280000,1531.00000000,0.4318
1749266266,0.43290000,1605.00000000,0.4318
1749266266,0.43300000,846.00000000,0.4318
1749266266,0.43310000,653.10000000,0.4318
1749266266,0.43320000,6770.70000000,0.4318
1749266266,0.43330000,653.10000000,0.4318
1749266266,0.43340000,3153.10000000,0.4318
1749266266,0.43350000,1158.70000000,0.4318
1749266266,0.43360000,1412.50000000,0.4318
1749266266,0.43370000,1069.20000000,0.4318
1749266266,0.43380000,1119.70000000,0.4318
1749266266,0.43390000,1412.00000000,0.4318
1749266266,0.43400000,653.10000000,0.4318
1749266266,0.43410000,7157.60000000,0.4318
1749266266,0.43420000,1431.60000000,0.4318
1749266266,0.43430000,653.10000000,0.4318
1749266266,0.43440000,1119.70000000,0.4318
1749266266,0.43450000,1410.80000000,0.4318
1749266266,0.43460000,840.50000000,0.4318
1749266266,0.43470000,1261.40000000,0.4318
1749266266,0.43480000,780.60000000,0.4318
1749266266,0.43490000,23.10000000,0.4318
1749266266,0.43500000,6240.80000000,0.4318
1749266266,0.43510000,2339.20000000,0.4318
1749266266,0.43520000,227.20000000,0.4318
1749266266,0.43530000,490.00000000,0.4318
1749266266,0.43540000,2589.60000000,0.4318
1749266266,0.43550000,23.40000000,0.4318
1749266266,0.43560000,23.40000000,0.4318
1749266266,0.43570000,23.40000000,0.4318
1749266266,0.43580000,151.40000000,0.4318
1749266266,0.43590000,104.60000000,0.4318
1749266266,0.43600000,3053.50000000,0.4318
1749266266,0.43610000,23.40000000,0.4318
1749266266,0.43620000,63.40000000,0.4318
1749266266,0.43630000,23.40000000,0.4318
1749266266,0.43640000,23.40000000,0.4318
1749266266,0.43650000,10881.40000000,0.4318
1749266266,0.43660000,23.40000000,0.4318
1749266266,0.43670000,3488.40000000,0.4318
1749266266,0.43680000,23.40000000,0.4318
1749266266,0.43690000,23.30000000,0.4318
1749266266,0.43700000,23.30000000,0.4318
1749266266,0.43710000,102.70000000,0.4318
1749266266,0.43720000,23.30000000,0.4318
1749266266,0.43730000,23.30000000,0.4318
1749266266,0.43740000,23.30000000,0.4318
1749266266,0.43750000,41.00000000,0.4318
1749266266,0.43760000,23.30000000,0.4318
1749266266,0.43770000,274.10000000,0.4318
1749266266,0.43780000,103.00000000,0.4318
1749266266,0.43790000,185.40000000,0.4318
1749266266,0.43800000,3163.30000000,0.4318
1749266266,0.43810000,43.10000000,0.4318
1749266266,0.43820000,324.20000000,0.4318
1749266266,0.43830000,1073.50000000,0.4318
1749266266,0.43840000,23.30000000,0.4318
1749266266,0.43850000,6461.10000000,0.4318
1749266266,0.43860000,23.30000000,0.4318
1749266266,0.43870000,23.30000000,0.4318
1749266266,0.43880000,484.10000000,0.4318
1749266266,0.43890000,23.20000000,0.4318
1749266266,0.43900000,2341.40000000,0.4318
1749266266,0.43910000,23.20000000,0.4318
1749266266,0.43920000,200.10000000,0.4318
1749266266,0.43930000,33980.80000000,0.4318
1749266266,0.43940000,23.20000000,0.4318
1749266266,0.43950000,23.20000000,0.4318
1749266266,0.43960000,33957.60000000,0.4318
1749266266,0.43970000,1322.70000000,0.4318
1749266266,0.43990000,14.20000000,0.4318
1749266266,0.44000000,384.00000000,0.4318
1749266266,0.44080000,24.80000000,0.4318
1749266266,0.44090000,196.80000000,0.4318
1749266266,0.44100000,1376.80000000,0.4318
1749266266,0.44110000,88.60000000,0.4318
1749266266,0.44120000,13.90000000,0.4318
1749266266,0.44160000,12.60000000,0.4318
1749266266,0.44190000,2366.50000000,0.4318
1749266266,0.44200000,128.00000000,0.4318
1749266266,0.44240000,454.00000000,0.4318
1749266266,0.44270000,25.30000000,0.4318
1749266266,0.44280000,456.70000000,0.4318
1749266266,0.44290000,78.30000000,0.4318
1749266266,0.44380000,22.40000000,0.4318
1749266266,0.44400000,22.30000000,0.4318
1749266266,0.44410000,39.50000000,0.4318
1749266266,0.44420000,231.60000000,0.4318
1749266266,0.44460000,11.60000000,0.4318
1749266266,0.44470000,79.70000000,0.4318
1749266266,0.44500000,20.40000000,0.4318
1749266266,0.44530000,14.20000000,0.4318
1749266568,0.43110000,3056.00000000,0.4309
1749266568,0.43120000,653.20000000,0.4309
1749266568,0.43130000,2977.40000000,0.4309
1749266568,0.43140000,8340.00000000,0.4309
1749266568,0.43150000,5350.20000000,0.4309
1749266568,0.43160000,9682.60000000,0.4309
1749266568,0.43170000,8677.40000000,0.4309
1749266568,0.43180000,1119.80000000,0.4309
1749266568,0.43190000,2014.60000000,0.4309
1749266568,0.43200000,2982.80000000,0.4309
1749266568,0.43210000,646.60000000,0.4309
1749266568,0.43220000,1516.10000000,0.4309
1749266568,0.43230000,5078.30000000,0.4309
1749266568,0.43240000,1119.80000000,0.4309
1749266568,0.43250000,1709.00000000,0.4309
1749266568,0.43260000,3221.60000000,0.4309
1749266568,0.43270000,1796.20000000,0.4309
1749266568,0.43280000,1410.90000000,0.4309
1749266568,0.43290000,1699.90000000,0.4309
1749266568,0.43300000,2006.70000000,0.4309
1749266568,0.43310000,1411.80000000,0.4309
1749266568,0.43320000,1699.50000000,0.4309
1749266568,0.43330000,653.10000000,0.4309
1749266568,0.43340000,1410.80000000,0.4309
1749266568,0.43350000,1119.70000000,0.4309
1749266568,0.43360000,6767.80000000,0.4309
1749266568,0.43370000,653.10000000,0.4309
1749266568,0.43380000,653.10000000,0.4309
1749266568,0.43390000,3892.20000000,0.4309
1749266568,0.43400000,1812.70000000,0.4309
1749266568,0.43410000,9479.00000000,0.4309
1749266568,0.43420000,672.90000000,0.4309
1749266568,0.43430000,602.90000000,0.4309
1749266568,0.43440000,653.10000000,0.4309
1749266568,0.43450000,653.10000000,0.4309
1749266568,0.43460000,1470.50000000,0.4309
1749266568,0.43470000,37.30000000,0.4309
1749266568,0.43480000,1182.70000000,0.4309
1749266568,0.43490000,23.10000000,0.4309
1749266568,0.43500000,23.10000000,0.4309
1749266568,0.43510000,23.10000000,0.4309
1749266568,0.43520000,227.20000000,0.4309
1749266568,0.43530000,23.40000000,0.4309
1749266568,0.43540000,200.50000000,0.4309
1749266568,0.43550000,23.40000000,0.4309
1749266568,0.43560000,3401.80000000,0.4309
1749266568,0.43570000,23.40000000,0.4309
1749266568,0.43580000,151.40000000,0.4309
1749266568,0.43590000,104.60000000,0.4309
1749266568,0.43600000,3053.50000000,0.4309
1749266568,0.43610000,23.40000000,0.4309
1749266568,0.43620000,63.40000000,0.4309
1749266568,0.43630000,23.40000000,0.4309
1749266568,0.43640000,23.40000000,0.4309
1749266568,0.43650000,9731.20000000,0.4309
1749266568,0.43660000,23.40000000,0.4309
1749266568,0.43670000,110.00000000,0.4309
1749266568,0.43680000,23.40000000,0.4309
1749266568,0.43690000,23.30000000,0.4309
1749266568,0.43700000,23.30000000,0.4309
1749266568,0.43710000,267.40000000,0.4309
1749266568,0.43720000,1183.50000000,0.4309
1749266568,0.43730000,23.30000000,0.4309
1749266568,0.43740000,23.30000000,0.4309
1749266568,0.43750000,41.00000000,0.4309
1749266568,0.43760000,23.30000000,0.4309
1749266568,0.43770000,274.10000000,0.4309
1749266568,0.43780000,103.00000000,0.4309
1749266568,0.43790000,2341.50000000,0.4309
1749266568,0.43800000,3163.30000000,0.4309
1749266568,0.43810000,43.10000000,0.4309
1749266568,0.43820000,203.90000000,0.4309
1749266568,0.43830000,68988.70000000,0.4309
1749266568,0.43840000,23.30000000,0.4309
1749266568,0.43850000,6461.10000000,0.4309
1749266568,0.43860000,23.30000000,0.4309
1749266568,0.43880000,460.90000000,0.4309
1749266568,0.43920000,297.20000000,0.4309
1749266568,0.43970000,1517.60000000,0.4309
1749266568,0.43990000,14.20000000,0.4309
1749266568,0.44000000,384.00000000,0.4309
1749266568,0.44080000,24.80000000,0.4309
1749266568,0.44100000,1376.80000000,0.4309
1749266568,0.44110000,88.60000000,0.4309
1749266568,0.44120000,13.90000000,0.4309
1749266568,0.44160000,12.60000000,0.4309
1749266568,0.44190000,2366.50000000,0.4309
1749266568,0.44200000,128.00000000,0.4309
1749266568,0.44240000,454.00000000,0.4309
1749266568,0.44270000,25.30000000,0.4309
1749266568,0.44280000,456.70000000,0.4309
1749266568,0.44290000,78.30000000,0.4309
1749266568,0.44380000,22.40000000,0.4309
1749266568,0.44400000,22.30000000,0.4309
1749266568,0.44410000,39.50000000,0.4309
1749266568,0.44420000,231.60000000,0.4309
1749266568,0.44460000,11.60000000,0.4309
1749266568,0.44470000,79.70000000,0.4309
1749266568,0.44500000,20.40000000,0.4309
1749266568,0.44530000,14.20000000,0.4309
1749266869,0.43140000,118.40000000,0.4315
1749266869,0.43150000,653.20000000,0.4315
1749266869,0.43160000,3312.60000000,0.4315
1749266869,0.43170000,9104.60000000,0.4315
1749266869,0.43180000,7200.80000000,0.4315
1749266869,0.43190000,4910.10000000,0.4315
1749266869,0.43200000,5913.70000000,0.4315
1749266869,0.43210000,1702.00000000,0.4315
1749266869,0.43220000,3954.20000000,0.4315
1749266869,0.43230000,2463.20000000,0.4315
1749266869,0.43240000,1632.50000000,0.4315
1749266869,0.43250000,3804.50000000,0.4315
1749266869,0.43260000,9282.60000000,0.4315
1749266869,0.43270000,653.20000000,0.4315
1749266869,0.43280000,653.20000000,0.4315
1749266869,0.43290000,1535.90000000,0.4315
1749266869,0.43300000,846.50000000,0.4315
1749266869,0.43310000,1411.10000000,0.4315
1749266869,0.43320000,1699.50000000,0.4315
1749266869,0.43330000,653.10000000,0.4315
1749266869,0.43340000,1410.80000000,0.4315
1749266869,0.43350000,1119.70000000,0.4315
1749266869,0.43360000,1412.50000000,0.4315
1749266869,0.43370000,653.10000000,0.4315
1749266869,0.43380000,1119.70000000,0.4315
1749266869,0.43390000,1412.00000000,0.4315
1749266869,0.43400000,1812.70000000,0.4315
1749266869,0.43410000,7171.90000000,0.4315
1749266869,0.43420000,1431.30000000,0.4315
1749266869,0.43430000,6984.00000000,0.4315
1749266869,0.43440000,1411.30000000,0.4315
1749266869,0.43450000,653.10000000,0.4315
1749266869,0.43460000,3786.60000000,0.4315
1749266869,0.43470000,3097.70000000,0.4315
1749266869,0.43480000,1812.70000000,0.4315
1749266869,0.43490000,23.10000000,0.4315
1749266869,0.43500000,23.10000000,0.4315
1749266869,0.43510000,653.10000000,0.4315
1749266869,0.43520000,857.20000000,0.4315
1749266869,0.43530000,34001.90000000,0.4315
1749266869,0.43540000,200.50000000,0.4315
1749266869,0.43550000,23.40000000,0.4315
1749266869,0.43560000,3401.80000000,0.4315
1749266869,0.43570000,23.40000000,0.4315
1749266869,0.43580000,151.40000000,0.4315
1749266869,0.43590000,104.60000000,0.4315
1749266869,0.43600000,3053.50000000,0.4315
1749266869,0.43610000,23.40000000,0.4315
1749266869,0.43620000,63.40000000,0.4315
1749266869,0.43630000,23.40000000,0.4315
1749266869,0.43640000,23.40000000,0.4315
1749266869,0.43650000,9731.20000000,0.4315
1749266869,0.43660000,23.40000000,0.4315
1749266869,0.43670000,110.00000000,0.4315
1749266869,0.43680000,23.40000000,0.4315
1749266869,0.43690000,23.30000000,0.4315
1749266869,0.43700000,23.30000000,0.4315
1749266869,0.43710000,102.70000000,0.4315
1749266869,0.43720000,1183.50000000,0.4315
1749266869,0.43730000,23.30000000,0.4315
1749266869,0.43740000,34001.80000000,0.4315
1749266869,0.43750000,41.00000000,0.4315
1749266869,0.43760000,23.30000000,0.4315
1749266869,0.43770000,274.10000000,0.4315
1749266869,0.43780000,267.60000000,0.4315
1749266869,0.43790000,2341.50000000,0.4315
1749266869,0.43800000,3163.30000000,0.4315
1749266869,0.43810000,43.10000000,0.4315
1749266869,0.43820000,203.90000000,0.4315
1749266869,0.43830000,1073.50000000,0.4315
1749266869,0.43840000,23.30000000,0.4315
1749266869,0.43850000,6461.10000000,0.4315
1749266869,0.43860000,23.30000000,0.4315
1749266869,0.43870000,23.30000000,0.4315
1749266869,0.43880000,484.10000000,0.4315
1749266869,0.43890000,23.20000000,0.4315
1749266869,0.43920000,68254.20000000,0.4315
1749266869,0.43970000,1322.70000000,0.4315
1749266869,0.43990000,14.20000000,0.4315
1749266869,0.44000000,384.00000000,0.4315
1749266869,0.44080000,24.80000000,0.4315
1749266869,0.44090000,194.70000000,0.4315
1749266869,0.44100000,1376.80000000,0.4315
1749266869,0.44110000,88.60000000,0.4315
1749266869,0.44120000,13.90000000,0.4315
1749266869,0.44160000,12.60000000,0.4315
1749266869,0.44190000,2366.50000000,0.4315
1749266869,0.44200000,128.00000000,0.4315
1749266869,0.44240000,454.00000000,0.4315
1749266869,0.44270000,25.30000000,0.4315
1749266869,0.44280000,456.70000000,0.4315
1749266869,0.44290000,78.30000000,0.4315
1749266869,0.44380000,22.40000000,0.4315
1749266869,0.44400000,22.30000000,0.4315
1749266869,0.44410000,39.50000000,0.4315
1749266869,0.44420000,231.60000000,0.4315
1749266869,0.44460000,11.60000000,0.4315
1749266869,0.44470000,79.70000000,0.4315
1749266869,0.44500000,20.40000000,0.4315
1749266869,0.44530000,14.20000000,0.4315
1749267171,0.43090000,4955.80000000,0.4308
1749267171,0.43100000,653.30000000,0.4308
1749267171,0.43110000,2161.20000000,0.4308
1749267171,0.43120000,4390.80000000,0.4308
1749267171,0.43130000,1099.90000000,0.4308
1749267171,0.43140000,1594.00000000,0.4308
1749267171,0.43150000,5036.50000000,0.4308
1749267171,0.43160000,6585.50000000,0.4308
1749267171,0.43170000,1119.80000000,0.4308
1749267171,0.43180000,1718.80000000,0.4308
1749267171,0.43190000,2859.50000000,0.4308
1749267171,0.43200000,3439.80000000,0.4308
1749267171,0.43210000,1113.20000000,0.4308
1749267171,0.43220000,9139.40000000,0.4308
1749267171,0.43230000,1119.80000000,0.4308
1749267171,0.43240000,1878.70000000,0.4308
1749267171,0.43250000,1312.70000000,0.4308
1749267171,0.43260000,653.20000000,0.4308
1749267171,0.43270000,653.20000000,0.4308
1749267171,0.43280000,1411.90000000,0.4308
1749267171,0.43290000,653.20000000,0.4308
1749267171,0.43300000,653.10000000,0.4308
1749267171,0.43310000,1411.10000000,0.4308
1749267171,0.43320000,1232.90000000,0.4308
1749267171,0.43330000,653.10000000,0.4308
1749267171,0.43340000,1410.80000000,0.4308
1749267171,0.43350000,6034.20000000,0.4308
1749267171,0.43360000,1412.50000000,0.4308
1749267171,0.43370000,653.10000000,0.4308
1749267171,0.43380000,653.10000000,0.4308
1749267171,0.43390000,3892.20000000,0.4308
1749267171,0.43400000,1812.70000000,0.4308
1749267171,0.43410000,7162.90000000,0.4308
1749267171,0.43420000,2991.20000000,0.4308
1749267171,0.43430000,1232.90000000,0.4308
1749267171,0.43440000,23.10000000,0.4308
1749267171,0.43450000,23.10000000,0.4308
1749267171,0.43460000,34819.00000000,0.4308
1749267171,0.43470000,37.30000000,0.4308
1749267171,0.43480000,1182.70000000,0.4308
1749267171,0.43490000,23.10000000,0.4308
1749267171,0.43500000,23.10000000,0.4308
1749267171,0.43510000,23.10000000,0.4308
1749267171,0.43520000,227.20000000,0.4308
1749267171,0.43530000,23.40000000,0.4308
1749267171,0.43540000,200.50000000,0.4308
1749267171,0.43550000,23.40000000,0.4308
1749267171,0.43560000,3401.80000000,0.4308
1749267171,0.43570000,23.40000000,0.4308
1749267171,0.43580000,151.40000000,0.4308
1749267171,0.43590000,104.60000000,0.4308
1749267171,0.43600000,3053.50000000,0.4308
1749267171,0.43610000,23.40000000,0.4308
1749267171,0.43620000,63.40000000,0.4308
1749267171,0.43630000,23.40000000,0.4308
1749267171,0.43640000,23.40000000,0.4308
1749267171,0.43650000,9731.20000000,0.4308
1749267171,0.43660000,23.40000000,0.4308
1749267171,0.43670000,110.00000000,0.4308
1749267171,0.43680000,23.40000000,0.4308
1749267171,0.43690000,34001.80000000,0.4308
1749267171,0.43700000,23.30000000,0.4308
1749267171,0.43710000,267.50000000,0.4308
1749267171,0.43720000,1183.50000000,0.4308
1749267171,0.43730000,23.30000000,0.4308
1749267171,0.43740000,23.30000000,0.4308
1749267171,0.43750000,41.00000000,0.4308
1749267171,0.43760000,23.30000000,0.4308
1749267171,0.43770000,274.10000000,0.4308
1749267171,0.43780000,103.00000000,0.4308
1749267171,0.43790000,2341.50000000,0.4308
1749267171,0.43800000,3163.30000000,0.4308
1749267171,0.43810000,43.10000000,0.4308
1749267171,0.43820000,203.90000000,0.4308
1749267171,0.43830000,69072.10000000,0.4308
1749267171,0.43840000,23.30000000,0.4308
1749267171,0.43850000,6437.80000000,0.4308
1749267171,0.43880000,460.90000000,0.4308
1749267171,0.43920000,297.20000000,0.4308
1749267171,0.43970000,1517.60000000,0.4308
1749267171,0.43990000,14.20000000,0.4308
1749267171,0.44000000,384.00000000,0.4308
1749267171,0.44080000,24.80000000,0.4308
1749267171,0.44100000,1376.80000000,0.4308
1749267171,0.44110000,88.60000000,0.4308
1749267171,0.44120000,13.90000000,0.4308
1749267171,0.44160000,12.60000000,0.4308
1749267171,0.44190000,2366.50000000,0.4308
1749267171,0.44200000,128.00000000,0.4308
1749267171,0.44240000,454.00000000,0.4308
1749267171,0.44270000,25.30000000,0.4308
1749267171,0.44280000,456.70000000,0.4308
1749267171,0.44290000,78.30000000,0.4308
1749267171,0.44380000,22.40000000,0.4308
1749267171,0.44400000,22.30000000,0.4308
1749267171,0.44410000,39.50000000,0.4308
1749267171,0.44420000,231.60000000,0.4308
1749267171,0.44440000,18.00000000,0.4308
1749267171,0.44460000,11.60000000,0.4308
1749267171,0.44470000,79.70000000,0.4308
1749267472,0.43090000,726.50000000,0.4308
1749267472,0.43100000,653.30000000,0.4308
1749267472,0.43110000,1555.70000000,0.4308
1749267472,0.43120000,3283.20000000,0.4308
1749267472,0.43130000,6086.20000000,0.4308
1749267472,0.43140000,10286.60000000,0.4308
1749267472,0.43150000,9929.40000000,0.4308
1749267472,0.43160000,4953.20000000,0.4308
1749267472,0.43170000,2205.70000000,0.4308
1749267472,0.43180000,5046.30000000,0.4308
1749267472,0.43190000,5004.60000000,0.4308
1749267472,0.43200000,4855.30000000,0.4308
1749267472,0.43210000,1113.20000000,0.4308
1749267472,0.43220000,1932.20000000,0.4308
1749267472,0.43230000,1119.80000000,0.4308
1749267472,0.43240000,1878.70000000,0.4308
1749267472,0.43250000,1312.70000000,0.4308
1749267472,0.43260000,653.20000000,0.4308
1749267472,0.43270000,653.20000000,0.4308
1749267472,0.43280000,1411.90000000,0.4308
1749267472,0.43290000,653.20000000,0.4308
1749267472,0.43300000,653.10000000,0.4308
1749267472,0.43310000,1411.10000000,0.4308
1749267472,0.43320000,1232.90000000,0.4308
1749267472,0.43330000,653.10000000,0.4308
1749267472,0.43340000,1410.80000000,0.4308
1749267472,0.43350000,6034.20000000,0.4308
1749267472,0.43360000,1412.50000000,0.4308
1749267472,0.43370000,6404.20000000,0.4308
1749267472,0.43380000,3141.60000000,0.4308
1749267472,0.43390000,1412.00000000,0.4308
1749267472,0.43400000,1812.70000000,0.4308
1749267472,0.43410000,3730.10000000,0.4308
1749267472,0.43420000,672.90000000,0.4308
1749267472,0.43430000,1232.90000000,0.4308
1749267472,0.43440000,23.10000000,0.4308
1749267472,0.43450000,23.10000000,0.4308
1749267472,0.43460000,34819.00000000,0.4308
1749267472,0.43470000,667.30000000,0.4308
1749267472,0.43480000,1182.70000000,0.4308
1749267472,0.43490000,23.10000000,0.4308
1749267472,0.43500000,23.10000000,0.4308
1749267472,0.43510000,23.10000000,0.4308
1749267472,0.43520000,227.20000000,0.4308
1749267472,0.43530000,23.40000000,0.4308
1749267472,0.43540000,200.50000000,0.4308
1749267472,0.43550000,23.40000000,0.4308
1749267472,0.43560000,3401.80000000,0.4308
1749267472,0.43570000,23.40000000,0.4308
1749267472,0.43580000,151.40000000,0.4308
1749267472,0.43590000,104.60000000,0.4308
1749267472,0.43600000,3053.50000000,0.4308
1749267472,0.43610000,23.40000000,0.4308
1749267472,0.43620000,63.40000000,0.4308
1749267472,0.43630000,23.40000000,0.4308
1749267472,0.43640000,23.40000000,0.4308
1749267472,0.43650000,9731.20000000,0.4308
1749267472,0.43660000,23.40000000,0.4308
1749267472,0.43670000,110.00000000,0.4308
1749267472,0.43680000,23.40000000,0.4308
1749267472,0.43690000,34166.60000000,0.4308
1749267472,0.43700000,23.30000000,0.4308
1749267472,0.43710000,102.70000000,0.4308
1749267472,0.43720000,1183.50000000,0.4308
1749267472,0.43730000,23.30000000,0.4308
1749267472,0.43740000,23.30000000,0.4308
1749267472,0.43750000,41.00000000,0.4308
1749267472,0.43760000,23.30000000,0.4308
1749267472,0.43770000,274.10000000,0.4308
1749267472,0.43780000,103.00000000,0.4308
1749267472,0.43790000,2341.50000000,0.4308
1749267472,0.43800000,3163.30000000,0.4308
1749267472,0.43810000,43.10000000,0.4308
1749267472,0.43820000,203.90000000,0.4308
1749267472,0.43830000,69072.10000000,0.4308
1749267472,0.43840000,23.30000000,0.4308
1749267472,0.43850000,6437.80000000,0.4308
1749267472,0.43860000,1262.20000000,0.4308
1749267472,0.43880000,460.90000000,0.4308
1749267472,0.43920000,297.20000000,0.4308
1749267472,0.43970000,60.50000000,0.4308
1749267472,0.43990000,14.20000000,0.4308
1749267472,0.44000000,384.00000000,0.4308
1749267472,0.44080000,24.80000000,0.4308
1749267472,0.44090000,194.90000000,0.4308
1749267472,0.44100000,1376.80000000,0.4308
1749267472,0.44110000,88.60000000,0.4308
1749267472,0.44120000,13.90000000,0.4308
1749267472,0.44160000,12.60000000,0.4308
1749267472,0.44190000,2366.50000000,0.4308
1749267472,0.44200000,128.00000000,0.4308
1749267472,0.44240000,454.00000000,0.4308
1749267472,0.44270000,25.30000000,0.4308
1749267472,0.44280000,456.70000000,0.4308
1749267472,0.44290000,78.30000000,0.4308
1749267472,0.44380000,22.40000000,0.4308
1749267472,0.44400000,22.30000000,0.4308
1749267472,0.44410000,39.50000000,0.4308
1749267472,0.44420000,231.60000000,0.4308
1749267472,0.44440000,18.00000000,0.4308
1749267774,0.43120000,23.20000000,0.4312
1749267774,0.43130000,653.20000000,0.4312
1749267774,0.43140000,2266.90000000,0.4312
1749267774,0.43150000,2026.40000000,0.4312
1749267774,0.43160000,1172.30000000,0.4312
1749267774,0.43170000,2205.70000000,0.4312
1749267774,0.43180000,4262.50000000,0.4312
1749267774,0.43190000,2049.80000000,0.4312
1749267774,0.43200000,1313.10000000,0.4312
1749267774,0.43210000,3272.90000000,0.4312
1749267774,0.43220000,7974.60000000,0.4312
1749267774,0.43230000,3251.50000000,0.4312
1749267774,0.43240000,1119.80000000,0.4312
1749267774,0.43250000,1313.10000000,0.4312
1749267774,0.43260000,1138.40000000,0.4312
1749267774,0.43270000,653.20000000,0.4312
1749267774,0.43280000,1411.90000000,0.4312
1749267774,0.43290000,653.20000000,0.4312
1749267774,0.43300000,846.40000000,0.4312
1749267774,0.43310000,1411.10000000,0.4312
1749267774,0.43320000,1232.90000000,0.4312
1749267774,0.43330000,653.10000000,0.4312
1749267774,0.43340000,1410.80000000,0.4312
1749267774,0.43350000,6034.20000000,0.4312
1749267774,0.43360000,1412.50000000,0.4312
1749267774,0.43370000,653.10000000,0.4312
1749267774,0.43380000,653.10000000,0.4312
1749267774,0.43390000,7163.10000000,0.4312
