timestamp,price,volume,current_price
1749260754,0.05301000,38478.00000000,0.05299
1749260754,0.05302000,16502.00000000,0.05299
1749260754,0.05303000,4212.00000000,0.05299
1749260754,0.05304000,16500.00000000,0.05299
1749260754,0.05305000,26439.00000000,0.05299
1749260754,0.05306000,72761.00000000,0.05299
1749260754,0.05307000,15044.00000000,0.05299
1749260754,0.05308000,27557.00000000,0.05299
1749260754,0.05309000,9799.00000000,0.05299
1749260754,0.05310000,13453.00000000,0.05299
1749260754,0.05311000,11127.00000000,0.05299
1749260754,0.05312000,1883.00000000,0.05299
1749260754,0.05313000,11482.00000000,0.05299
1749260754,0.05314000,9327.00000000,0.05299
1749260754,0.05315000,4218.00000000,0.05299
1749260754,0.05316000,1631.00000000,0.05299
1749260754,0.05317000,5887.00000000,0.05299
1749260754,0.05318000,386468.00000000,0.05299
1749260754,0.05319000,11316.00000000,0.05299
1749260754,0.05320000,13502.00000000,0.05299
1749260754,0.05321000,6775.00000000,0.05299
1749260754,0.05322000,2353.00000000,0.05299
1749260754,0.05323000,138551.00000000,0.05299
1749260754,0.05324000,9322.00000000,0.05299
1749260754,0.05325000,3743.00000000,0.05299
1749260754,0.05326000,4830.00000000,0.05299
1749260754,0.05327000,24130.00000000,0.05299
1749260754,0.05328000,18269.00000000,0.05299
1749260754,0.05329000,3743.00000000,0.05299
1749260754,0.05330000,1890.00000000,0.05299
1749260754,0.05331000,7444.00000000,0.05299
1749260754,0.05332000,46837.00000000,0.05299
1749260754,0.05333000,3743.00000000,0.05299
1749260754,0.05334000,1888.00000000,0.05299
1749260754,0.05335000,253074.00000000,0.05299
1749260754,0.05336000,7444.00000000,0.05299
1749260754,0.05337000,17043.00000000,0.05299
1749260754,0.05338000,3171.00000000,0.05299
1749260754,0.05339000,573031.00000000,0.05299
1749260754,0.05340000,7444.00000000,0.05299
1749260754,0.05341000,5628.00000000,0.05299
1749260754,0.05343000,7444.00000000,0.05299
1749260754,0.05344000,7444.00000000,0.05299
1749260754,0.05345000,3743.00000000,0.05299
1749260754,0.05347000,7539.00000000,0.05299
1749260754,0.05349000,135144.00000000,0.05299
1749260754,0.05353000,13730.00000000,0.05299
1749260754,0.05357000,3743.00000000,0.05299
1749260754,0.05361000,3743.00000000,0.05299
1749260754,0.05365000,3743.00000000,0.05299
1749260754,0.05366000,42290.00000000,0.05299
1749260754,0.05369000,3743.00000000,0.05299
1749260754,0.05373000,3743.00000000,0.05299
1749260754,0.05377000,3743.00000000,0.05299
1749260754,0.05380000,337414.00000000,0.05299
1749260754,0.05381000,3743.00000000,0.05299
1749260754,0.05385000,3743.00000000,0.05299
1749260754,0.05389000,40918.00000000,0.05299
1749260754,0.05391000,763262.00000000,0.05299
1749260754,0.05393000,3743.00000000,0.05299
1749260754,0.05396000,95.00000000,0.05299
1749260754,0.05397000,3555.00000000,0.05299
1749260754,0.05401000,3555.00000000,0.05299
1749260754,0.05405000,3555.00000000,0.05299
1749260754,0.05409000,3555.00000000,0.05299
1749260754,0.05413000,3555.00000000,0.05299
1749260754,0.05427000,69686.00000000,0.05299
1749260754,0.05428000,77614.00000000,0.05299
1749260754,0.05430000,110.00000000,0.05299
1749260754,0.05431000,110.00000000,0.05299
1749260754,0.05433000,94.00000000,0.05299
1749260754,0.05445000,95.00000000,0.05299
1749260754,0.05457000,94.00000000,0.05299
1749260754,0.05460000,1447.00000000,0.05299
1749260754,0.05461000,403041.00000000,0.05299
1749260754,0.05464000,93.00000000,0.05299
1749260754,0.05465000,109.00000000,0.05299
1749260754,0.05470000,109.00000000,0.05299
1749260754,0.05475000,109.00000000,0.05299
1749260754,0.05480000,109.00000000,0.05299
1749260754,0.05485000,109.00000000,0.05299
1749260754,0.05486000,93.00000000,0.05299
1749260754,0.05490000,109.00000000,0.05299
1749260754,0.05494000,95.00000000,0.05299
1749260754,0.05495000,109.00000000,0.05299
1749260754,0.05500000,2637.00000000,0.05299
1749260754,0.05501000,3318.00000000,0.05299
1749260754,0.05510000,108.00000000,0.05299
1749260754,0.05517000,17915.00000000,0.05299
1749260754,0.05520000,108.00000000,0.05299
1749260754,0.05528000,93.00000000,0.05299
1749260754,0.05530000,108.00000000,0.05299
1749260754,0.05537000,163.00000000,0.05299
1749260754,0.05538000,144.00000000,0.05299
1749260754,0.05540000,158.00000000,0.05299
1749260754,0.05544000,95.00000000,0.05299
1749260754,0.05546000,1594.00000000,0.05299
1749260754,0.05547000,455508.00000000,0.05299
1749260754,0.05550000,108.00000000,0.05299
1749260754,0.05560000,9216.00000000,0.05299
1749261075,0.05306000,2505.00000000,0.05305
1749261075,0.05307000,548.00000000,0.05305
1749261075,0.05308000,5712.00000000,0.05305
1749261075,0.05309000,3090.00000000,0.05305
1749261075,0.05310000,7920.00000000,0.05305
1749261075,0.05311000,34179.00000000,0.05305
1749261075,0.05312000,29747.00000000,0.05305
1749261075,0.05313000,33038.00000000,0.05305
1749261075,0.05314000,43837.00000000,0.05305
1749261075,0.05315000,70233.00000000,0.05305
1749261075,0.05316000,28575.00000000,0.05305
1749261075,0.05317000,25830.00000000,0.05305
1749261075,0.05318000,21466.00000000,0.05305
1749261075,0.05319000,7444.00000000,0.05305
1749261075,0.05320000,9078.00000000,0.05305
1749261075,0.05321000,5624.00000000,0.05305
1749261075,0.05322000,390363.00000000,0.05305
1749261075,0.05323000,20885.00000000,0.05305
1749261075,0.05324000,133310.00000000,0.05305
1749261075,0.05325000,31288.00000000,0.05305
1749261075,0.05326000,1878.00000000,0.05305
1749261075,0.05327000,24174.00000000,0.05305
1749261075,0.05328000,13512.00000000,0.05305
1749261075,0.05329000,6695.00000000,0.05305
1749261075,0.05330000,10826.00000000,0.05305
1749261075,0.05331000,7444.00000000,0.05305
1749261075,0.05332000,9331.00000000,0.05305
1749261075,0.05333000,3743.00000000,0.05305
1749261075,0.05334000,1888.00000000,0.05305
1749261075,0.05335000,44926.00000000,0.05305
1749261075,0.05336000,7444.00000000,0.05305
1749261075,0.05337000,11463.00000000,0.05305
1749261075,0.05338000,1886.00000000,0.05305
1749261075,0.05339000,7444.00000000,0.05305
1749261075,0.05340000,7444.00000000,0.05305
1749261075,0.05341000,5628.00000000,0.05305
1749261075,0.05342000,689343.00000000,0.05305
1749261075,0.05343000,18079.00000000,0.05305
1749261075,0.05344000,253999.00000000,0.05305
1749261075,0.05345000,3743.00000000,0.05305
1749261075,0.05346000,1883.00000000,0.05305
1749261075,0.05347000,7539.00000000,0.05305
1749261075,0.05349000,11187.00000000,0.05305
1749261075,0.05353000,13730.00000000,0.05305
1749261075,0.05357000,3743.00000000,0.05305
1749261075,0.05361000,3743.00000000,0.05305
1749261075,0.05365000,3743.00000000,0.05305
1749261075,0.05369000,3743.00000000,0.05305
1749261075,0.05373000,3743.00000000,0.05305
1749261075,0.05377000,3743.00000000,0.05305
1749261075,0.05381000,46038.00000000,0.05305
1749261075,0.05385000,3743.00000000,0.05305
1749261075,0.05389000,40918.00000000,0.05305
1749261075,0.05392000,763002.00000000,0.05305
1749261075,0.05393000,3743.00000000,0.05305
1749261075,0.05396000,95.00000000,0.05305
1749261075,0.05397000,339906.00000000,0.05305
1749261075,0.05401000,3555.00000000,0.05305
1749261075,0.05405000,3555.00000000,0.05305
1749261075,0.05409000,3555.00000000,0.05305
1749261075,0.05413000,3555.00000000,0.05305
1749261075,0.05430000,110.00000000,0.05305
1749261075,0.05431000,110.00000000,0.05305
1749261075,0.05433000,94.00000000,0.05305
1749261075,0.05445000,95.00000000,0.05305
1749261075,0.05457000,69780.00000000,0.05305
1749261075,0.05458000,75615.00000000,0.05305
1749261075,0.05460000,3041.00000000,0.05305
1749261075,0.05461000,403041.00000000,0.05305
1749261075,0.05464000,93.00000000,0.05305
1749261075,0.05465000,109.00000000,0.05305
1749261075,0.05470000,109.00000000,0.05305
1749261075,0.05475000,109.00000000,0.05305
1749261075,0.05480000,109.00000000,0.05305
1749261075,0.05485000,109.00000000,0.05305
1749261075,0.05486000,93.00000000,0.05305
1749261075,0.05490000,109.00000000,0.05305
1749261075,0.05494000,95.00000000,0.05305
1749261075,0.05495000,109.00000000,0.05305
1749261075,0.05500000,2637.00000000,0.05305
1749261075,0.05501000,3318.00000000,0.05305
1749261075,0.05510000,108.00000000,0.05305
1749261075,0.05520000,108.00000000,0.05305
1749261075,0.05528000,93.00000000,0.05305
1749261075,0.05530000,108.00000000,0.05305
1749261075,0.05531000,17915.00000000,0.05305
1749261075,0.05537000,163.00000000,0.05305
1749261075,0.05538000,144.00000000,0.05305
1749261075,0.05540000,158.00000000,0.05305
1749261075,0.05544000,95.00000000,0.05305
1749261075,0.05547000,455508.00000000,0.05305
1749261075,0.05550000,108.00000000,0.05305
1749261075,0.05560000,9216.00000000,0.05305
1749261075,0.05580000,107.00000000,0.05305
1749261075,0.05591000,17608.00000000,0.05305
1749261075,0.05594000,4769.00000000,0.05305
1749261075,0.05597000,10804.00000000,0.05305
1749261075,0.05605000,143.00000000,0.05305
1749261075,0.05612000,91.00000000,0.05305
1749261075,0.05634000,274.00000000,0.05305
1749261389,0.05303000,118.00000000,0.05302
1749261389,0.05304000,2527.00000000,0.05302
1749261389,0.05305000,968.00000000,0.05302
1749261389,0.05306000,497.00000000,0.05302
1749261389,0.05307000,9484.00000000,0.05302
1749261389,0.05308000,32790.00000000,0.05302
1749261389,0.05309000,9977.00000000,0.05302
1749261389,0.05310000,2363.00000000,0.05302
1749261389,0.05311000,52991.00000000,0.05302
1749261389,0.05312000,29287.00000000,0.05302
1749261389,0.05313000,29300.00000000,0.05302
1749261389,0.05314000,67251.00000000,0.05302
1749261389,0.05315000,66281.00000000,0.05302
1749261389,0.05316000,29674.00000000,0.05302
1749261389,0.05317000,7615.00000000,0.05302
1749261389,0.05318000,1886.00000000,0.05302
1749261389,0.05319000,9074.00000000,0.05302
1749261389,0.05320000,396351.00000000,0.05302
1749261389,0.05321000,3743.00000000,0.05302
1749261389,0.05322000,1886.00000000,0.05302
1749261389,0.05323000,136669.00000000,0.05302
1749261389,0.05324000,14475.00000000,0.05302
1749261389,0.05325000,31288.00000000,0.05302
1749261389,0.05326000,1886.00000000,0.05302
1749261389,0.05327000,33216.00000000,0.05302
1749261389,0.05328000,7444.00000000,0.05302
1749261389,0.05329000,6695.00000000,0.05302
1749261389,0.05330000,1886.00000000,0.05302
1749261389,0.05331000,7444.00000000,0.05302
1749261389,0.05332000,44950.00000000,0.05302
1749261389,0.05333000,3743.00000000,0.05302
1749261389,0.05334000,1886.00000000,0.05302
1749261389,0.05335000,7444.00000000,0.05302
1749261389,0.05336000,7444.00000000,0.05302
1749261389,0.05337000,8291.00000000,0.05302
1749261389,0.05338000,3171.00000000,0.05302
1749261389,0.05339000,16195.00000000,0.05302
1749261389,0.05340000,7444.00000000,0.05302
1749261389,0.05341000,3743.00000000,0.05302
1749261389,0.05342000,689577.00000000,0.05302
1749261389,0.05343000,7444.00000000,0.05302
1749261389,0.05344000,252115.00000000,0.05302
1749261389,0.05345000,3743.00000000,0.05302
1749261389,0.05347000,7539.00000000,0.05302
1749261389,0.05349000,11187.00000000,0.05302
1749261389,0.05353000,13730.00000000,0.05302
1749261389,0.05357000,3743.00000000,0.05302
1749261389,0.05361000,3743.00000000,0.05302
1749261389,0.05365000,3743.00000000,0.05302
1749261389,0.05366000,41868.00000000,0.05302
1749261389,0.05369000,3743.00000000,0.05302
1749261389,0.05373000,3743.00000000,0.05302
1749261389,0.05377000,3743.00000000,0.05302
1749261389,0.05381000,3743.00000000,0.05302
1749261389,0.05385000,3743.00000000,0.05302
1749261389,0.05389000,40918.00000000,0.05302
1749261389,0.05392000,763002.00000000,0.05302
1749261389,0.05393000,3743.00000000,0.05302
1749261389,0.05396000,95.00000000,0.05302
1749261389,0.05397000,339906.00000000,0.05302
1749261389,0.05401000,3555.00000000,0.05302
1749261389,0.05405000,3555.00000000,0.05302
1749261389,0.05409000,3555.00000000,0.05302
1749261389,0.05413000,3555.00000000,0.05302
1749261389,0.05430000,110.00000000,0.05302
1749261389,0.05431000,110.00000000,0.05302
1749261389,0.05433000,94.00000000,0.05302
1749261389,0.05445000,95.00000000,0.05302
1749261389,0.05457000,69780.00000000,0.05302
1749261389,0.05458000,75615.00000000,0.05302
1749261389,0.05460000,1734.00000000,0.05302
1749261389,0.05461000,403041.00000000,0.05302
1749261389,0.05464000,93.00000000,0.05302
1749261389,0.05465000,109.00000000,0.05302
1749261389,0.05470000,109.00000000,0.05302
1749261389,0.05475000,109.00000000,0.05302
1749261389,0.05480000,109.00000000,0.05302
1749261389,0.05485000,109.00000000,0.05302
1749261389,0.05486000,93.00000000,0.05302
1749261389,0.05490000,109.00000000,0.05302
1749261389,0.05494000,95.00000000,0.05302
1749261389,0.05495000,109.00000000,0.05302
1749261389,0.05500000,2637.00000000,0.05302
1749261389,0.05501000,3318.00000000,0.05302
1749261389,0.05510000,108.00000000,0.05302
1749261389,0.05520000,108.00000000,0.05302
1749261389,0.05528000,93.00000000,0.05302
1749261389,0.05530000,108.00000000,0.05302
1749261389,0.05531000,17915.00000000,0.05302
1749261389,0.05537000,163.00000000,0.05302
1749261389,0.05538000,144.00000000,0.05302
1749261389,0.05540000,158.00000000,0.05302
1749261389,0.05544000,95.00000000,0.05302
1749261389,0.05546000,1307.00000000,0.05302
1749261389,0.05547000,455508.00000000,0.05302
1749261389,0.05550000,108.00000000,0.05302
1749261389,0.05560000,9216.00000000,0.05302
1749261389,0.05580000,107.00000000,0.05302
1749261389,0.05591000,17608.00000000,0.05302
1749261389,0.05594000,4769.00000000,0.05302
1749261690,0.05300000,1250.00000000,0.05297
1749261690,0.05301000,4214.00000000,0.05297
1749261690,0.05302000,455.00000000,0.05297
1749261690,0.05303000,458.00000000,0.05297
1749261690,0.05304000,17995.00000000,0.05297
1749261690,0.05305000,25133.00000000,0.05297
1749261690,0.05306000,59807.00000000,0.05297
1749261690,0.05307000,2177.00000000,0.05297
1749261690,0.05308000,7980.00000000,0.05297
1749261690,0.05309000,13537.00000000,0.05297
1749261690,0.05310000,3792.00000000,0.05297
1749261690,0.05311000,91897.00000000,0.05297
1749261690,0.05312000,21566.00000000,0.05297
1749261690,0.05313000,38436.00000000,0.05297
1749261690,0.05314000,7704.00000000,0.05297
1749261690,0.05315000,21128.00000000,0.05297
1749261690,0.05316000,406263.00000000,0.05297
1749261690,0.05317000,32676.00000000,0.05297
1749261690,0.05318000,13068.00000000,0.05297
1749261690,0.05319000,4468.00000000,0.05297
1749261690,0.05320000,9791.00000000,0.05297
1749261690,0.05321000,129216.00000000,0.05297
1749261690,0.05322000,11187.00000000,0.05297
1749261690,0.05323000,11285.00000000,0.05297
1749261690,0.05324000,1879.00000000,0.05297
1749261690,0.05325000,19921.00000000,0.05297
1749261690,0.05326000,13065.00000000,0.05297
1749261690,0.05327000,7444.00000000,0.05297
1749261690,0.05329000,1878.00000000,0.05297
1749261690,0.05330000,6999.00000000,0.05297
1749261690,0.05331000,10396.00000000,0.05297
1749261690,0.05332000,9319.00000000,0.05297
1749261690,0.05333000,41244.00000000,0.05297
1749261690,0.05334000,1875.00000000,0.05297
1749261690,0.05335000,7444.00000000,0.05297
1749261690,0.05336000,18070.00000000,0.05297
1749261690,0.05337000,6405.00000000,0.05297
1749261690,0.05338000,5053.00000000,0.05297
1749261690,0.05339000,7444.00000000,0.05297
1749261690,0.05340000,7444.00000000,0.05297
1749261690,0.05341000,570546.00000000,0.05297
1749261690,0.05342000,1882.00000000,0.05297
1749261690,0.05343000,7444.00000000,0.05297
1749261690,0.05344000,254133.00000000,0.05297
1749261690,0.05345000,5625.00000000,0.05297
1749261690,0.05347000,132007.00000000,0.05297
1749261690,0.05348000,2543.00000000,0.05297
1749261690,0.05349000,11187.00000000,0.05297
1749261690,0.05352000,37175.00000000,0.05297
1749261690,0.05353000,11187.00000000,0.05297
1749261690,0.05354000,7444.00000000,0.05297
1749261690,0.05357000,3743.00000000,0.05297
1749261690,0.05360000,7444.00000000,0.05297
1749261690,0.05361000,11187.00000000,0.05297
1749261690,0.05365000,3743.00000000,0.05297
1749261690,0.05367000,7444.00000000,0.05297
1749261690,0.05368000,7444.00000000,0.05297
1749261690,0.05369000,3743.00000000,0.05297
1749261690,0.05370000,2259214.00000000,0.05297
1749261690,0.05373000,3743.00000000,0.05297
1749261690,0.05374000,7444.00000000,0.05297
1749261690,0.05375000,7444.00000000,0.05297
1749261690,0.05377000,3743.00000000,0.05297
1749261690,0.05378000,7444.00000000,0.05297
1749261690,0.05381000,45136.00000000,0.05297
1749261690,0.05382000,7444.00000000,0.05297
1749261690,0.05385000,3743.00000000,0.05297
1749261690,0.05389000,11187.00000000,0.05297
1749261690,0.05392000,1103255.00000000,0.05297
1749261690,0.05393000,3743.00000000,0.05297
1749261690,0.05396000,95.00000000,0.05297
1749261690,0.05397000,3555.00000000,0.05297
1749261690,0.05401000,3555.00000000,0.05297
1749261690,0.05405000,3555.00000000,0.05297
1749261690,0.05409000,3555.00000000,0.05297
1749261690,0.05413000,3555.00000000,0.05297
1749261690,0.05430000,110.00000000,0.05297
1749261690,0.05431000,110.00000000,0.05297
1749261690,0.05433000,94.00000000,0.05297
1749261690,0.05445000,95.00000000,0.05297
1749261690,0.05457000,69780.00000000,0.05297
1749261690,0.05458000,75615.00000000,0.05297
1749261690,0.05460000,403255.00000000,0.05297
1749261690,0.05464000,93.00000000,0.05297
1749261690,0.05465000,109.00000000,0.05297
1749261690,0.05470000,109.00000000,0.05297
1749261690,0.05475000,109.00000000,0.05297
1749261690,0.05480000,109.00000000,0.05297
1749261690,0.05484000,2901.00000000,0.05297
1749261690,0.05485000,109.00000000,0.05297
1749261690,0.05486000,93.00000000,0.05297
1749261690,0.05490000,109.00000000,0.05297
1749261690,0.05494000,95.00000000,0.05297
1749261690,0.05495000,109.00000000,0.05297
1749261690,0.05500000,2637.00000000,0.05297
1749261690,0.05501000,3318.00000000,0.05297
1749261690,0.05510000,108.00000000,0.05297
1749261690,0.05520000,108.00000000,0.05297
1749261690,0.05528000,93.00000000,0.05297
1749261690,0.05529000,17915.00000000,0.05297
1749261992,0.05272000,474.00000000,0.0527
1749261992,0.05273000,4482.00000000,0.0527
1749261992,0.05274000,15453.00000000,0.0527
1749261992,0.05275000,7455.00000000,0.0527
1749261992,0.05276000,26967.00000000,0.0527
1749261992,0.05277000,3743.00000000,0.0527
1749261992,0.05278000,20095.00000000,0.0527
1749261992,0.05279000,440.00000000,0.0527
1749261992,0.05280000,2353.00000000,0.0527
1749261992,0.05281000,19113.00000000,0.0527
1749261992,0.05282000,17357.00000000,0.0527
1749261992,0.05283000,69853.00000000,0.0527
1749261992,0.05284000,459852.00000000,0.0527
1749261992,0.05285000,7389.00000000,0.0527
1749261992,0.05286000,7201.00000000,0.0527
1749261992,0.05287000,14888.00000000,0.0527
1749261992,0.05289000,4233.00000000,0.0527
1749261992,0.05290000,6093.00000000,0.0527
1749261992,0.05291000,15448.00000000,0.0527
1749261992,0.05292000,460.00000000,0.0527
1749261992,0.05293000,7984.00000000,0.0527
1749261992,0.05294000,128490.00000000,0.0527
1749261992,0.05295000,1890.00000000,0.0527
1749261992,0.05296000,16777.00000000,0.0527
1749261992,0.05298000,22495.00000000,0.0527
1749261992,0.05299000,3743.00000000,0.0527
1749261992,0.05300000,22099.00000000,0.0527
1749261992,0.05301000,2133.00000000,0.0527
1749261992,0.05302000,1887.00000000,0.0527
1749261992,0.05304000,23180.00000000,0.0527
1749261992,0.05305000,3171.00000000,0.0527
1749261992,0.05306000,570714.00000000,0.0527
1749261992,0.05307000,40632.00000000,0.0527
1749261992,0.05308000,7444.00000000,0.0527
1749261992,0.05309000,270431.00000000,0.0527
1749261992,0.05311000,1881.00000000,0.0527
1749261992,0.05312000,1881.00000000,0.0527
1749261992,0.05313000,18631.00000000,0.0527
1749261992,0.05315000,126628.00000000,0.0527
1749261992,0.05316000,1881.00000000,0.0527
1749261992,0.05318000,13068.00000000,0.0527
1749261992,0.05320000,16195.00000000,0.0527
1749261992,0.05322000,13730.00000000,0.0527
1749261992,0.05326000,11187.00000000,0.0527
1749261992,0.05327000,7444.00000000,0.0527
1749261992,0.05331000,7444.00000000,0.0527
1749261992,0.05332000,7444.00000000,0.0527
1749261992,0.05333000,3743.00000000,0.0527
1749261992,0.05335000,7444.00000000,0.0527
1749261992,0.05336000,7444.00000000,0.0527
1749261992,0.05337000,3743.00000000,0.0527
1749261992,0.05339000,7444.00000000,0.0527
1749261992,0.05340000,7444.00000000,0.0527
1749261992,0.05341000,3743.00000000,0.0527
1749261992,0.05343000,7444.00000000,0.0527
1749261992,0.05345000,3743.00000000,0.0527
1749261992,0.05347000,95.00000000,0.0527
1749261992,0.05349000,3743.00000000,0.0527
1749261992,0.05350000,42221.00000000,0.0527
1749261992,0.05352000,37175.00000000,0.0527
1749261992,0.05353000,3743.00000000,0.0527
1749261992,0.05357000,3743.00000000,0.0527
1749261992,0.05361000,3743.00000000,0.0527
1749261992,0.05365000,771415.00000000,0.0527
1749261992,0.05369000,3743.00000000,0.0527
1749261992,0.05371000,337979.00000000,0.0527
1749261992,0.05373000,3743.00000000,0.0527
1749261992,0.05377000,3743.00000000,0.0527
1749261992,0.05381000,3743.00000000,0.0527
1749261992,0.05385000,3743.00000000,0.0527
1749261992,0.05389000,3743.00000000,0.0527
1749261992,0.05393000,3743.00000000,0.0527
1749261992,0.05396000,95.00000000,0.0527
1749261992,0.05397000,3555.00000000,0.0527
1749261992,0.05401000,3555.00000000,0.0527
1749261992,0.05405000,3555.00000000,0.0527
1749261992,0.05409000,3555.00000000,0.0527
1749261992,0.05413000,3555.00000000,0.0527
1749261992,0.05426000,69686.00000000,0.0527
1749261992,0.05427000,75684.00000000,0.0527
1749261992,0.05430000,110.00000000,0.0527
1749261992,0.05431000,110.00000000,0.0527
1749261992,0.05433000,94.00000000,0.0527
1749261992,0.05434000,405044.00000000,0.0527
1749261992,0.05445000,95.00000000,0.0527
1749261992,0.05457000,94.00000000,0.0527
1749261992,0.05459000,2901.00000000,0.0527
1749261992,0.05460000,140.00000000,0.0527
1749261992,0.05464000,93.00000000,0.0527
1749261992,0.05465000,109.00000000,0.0527
1749261992,0.05470000,109.00000000,0.0527
1749261992,0.05475000,109.00000000,0.0527
1749261992,0.05480000,109.00000000,0.0527
1749261992,0.05485000,109.00000000,0.0527
1749261992,0.05486000,93.00000000,0.0527
1749261992,0.05490000,109.00000000,0.0527
1749261992,0.05494000,95.00000000,0.0527
1749261992,0.05495000,109.00000000,0.0527
1749261992,0.05500000,20552.00000000,0.0527
1749261992,0.05501000,3318.00000000,0.0527
1749262294,0.05296000,472.00000000,0.05296
1749262294,0.05297000,465.00000000,0.05296
1749262294,0.05298000,465.00000000,0.05296
1749262294,0.05299000,62865.00000000,0.05296
1749262294,0.05300000,55417.00000000,0.05296
1749262294,0.05301000,7424.00000000,0.05296
1749262294,0.05302000,31907.00000000,0.05296
1749262294,0.05303000,38874.00000000,0.05296
1749262294,0.05304000,20518.00000000,0.05296
1749262294,0.05305000,471.00000000,0.05296
1749262294,0.05306000,36141.00000000,0.05296
1749262294,0.05307000,465.00000000,0.05296
1749262294,0.05308000,7909.00000000,0.05296
1749262294,0.05309000,398566.00000000,0.05296
1749262294,0.05311000,7005.00000000,0.05296
1749262294,0.05312000,6359.00000000,0.05296
1749262294,0.05313000,18631.00000000,0.05296
1749262294,0.05315000,2347.00000000,0.05296
1749262294,0.05316000,6525.00000000,0.05296
1749262294,0.05317000,126853.00000000,0.05296
1749262294,0.05318000,43599.00000000,0.05296
1749262294,0.05319000,2662.00000000,0.05296
1749262294,0.05320000,7444.00000000,0.05296
1749262294,0.05321000,1893.00000000,0.05296
1749262294,0.05322000,13079.00000000,0.05296
1749262294,0.05325000,39446.00000000,0.05296
1749262294,0.05326000,13077.00000000,0.05296
1749262294,0.05327000,253090.00000000,0.05296
1749262294,0.05328000,3171.00000000,0.05296
1749262294,0.05329000,1889.00000000,0.05296
1749262294,0.05330000,1890.00000000,0.05296
1749262294,0.05331000,131658.00000000,0.05296
1749262294,0.05332000,582974.00000000,0.05296
1749262294,0.05333000,3743.00000000,0.05296
1749262294,0.05335000,7444.00000000,0.05296
1749262294,0.05336000,7444.00000000,0.05296
1749262294,0.05337000,3743.00000000,0.05296
1749262294,0.05339000,7444.00000000,0.05296
1749262294,0.05340000,7444.00000000,0.05296
1749262294,0.05341000,3743.00000000,0.05296
1749262294,0.05343000,9987.00000000,0.05296
1749262294,0.05345000,3743.00000000,0.05296
1749262294,0.05347000,95.00000000,0.05296
1749262294,0.05349000,3743.00000000,0.05296
1749262294,0.05350000,42221.00000000,0.05296
1749262294,0.05352000,37175.00000000,0.05296
1749262294,0.05353000,3743.00000000,0.05296
1749262294,0.05357000,3743.00000000,0.05296
1749262294,0.05361000,3743.00000000,0.05296
1749262294,0.05365000,3743.00000000,0.05296
1749262294,0.05369000,3743.00000000,0.05296
1749262294,0.05371000,337979.00000000,0.05296
1749262294,0.05373000,3743.00000000,0.05296
1749262294,0.05377000,3743.00000000,0.05296
1749262294,0.05381000,3743.00000000,0.05296
1749262294,0.05385000,3743.00000000,0.05296
1749262294,0.05387000,762466.00000000,0.05296
1749262294,0.05389000,3743.00000000,0.05296
1749262294,0.05393000,3743.00000000,0.05296
1749262294,0.05396000,95.00000000,0.05296
1749262294,0.05397000,3555.00000000,0.05296
1749262294,0.05401000,3555.00000000,0.05296
1749262294,0.05405000,3555.00000000,0.05296
1749262294,0.05409000,3555.00000000,0.05296
1749262294,0.05413000,3555.00000000,0.05296
1749262294,0.05426000,69686.00000000,0.05296
1749262294,0.05427000,75684.00000000,0.05296
1749262294,0.05430000,110.00000000,0.05296
1749262294,0.05431000,110.00000000,0.05296
1749262294,0.05433000,1688.00000000,0.05296
1749262294,0.05445000,95.00000000,0.05296
1749262294,0.05455000,403485.00000000,0.05296
1749262294,0.05457000,94.00000000,0.05296
1749262294,0.05460000,140.00000000,0.05296
1749262294,0.05464000,93.00000000,0.05296
1749262294,0.05465000,109.00000000,0.05296
1749262294,0.05470000,109.00000000,0.05296
1749262294,0.05475000,109.00000000,0.05296
1749262294,0.05480000,109.00000000,0.05296
1749262294,0.05485000,109.00000000,0.05296
1749262294,0.05486000,93.00000000,0.05296
1749262294,0.05490000,109.00000000,0.05296
1749262294,0.05494000,95.00000000,0.05296
1749262294,0.05495000,109.00000000,0.05296
1749262294,0.05500000,2637.00000000,0.05296
1749262294,0.05501000,3318.00000000,0.05296
1749262294,0.05510000,108.00000000,0.05296
1749262294,0.05514000,19222.00000000,0.05296
1749262294,0.05515000,458058.00000000,0.05296
1749262294,0.05520000,108.00000000,0.05296
1749262294,0.05524000,4667.00000000,0.05296
1749262294,0.05528000,93.00000000,0.05296
1749262294,0.05530000,108.00000000,0.05296
1749262294,0.05537000,163.00000000,0.05296
1749262294,0.05538000,144.00000000,0.05296
1749262294,0.05540000,158.00000000,0.05296
1749262294,0.05544000,95.00000000,0.05296
1749262294,0.05547000,92.00000000,0.05296
1749262294,0.05550000,108.00000000,0.05296
1749262294,0.05560000,9216.00000000,0.05296
1749262595,0.05305000,736.00000000,0.05298
1749262595,0.05306000,11385.00000000,0.05298
1749262595,0.05307000,4000.00000000,0.05298
1749262595,0.05308000,7444.00000000,0.05298
1749262595,0.05309000,37527.00000000,0.05298
1749262595,0.05311000,44410.00000000,0.05298
1749262595,0.05312000,40716.00000000,0.05298
1749262595,0.05313000,73587.00000000,0.05298
1749262595,0.05314000,19142.00000000,0.05298
1749262595,0.05315000,20350.00000000,0.05298
1749262595,0.05316000,38814.00000000,0.05298
1749262595,0.05317000,420.00000000,0.05298
1749262595,0.05318000,15121.00000000,0.05298
1749262595,0.05319000,395673.00000000,0.05298
1749262595,0.05320000,7444.00000000,0.05298
1749262595,0.05321000,4925.00000000,0.05298
1749262595,0.05322000,13079.00000000,0.05298
1749262595,0.05323000,420.00000000,0.05298
1749262595,0.05324000,29816.00000000,0.05298
1749262595,0.05325000,1892.00000000,0.05298
1749262595,0.05326000,13077.00000000,0.05298
1749262595,0.05327000,10396.00000000,0.05298
1749262595,0.05329000,1889.00000000,0.05298
1749262595,0.05330000,1890.00000000,0.05298
1749262595,0.05331000,44953.00000000,0.05298
1749262595,0.05332000,7444.00000000,0.05298
1749262595,0.05333000,3743.00000000,0.05298
1749262595,0.05334000,1889.00000000,0.05298
1749262595,0.05335000,7444.00000000,0.05298
1749262595,0.05336000,262482.00000000,0.05298
1749262595,0.05337000,3743.00000000,0.05298
1749262595,0.05338000,5059.00000000,0.05298
1749262595,0.05339000,573162.00000000,0.05298
1749262595,0.05340000,7444.00000000,0.05298
1749262595,0.05341000,5629.00000000,0.05298
1749262595,0.05343000,11873.00000000,0.05298
1749262595,0.05345000,3743.00000000,0.05298
1749262595,0.05346000,123463.00000000,0.05298
1749262595,0.05347000,95.00000000,0.05298
1749262595,0.05349000,3743.00000000,0.05298
1749262595,0.05350000,7444.00000000,0.05298
1749262595,0.05353000,3743.00000000,0.05298
1749262595,0.05357000,3743.00000000,0.05298
1749262595,0.05361000,3743.00000000,0.05298
1749262595,0.05365000,2266617.00000000,0.05298
1749262595,0.05366000,41781.00000000,0.05298
1749262595,0.05369000,3743.00000000,0.05298
1749262595,0.05373000,3743.00000000,0.05298
1749262595,0.05377000,3743.00000000,0.05298
1749262595,0.05381000,3743.00000000,0.05298
1749262595,0.05385000,3743.00000000,0.05298
1749262595,0.05387000,762466.00000000,0.05298
1749262595,0.05388000,336913.00000000,0.05298
1749262595,0.05389000,3743.00000000,0.05298
1749262595,0.05393000,3743.00000000,0.05298
1749262595,0.05396000,95.00000000,0.05298
1749262595,0.05397000,3555.00000000,0.05298
1749262595,0.05401000,3555.00000000,0.05298
1749262595,0.05405000,3555.00000000,0.05298
1749262595,0.05409000,3555.00000000,0.05298
1749262595,0.05413000,3555.00000000,0.05298
1749262595,0.05426000,69686.00000000,0.05298
1749262595,0.05427000,75684.00000000,0.05298
1749262595,0.05430000,110.00000000,0.05298
1749262595,0.05431000,110.00000000,0.05298
1749262595,0.05433000,94.00000000,0.05298
1749262595,0.05445000,95.00000000,0.05298
1749262595,0.05455000,403485.00000000,0.05298
1749262595,0.05457000,94.00000000,0.05298
1749262595,0.05460000,140.00000000,0.05298
1749262595,0.05464000,93.00000000,0.05298
1749262595,0.05465000,109.00000000,0.05298
1749262595,0.05470000,109.00000000,0.05298
1749262595,0.05475000,109.00000000,0.05298
1749262595,0.05480000,109.00000000,0.05298
1749262595,0.05485000,109.00000000,0.05298
1749262595,0.05486000,93.00000000,0.05298
1749262595,0.05490000,109.00000000,0.05298
1749262595,0.05494000,95.00000000,0.05298
1749262595,0.05495000,109.00000000,0.05298
1749262595,0.05500000,2637.00000000,0.05298
1749262595,0.05501000,3318.00000000,0.05298
1749262595,0.05510000,108.00000000,0.05298
1749262595,0.05520000,108.00000000,0.05298
1749262595,0.05524000,4667.00000000,0.05298
1749262595,0.05528000,18008.00000000,0.05298
1749262595,0.05530000,108.00000000,0.05298
1749262595,0.05537000,163.00000000,0.05298
1749262595,0.05538000,144.00000000,0.05298
1749262595,0.05540000,3059.00000000,0.05298
1749262595,0.05541000,455909.00000000,0.05298
1749262595,0.05544000,95.00000000,0.05298
1749262595,0.05547000,92.00000000,0.05298
1749262595,0.05550000,108.00000000,0.05298
1749262595,0.05560000,9216.00000000,0.05298
1749262595,0.05580000,107.00000000,0.05298
1749262595,0.05590000,17608.00000000,0.05298
1749262595,0.05592000,4674.00000000,0.05298
1749262595,0.05594000,95.00000000,0.05298
1749262595,0.05597000,10804.00000000,0.05298
1749262902,0.05297000,472.00000000,0.05295
1749262902,0.05298000,664.00000000,0.05295
1749262902,0.05299000,4660.00000000,0.05295
1749262902,0.05300000,390.00000000,0.05295
1749262902,0.05301000,30400.00000000,0.05295
1749262902,0.05302000,31678.00000000,0.05295
1749262902,0.05303000,9726.00000000,0.05295
1749262902,0.05304000,5599.00000000,0.05295
1749262902,0.05305000,40843.00000000,0.05295
1749262902,0.05306000,50248.00000000,0.05295
1749262902,0.05307000,26009.00000000,0.05295
1749262902,0.05308000,20117.00000000,0.05295
1749262902,0.05309000,6028.00000000,0.05295
1749262902,0.05310000,398494.00000000,0.05295
1749262902,0.05311000,9328.00000000,0.05295
1749262902,0.05312000,7505.00000000,0.05295
1749262902,0.05313000,127273.00000000,0.05295
1749262902,0.05314000,7444.00000000,0.05295
1749262902,0.05315000,9325.00000000,0.05295
1749262902,0.05316000,6477.00000000,0.05295
1749262902,0.05317000,9345.00000000,0.05295
1749262902,0.05318000,13488.00000000,0.05295
1749262902,0.05319000,46321.00000000,0.05295
1749262902,0.05320000,7444.00000000,0.05295
1749262902,0.05321000,9722.00000000,0.05295
1749262902,0.05322000,13079.00000000,0.05295
1749262902,0.05324000,3171.00000000,0.05295
1749262902,0.05325000,1892.00000000,0.05295
1749262902,0.05326000,13077.00000000,0.05295
1749262902,0.05327000,10396.00000000,0.05295
1749262902,0.05328000,282092.00000000,0.05295
1749262902,0.05329000,568230.00000000,0.05295
1749262902,0.05330000,1890.00000000,0.05295
1749262902,0.05331000,16195.00000000,0.05295
1749262902,0.05332000,9329.00000000,0.05295
1749262902,0.05333000,6405.00000000,0.05295
1749262902,0.05334000,125419.00000000,0.05295
1749262902,0.05335000,7444.00000000,0.05295
1749262902,0.05336000,9332.00000000,0.05295
1749262902,0.05337000,3743.00000000,0.05295
1749262902,0.05338000,1888.00000000,0.05295
1749262902,0.05339000,7444.00000000,0.05295
1749262902,0.05340000,7444.00000000,0.05295
1749262902,0.05341000,5629.00000000,0.05295
1749262902,0.05343000,9987.00000000,0.05295
1749262902,0.05345000,3743.00000000,0.05295
1749262902,0.05347000,7539.00000000,0.05295
1749262902,0.05349000,3743.00000000,0.05295
1749262902,0.05350000,7444.00000000,0.05295
1749262902,0.05353000,3743.00000000,0.05295
1749262902,0.05354000,7444.00000000,0.05295
1749262902,0.05357000,11187.00000000,0.05295
1749262902,0.05361000,3743.00000000,0.05295
1749262902,0.05365000,3743.00000000,0.05295
1749262902,0.05366000,41781.00000000,0.05295
1749262902,0.05369000,3743.00000000,0.05295
1749262902,0.05373000,3743.00000000,0.05295
1749262902,0.05377000,3743.00000000,0.05295
1749262902,0.05381000,3743.00000000,0.05295
1749262902,0.05385000,763929.00000000,0.05295
1749262902,0.05388000,336913.00000000,0.05295
1749262902,0.05389000,3743.00000000,0.05295
1749262902,0.05393000,3743.00000000,0.05295
1749262902,0.05396000,95.00000000,0.05295
1749262902,0.05397000,3555.00000000,0.05295
1749262902,0.05401000,3555.00000000,0.05295
1749262902,0.05405000,3555.00000000,0.05295
1749262902,0.05409000,3555.00000000,0.05295
1749262902,0.05413000,3555.00000000,0.05295
1749262902,0.05430000,110.00000000,0.05295
1749262902,0.05431000,110.00000000,0.05295
1749262902,0.05433000,94.00000000,0.05295
1749262902,0.05445000,95.00000000,0.05295
1749262902,0.05454000,72587.00000000,0.05295
1749262902,0.05455000,403485.00000000,0.05295
1749262902,0.05457000,94.00000000,0.05295
1749262902,0.05458000,76092.00000000,0.05295
1749262902,0.05460000,140.00000000,0.05295
1749262902,0.05464000,93.00000000,0.05295
1749262902,0.05465000,109.00000000,0.05295
1749262902,0.05470000,109.00000000,0.05295
1749262902,0.05475000,109.00000000,0.05295
1749262902,0.05480000,109.00000000,0.05295
1749262902,0.05485000,109.00000000,0.05295
1749262902,0.05486000,93.00000000,0.05295
1749262902,0.05490000,109.00000000,0.05295
1749262902,0.05494000,95.00000000,0.05295
1749262902,0.05495000,109.00000000,0.05295
1749262902,0.05500000,152487.00000000,0.05295
1749262902,0.05501000,3318.00000000,0.05295
1749262902,0.05510000,108.00000000,0.05295
1749262902,0.05520000,108.00000000,0.05295
1749262902,0.05528000,18008.00000000,0.05295
1749262902,0.05530000,108.00000000,0.05295
1749262902,0.05537000,163.00000000,0.05295
1749262902,0.05538000,144.00000000,0.05295
1749262902,0.05539000,4667.00000000,0.05295
1749262902,0.05540000,158.00000000,0.05295
1749262902,0.05541000,455909.00000000,0.05295
1749262902,0.05544000,95.00000000,0.05295
1749263204,0.05303000,7827.00000000,0.05301
1749263204,0.05304000,3037.00000000,0.05301
1749263204,0.05305000,37953.00000000,0.05301
1749263204,0.05306000,64805.00000000,0.05301
1749263204,0.05307000,22102.00000000,0.05301
1749263204,0.05308000,36838.00000000,0.05301
1749263204,0.05309000,20338.00000000,0.05301
1749263204,0.05310000,198913.00000000,0.05301
1749263204,0.05311000,1884.00000000,0.05301
1749263204,0.05312000,9703.00000000,0.05301
1749263204,0.05313000,5627.00000000,0.05301
1749263204,0.05314000,7444.00000000,0.05301
1749263204,0.05315000,9325.00000000,0.05301
1749263204,0.05316000,2298.00000000,0.05301
1749263204,0.05317000,403.00000000,0.05301
1749263204,0.05318000,15100.00000000,0.05301
1749263204,0.05319000,39338.00000000,0.05301
1749263204,0.05320000,7845.00000000,0.05301
1749263204,0.05321000,5328.00000000,0.05301
1749263204,0.05322000,402361.00000000,0.05301
1749263204,0.05323000,8936.00000000,0.05301
1749263204,0.05324000,4578.00000000,0.05301
1749263204,0.05325000,1892.00000000,0.05301
1749263204,0.05326000,153478.00000000,0.05301
1749263204,0.05327000,10396.00000000,0.05301
1749263204,0.05329000,1889.00000000,0.05301
1749263204,0.05330000,1890.00000000,0.05301
1749263204,0.05331000,7444.00000000,0.05301
1749263204,0.05332000,9329.00000000,0.05301
1749263204,0.05333000,6405.00000000,0.05301
1749263204,0.05334000,1889.00000000,0.05301
1749263204,0.05335000,7444.00000000,0.05301
1749263204,0.05336000,18083.00000000,0.05301
1749263204,0.05337000,41213.00000000,0.05301
1749263204,0.05338000,5059.00000000,0.05301
1749263204,0.05339000,7444.00000000,0.05301
1749263204,0.05340000,7444.00000000,0.05301
1749263204,0.05341000,5629.00000000,0.05301
1749263204,0.05342000,567145.00000000,0.05301
1749263204,0.05343000,9987.00000000,0.05301
1749263204,0.05345000,5627.00000000,0.05301
1749263204,0.05346000,245796.00000000,0.05301
1749263204,0.05347000,7539.00000000,0.05301
1749263204,0.05349000,3743.00000000,0.05301
1749263204,0.05350000,7444.00000000,0.05301
1749263204,0.05351000,123165.00000000,0.05301
1749263204,0.05353000,3743.00000000,0.05301
1749263204,0.05354000,7444.00000000,0.05301
1749263204,0.05357000,11187.00000000,0.05301
1749263204,0.05361000,3743.00000000,0.05301
1749263204,0.05365000,3743.00000000,0.05301
1749263204,0.05366000,41781.00000000,0.05301
1749263204,0.05369000,2265651.00000000,0.05301
1749263204,0.05373000,3743.00000000,0.05301
1749263204,0.05377000,3743.00000000,0.05301
1749263204,0.05381000,3743.00000000,0.05301
1749263204,0.05385000,3743.00000000,0.05301
1749263204,0.05388000,336913.00000000,0.05301
1749263204,0.05389000,3743.00000000,0.05301
1749263204,0.05391000,103.00000000,0.05301
1749263204,0.05393000,3743.00000000,0.05301
1749263204,0.05395000,1307.00000000,0.05301
1749263204,0.05396000,758047.00000000,0.05301
1749263204,0.05397000,3555.00000000,0.05301
1749263204,0.05401000,3555.00000000,0.05301
1749263204,0.05405000,3555.00000000,0.05301
1749263204,0.05409000,3555.00000000,0.05301
1749263204,0.05413000,3555.00000000,0.05301
1749263204,0.05430000,110.00000000,0.05301
1749263204,0.05431000,110.00000000,0.05301
1749263204,0.05433000,94.00000000,0.05301
1749263204,0.05445000,95.00000000,0.05301
1749263204,0.05454000,71280.00000000,0.05301
1749263204,0.05455000,403485.00000000,0.05301
1749263204,0.05457000,94.00000000,0.05301
1749263204,0.05458000,76092.00000000,0.05301
1749263204,0.05460000,140.00000000,0.05301
1749263204,0.05464000,93.00000000,0.05301
1749263204,0.05465000,109.00000000,0.05301
1749263204,0.05470000,109.00000000,0.05301
1749263204,0.05475000,109.00000000,0.05301
1749263204,0.05480000,109.00000000,0.05301
1749263204,0.05485000,109.00000000,0.05301
1749263204,0.05486000,93.00000000,0.05301
1749263204,0.05490000,109.00000000,0.05301
1749263204,0.05494000,95.00000000,0.05301
1749263204,0.05495000,109.00000000,0.05301
1749263204,0.05500000,2637.00000000,0.05301
1749263204,0.05501000,3318.00000000,0.05301
1749263204,0.05510000,108.00000000,0.05301
1749263204,0.05520000,108.00000000,0.05301
1749263204,0.05528000,18008.00000000,0.05301
1749263204,0.05530000,108.00000000,0.05301
1749263204,0.05537000,163.00000000,0.05301
1749263204,0.05538000,144.00000000,0.05301
1749263204,0.05539000,4667.00000000,0.05301
1749263204,0.05540000,158.00000000,0.05301
1749263204,0.05541000,455909.00000000,0.05301
1749263204,0.05544000,95.00000000,0.05301
1749263204,0.05547000,92.00000000,0.05301
1749263510,0.05290000,472.00000000,0.05287
1749263510,0.05291000,414.00000000,0.05287
1749263510,0.05292000,11486.00000000,0.05287
1749263510,0.05293000,7743.00000000,0.05287
1749263510,0.05294000,2303.00000000,0.05287
1749263510,0.05295000,25464.00000000,0.05287
1749263510,0.05296000,20828.00000000,0.05287
1749263510,0.05297000,6056.00000000,0.05287
1749263510,0.05298000,2300.00000000,0.05287
1749263510,0.05299000,28944.00000000,0.05287
1749263510,0.05300000,29974.00000000,0.05287
1749263510,0.05301000,68020.00000000,0.05287
1749263510,0.05302000,8009.00000000,0.05287
1749263510,0.05303000,68971.00000000,0.05287
1749263510,0.05304000,21050.00000000,0.05287
1749263510,0.05305000,442234.00000000,0.05287
1749263510,0.05307000,2304.00000000,0.05287
1749263510,0.05308000,1884.00000000,0.05287
1749263510,0.05309000,18631.00000000,0.05287
1749263510,0.05310000,145850.00000000,0.05287
1749263510,0.05311000,8921.00000000,0.05287
1749263510,0.05312000,123675.00000000,0.05287
1749263510,0.05313000,5627.00000000,0.05287
1749263510,0.05314000,7444.00000000,0.05287
1749263510,0.05315000,34070.00000000,0.05287
1749263510,0.05316000,10817.00000000,0.05287
1749263510,0.05317000,2952.00000000,0.05287
1749263510,0.05318000,15730.00000000,0.05287
1749263510,0.05320000,7444.00000000,0.05287
1749263510,0.05321000,1893.00000000,0.05287
1749263510,0.05322000,50658.00000000,0.05287
1749263510,0.05324000,3171.00000000,0.05287
1749263510,0.05325000,1892.00000000,0.05287
1749263510,0.05326000,260684.00000000,0.05287
1749263510,0.05327000,574143.00000000,0.05287
1749263510,0.05328000,8751.00000000,0.05287
1749263510,0.05329000,1889.00000000,0.05287
1749263510,0.05330000,1890.00000000,0.05287
1749263510,0.05331000,7444.00000000,0.05287
1749263510,0.05332000,9329.00000000,0.05287
1749263510,0.05333000,3743.00000000,0.05287
1749263510,0.05334000,1889.00000000,0.05287
1749263510,0.05335000,7444.00000000,0.05287
1749263510,0.05336000,7444.00000000,0.05287
1749263510,0.05337000,127428.00000000,0.05287
1749263510,0.05339000,7444.00000000,0.05287
1749263510,0.05340000,7444.00000000,0.05287
1749263510,0.05341000,3743.00000000,0.05287
1749263510,0.05343000,9987.00000000,0.05287
1749263510,0.05345000,3743.00000000,0.05287
1749263510,0.05347000,7539.00000000,0.05287
1749263510,0.05349000,3743.00000000,0.05287
1749263510,0.05350000,7444.00000000,0.05287
1749263510,0.05353000,3743.00000000,0.05287
1749263510,0.05354000,7444.00000000,0.05287
1749263510,0.05357000,11187.00000000,0.05287
1749263510,0.05361000,3743.00000000,0.05287
1749263510,0.05365000,3743.00000000,0.05287
1749263510,0.05366000,41781.00000000,0.05287
1749263510,0.05369000,3743.00000000,0.05287
1749263510,0.05373000,3743.00000000,0.05287
1749263510,0.05377000,3743.00000000,0.05287
1749263510,0.05381000,3743.00000000,0.05287
1749263510,0.05385000,3743.00000000,0.05287
1749263510,0.05387000,761142.00000000,0.05287
1749263510,0.05388000,336913.00000000,0.05287
1749263510,0.05389000,3743.00000000,0.05287
1749263510,0.05391000,103.00000000,0.05287
1749263510,0.05393000,3743.00000000,0.05287
1749263510,0.05396000,95.00000000,0.05287
1749263510,0.05397000,3555.00000000,0.05287
1749263510,0.05401000,3555.00000000,0.05287
1749263510,0.05405000,3555.00000000,0.05287
1749263510,0.05409000,3555.00000000,0.05287
1749263510,0.05413000,3555.00000000,0.05287
1749263510,0.05430000,110.00000000,0.05287
1749263510,0.05431000,110.00000000,0.05287
1749263510,0.05433000,94.00000000,0.05287
1749263510,0.05445000,95.00000000,0.05287
1749263510,0.05454000,72587.00000000,0.05287
1749263510,0.05455000,403485.00000000,0.05287
1749263510,0.05457000,94.00000000,0.05287
1749263510,0.05458000,76092.00000000,0.05287
1749263510,0.05460000,140.00000000,0.05287
1749263510,0.05464000,93.00000000,0.05287
1749263510,0.05465000,109.00000000,0.05287
1749263510,0.05470000,109.00000000,0.05287
1749263510,0.05475000,109.00000000,0.05287
1749263510,0.05480000,109.00000000,0.05287
1749263510,0.05485000,109.00000000,0.05287
1749263510,0.05486000,93.00000000,0.05287
1749263510,0.05490000,109.00000000,0.05287
1749263510,0.05494000,95.00000000,0.05287
1749263510,0.05495000,109.00000000,0.05287
1749263510,0.05500000,2637.00000000,0.05287
1749263510,0.05501000,3318.00000000,0.05287
1749263510,0.05510000,108.00000000,0.05287
1749263510,0.05520000,108.00000000,0.05287
1749263510,0.05525000,4667.00000000,0.05287
1749263510,0.05528000,18008.00000000,0.05287
1749263816,0.05302000,688.00000000,0.05298
1749263816,0.05303000,920.00000000,0.05298
1749263816,0.05304000,13333.00000000,0.05298
1749263816,0.05305000,20106.00000000,0.05298
1749263816,0.05306000,449.00000000,0.05298
1749263816,0.05307000,26311.00000000,0.05298
1749263816,0.05308000,59495.00000000,0.05298
1749263816,0.05309000,64388.00000000,0.05298
1749263816,0.05310000,165501.00000000,0.05298
1749263816,0.05311000,76198.00000000,0.05298
1749263816,0.05312000,42708.00000000,0.05298
1749263816,0.05313000,62755.00000000,0.05298
1749263816,0.05314000,7444.00000000,0.05298
1749263816,0.05315000,32011.00000000,0.05298
1749263816,0.05316000,3508.00000000,0.05298
1749263816,0.05317000,384951.00000000,0.05298
1749263816,0.05318000,22004.00000000,0.05298
1749263816,0.05320000,7893.00000000,0.05298
1749263816,0.05321000,4925.00000000,0.05298
1749263816,0.05322000,136602.00000000,0.05298
1749263816,0.05324000,4115.00000000,0.05298
1749263816,0.05325000,1892.00000000,0.05298
1749263816,0.05326000,13077.00000000,0.05298
1749263816,0.05327000,27022.00000000,0.05298
1749263816,0.05329000,39414.00000000,0.05298
1749263816,0.05330000,1890.00000000,0.05298
1749263816,0.05331000,7444.00000000,0.05298
1749263816,0.05332000,18080.00000000,0.05298
1749263816,0.05333000,9576.00000000,0.05298
1749263816,0.05334000,1889.00000000,0.05298
1749263816,0.05335000,252508.00000000,0.05298
1749263816,0.05336000,9332.00000000,0.05298
1749263816,0.05337000,693620.00000000,0.05298
1749263816,0.05338000,1887.00000000,0.05298
1749263816,0.05339000,7444.00000000,0.05298
1749263816,0.05340000,7444.00000000,0.05298
1749263816,0.05341000,3743.00000000,0.05298
1749263816,0.05343000,9987.00000000,0.05298
1749263816,0.05345000,3743.00000000,0.05298
1749263816,0.05347000,7539.00000000,0.05298
1749263816,0.05349000,3743.00000000,0.05298
1749263816,0.05350000,7444.00000000,0.05298
1749263816,0.05353000,3743.00000000,0.05298
1749263816,0.05354000,7444.00000000,0.05298
1749263816,0.05357000,11187.00000000,0.05298
1749263816,0.05361000,3743.00000000,0.05298
1749263816,0.05365000,3743.00000000,0.05298
1749263816,0.05366000,41781.00000000,0.05298
1749263816,0.05367000,2263826.00000000,0.05298
1749263816,0.05369000,3743.00000000,0.05298
1749263816,0.05373000,3743.00000000,0.05298
1749263816,0.05377000,3743.00000000,0.05298
1749263816,0.05381000,3743.00000000,0.05298
1749263816,0.05385000,3743.00000000,0.05298
1749263816,0.05387000,761142.00000000,0.05298
1749263816,0.05388000,336913.00000000,0.05298
1749263816,0.05389000,3743.00000000,0.05298
1749263816,0.05391000,103.00000000,0.05298
1749263816,0.05393000,3743.00000000,0.05298
1749263816,0.05396000,95.00000000,0.05298
1749263816,0.05397000,3555.00000000,0.05298
1749263816,0.05401000,3555.00000000,0.05298
1749263816,0.05405000,3555.00000000,0.05298
1749263816,0.05409000,3555.00000000,0.05298
1749263816,0.05413000,3555.00000000,0.05298
1749263816,0.05430000,110.00000000,0.05298
1749263816,0.05433000,94.00000000,0.05298
1749263816,0.05445000,95.00000000,0.05298
1749263816,0.05454000,69686.00000000,0.05298
1749263816,0.05455000,403485.00000000,0.05298
1749263816,0.05457000,94.00000000,0.05298
1749263816,0.05458000,76092.00000000,0.05298
1749263816,0.05460000,140.00000000,0.05298
1749263816,0.05464000,93.00000000,0.05298
1749263816,0.05465000,109.00000000,0.05298
1749263816,0.05470000,109.00000000,0.05298
1749263816,0.05475000,109.00000000,0.05298
1749263816,0.05480000,109.00000000,0.05298
1749263816,0.05485000,109.00000000,0.05298
1749263816,0.05486000,93.00000000,0.05298
1749263816,0.05490000,109.00000000,0.05298
1749263816,0.05494000,95.00000000,0.05298
1749263816,0.05495000,109.00000000,0.05298
1749263816,0.05500000,2637.00000000,0.05298
1749263816,0.05501000,3318.00000000,0.05298
1749263816,0.05510000,108.00000000,0.05298
1749263816,0.05520000,108.00000000,0.05298
1749263816,0.05525000,4667.00000000,0.05298
1749263816,0.05528000,18008.00000000,0.05298
1749263816,0.05530000,108.00000000,0.05298
1749263816,0.05537000,163.00000000,0.05298
1749263816,0.05540000,3059.00000000,0.05298
1749263816,0.05541000,455909.00000000,0.05298
1749263816,0.05544000,95.00000000,0.05298
1749263816,0.05547000,92.00000000,0.05298
1749263816,0.05560000,9216.00000000,0.05298
1749263816,0.05580000,107.00000000,0.05298
1749263816,0.05590000,17608.00000000,0.05298
1749263816,0.05592000,4674.00000000,0.05298
1749263816,0.05593000,37175.00000000,0.05298
1749264118,0.05293000,472.00000000,0.05292
1749264118,0.05295000,445.00000000,0.05292
1749264118,0.05296000,17813.00000000,0.05292
1749264118,0.05297000,25349.00000000,0.05292
1749264118,0.05298000,3069.00000000,0.05292
1749264118,0.05299000,11507.00000000,0.05292
1749264118,0.05300000,32682.00000000,0.05292
1749264118,0.05301000,31452.00000000,0.05292
1749264118,0.05302000,9156.00000000,0.05292
1749264118,0.05303000,447.00000000,0.05292
1749264118,0.05304000,2333.00000000,0.05292
1749264118,0.05305000,42516.00000000,0.05292
1749264118,0.05306000,86884.00000000,0.05292
1749264118,0.05307000,386069.00000000,0.05292
1749264118,0.05308000,3495.00000000,0.05292
1749264118,0.05309000,8376.00000000,0.05292
1749264118,0.05310000,158818.00000000,0.05292
1749264118,0.05311000,136403.00000000,0.05292
1749264118,0.05312000,4005.00000000,0.05292
1749264118,0.05313000,14563.00000000,0.05292
1749264118,0.05314000,7444.00000000,0.05292
1749264118,0.05315000,26050.00000000,0.05292
1749264118,0.05316000,1881.00000000,0.05292
1749264118,0.05317000,2952.00000000,0.05292
1749264118,0.05318000,43935.00000000,0.05292
1749264118,0.05320000,7444.00000000,0.05292
1749264118,0.05321000,4555.00000000,0.05292
1749264118,0.05322000,13079.00000000,0.05292
1749264118,0.05323000,3171.00000000,0.05292
1749264118,0.05324000,46315.00000000,0.05292
1749264118,0.05325000,1892.00000000,0.05292
1749264118,0.05326000,13077.00000000,0.05292
1749264118,0.05327000,252327.00000000,0.05292
1749264118,0.05329000,1889.00000000,0.05292
1749264118,0.05330000,568432.00000000,0.05292
1749264118,0.05331000,7444.00000000,0.05292
1749264118,0.05332000,133372.00000000,0.05292
1749264118,0.05333000,3743.00000000,0.05292
1749264118,0.05335000,7444.00000000,0.05292
1749264118,0.05336000,7444.00000000,0.05292
1749264118,0.05337000,3743.00000000,0.05292
1749264118,0.05339000,7444.00000000,0.05292
1749264118,0.05340000,7444.00000000,0.05292
1749264118,0.05341000,3743.00000000,0.05292
1749264118,0.05343000,9987.00000000,0.05292
1749264118,0.05345000,3743.00000000,0.05292
1749264118,0.05347000,7539.00000000,0.05292
1749264118,0.05349000,3743.00000000,0.05292
1749264118,0.05350000,7444.00000000,0.05292
1749264118,0.05353000,3743.00000000,0.05292
1749264118,0.05354000,7444.00000000,0.05292
1749264118,0.05357000,11187.00000000,0.05292
1749264118,0.05361000,3743.00000000,0.05292
1749264118,0.05365000,3743.00000000,0.05292
1749264118,0.05366000,41781.00000000,0.05292
1749264118,0.05369000,3743.00000000,0.05292
1749264118,0.05373000,3743.00000000,0.05292
1749264118,0.05377000,3743.00000000,0.05292
1749264118,0.05381000,3743.00000000,0.05292
1749264118,0.05385000,3743.00000000,0.05292
1749264118,0.05387000,760780.00000000,0.05292
1749264118,0.05388000,371756.00000000,0.05292
1749264118,0.05389000,3743.00000000,0.05292
1749264118,0.05391000,103.00000000,0.05292
1749264118,0.05393000,3743.00000000,0.05292
1749264118,0.05396000,95.00000000,0.05292
1749264118,0.05397000,3555.00000000,0.05292
1749264118,0.05401000,3555.00000000,0.05292
1749264118,0.05405000,3555.00000000,0.05292
1749264118,0.05409000,3555.00000000,0.05292
1749264118,0.05413000,3555.00000000,0.05292
1749264118,0.05430000,110.00000000,0.05292
1749264118,0.05433000,94.00000000,0.05292
1749264118,0.05445000,95.00000000,0.05292
1749264118,0.05454000,36437.00000000,0.05292
1749264118,0.05455000,403485.00000000,0.05292
1749264118,0.05457000,94.00000000,0.05292
1749264118,0.05458000,76092.00000000,0.05292
1749264118,0.05460000,140.00000000,0.05292
1749264118,0.05464000,93.00000000,0.05292
1749264118,0.05465000,109.00000000,0.05292
1749264118,0.05470000,109.00000000,0.05292
1749264118,0.05475000,109.00000000,0.05292
1749264118,0.05480000,109.00000000,0.05292
1749264118,0.05485000,109.00000000,0.05292
1749264118,0.05486000,93.00000000,0.05292
1749264118,0.05490000,109.00000000,0.05292
1749264118,0.05494000,95.00000000,0.05292
1749264118,0.05495000,109.00000000,0.05292
1749264118,0.05500000,2637.00000000,0.05292
1749264118,0.05501000,3318.00000000,0.05292
1749264118,0.05510000,108.00000000,0.05292
1749264118,0.05520000,108.00000000,0.05292
1749264118,0.05525000,4667.00000000,0.05292
1749264118,0.05528000,18008.00000000,0.05292
1749264118,0.05530000,108.00000000,0.05292
1749264118,0.05537000,163.00000000,0.05292
1749264118,0.05540000,1465.00000000,0.05292
1749264118,0.05541000,455909.00000000,0.05292
1749264118,0.05544000,95.00000000,0.05292
1749264425,0.05291000,340.00000000,0.05291
1749264425,0.05292000,7080.00000000,0.05291
1749264425,0.05293000,454.00000000,0.05291
1749264425,0.05294000,14703.00000000,0.05291
1749264425,0.05295000,25248.00000000,0.05291
1749264425,0.05296000,11641.00000000,0.05291
1749264425,0.05297000,9782.00000000,0.05291
1749264425,0.05298000,37353.00000000,0.05291
1749264425,0.05299000,32110.00000000,0.05291
1749264425,0.05300000,29766.00000000,0.05291
1749264425,0.05301000,10767.00000000,0.05291
1749264425,0.05302000,46589.00000000,0.05291
1749264425,0.05304000,428551.00000000,0.05291
1749264425,0.05305000,3743.00000000,0.05291
1749264425,0.05306000,18381.00000000,0.05291
1749264425,0.05308000,1886.00000000,0.05291
1749264425,0.05309000,7922.00000000,0.05291
1749264425,0.05310000,167754.00000000,0.05291
1749264425,0.05311000,12360.00000000,0.05291
1749264425,0.05313000,5627.00000000,0.05291
1749264425,0.05314000,130892.00000000,0.05291
1749264425,0.05315000,26077.00000000,0.05291
1749264425,0.05316000,1881.00000000,0.05291
1749264425,0.05317000,2952.00000000,0.05291
1749264425,0.05318000,13068.00000000,0.05291
1749264425,0.05320000,7444.00000000,0.05291
1749264425,0.05321000,4555.00000000,0.05291
1749264425,0.05322000,50654.00000000,0.05291
1749264425,0.05323000,3171.00000000,0.05291
1749264425,0.05324000,8751.00000000,0.05291
1749264425,0.05325000,569173.00000000,0.05291
1749264425,0.05326000,13077.00000000,0.05291
1749264425,0.05327000,252327.00000000,0.05291
1749264425,0.05329000,1889.00000000,0.05291
1749264425,0.05330000,1890.00000000,0.05291
1749264425,0.05331000,7444.00000000,0.05291
1749264425,0.05332000,131487.00000000,0.05291
1749264425,0.05333000,3743.00000000,0.05291
1749264425,0.05335000,7444.00000000,0.05291
1749264425,0.05336000,7444.00000000,0.05291
1749264425,0.05337000,3743.00000000,0.05291
1749264425,0.05339000,7444.00000000,0.05291
1749264425,0.05340000,7444.00000000,0.05291
1749264425,0.05341000,3743.00000000,0.05291
1749264425,0.05343000,9987.00000000,0.05291
1749264425,0.05345000,3743.00000000,0.05291
1749264425,0.05347000,7539.00000000,0.05291
1749264425,0.05349000,3743.00000000,0.05291
1749264425,0.05350000,7444.00000000,0.05291
1749264425,0.05352000,42320.00000000,0.05291
1749264425,0.05353000,3743.00000000,0.05291
1749264425,0.05354000,7444.00000000,0.05291
1749264425,0.05357000,11187.00000000,0.05291
1749264425,0.05361000,3743.00000000,0.05291
1749264425,0.05365000,3743.00000000,0.05291
1749264425,0.05369000,3743.00000000,0.05291
1749264425,0.05373000,3743.00000000,0.05291
1749264425,0.05377000,3743.00000000,0.05291
1749264425,0.05381000,3743.00000000,0.05291
1749264425,0.05385000,3743.00000000,0.05291
1749264425,0.05386000,759682.00000000,0.05291
1749264425,0.05387000,34843.00000000,0.05291
1749264425,0.05388000,336913.00000000,0.05291
1749264425,0.05389000,3743.00000000,0.05291
1749264425,0.05391000,103.00000000,0.05291
1749264425,0.05393000,3743.00000000,0.05291
1749264425,0.05396000,95.00000000,0.05291
1749264425,0.05397000,3555.00000000,0.05291
1749264425,0.05401000,3555.00000000,0.05291
1749264425,0.05405000,3555.00000000,0.05291
1749264425,0.05409000,3555.00000000,0.05291
1749264425,0.05413000,3555.00000000,0.05291
1749264425,0.05427000,34843.00000000,0.05291
1749264425,0.05428000,75645.00000000,0.05291
1749264425,0.05430000,110.00000000,0.05291
1749264425,0.05433000,94.00000000,0.05291
1749264425,0.05445000,95.00000000,0.05291
1749264425,0.05454000,1307.00000000,0.05291
1749264425,0.05455000,403485.00000000,0.05291
1749264425,0.05457000,94.00000000,0.05291
1749264425,0.05460000,140.00000000,0.05291
1749264425,0.05464000,93.00000000,0.05291
1749264425,0.05465000,109.00000000,0.05291
1749264425,0.05470000,109.00000000,0.05291
1749264425,0.05475000,109.00000000,0.05291
1749264425,0.05480000,109.00000000,0.05291
1749264425,0.05485000,109.00000000,0.05291
1749264425,0.05486000,93.00000000,0.05291
1749264425,0.05490000,109.00000000,0.05291
1749264425,0.05494000,95.00000000,0.05291
1749264425,0.05495000,109.00000000,0.05291
1749264425,0.05500000,2637.00000000,0.05291
1749264425,0.05501000,3318.00000000,0.05291
1749264425,0.05506000,35920.00000000,0.05291
1749264425,0.05510000,108.00000000,0.05291
1749264425,0.05514000,17915.00000000,0.05291
1749264425,0.05520000,108.00000000,0.05291
1749264425,0.05525000,4667.00000000,0.05291
1749264425,0.05528000,93.00000000,0.05291
1749264425,0.05530000,108.00000000,0.05291
1749264726,0.05292000,194.00000000,0.0529
1749264726,0.05293000,4215.00000000,0.0529
1749264726,0.05294000,21146.00000000,0.0529
1749264726,0.05295000,21741.00000000,0.0529
1749264726,0.05296000,5988.00000000,0.0529
1749264726,0.05297000,32692.00000000,0.0529
1749264726,0.05298000,12135.00000000,0.0529
1749264726,0.05299000,5662.00000000,0.0529
1749264726,0.05300000,388113.00000000,0.0529
1749264726,0.05301000,45112.00000000,0.0529
1749264726,0.05302000,75002.00000000,0.0529
1749264726,0.05303000,46785.00000000,0.0529
1749264726,0.05304000,44687.00000000,0.0529
1749264726,0.05305000,3743.00000000,0.0529
1749264726,0.05306000,16774.00000000,0.0529
1749264726,0.05307000,2060.00000000,0.0529
1749264726,0.05308000,1886.00000000,0.0529
1749264726,0.05309000,7922.00000000,0.0529
1749264726,0.05310000,285126.00000000,0.0529
1749264726,0.05311000,17739.00000000,0.0529
1749264726,0.05313000,5627.00000000,0.0529
1749264726,0.05314000,7444.00000000,0.0529
1749264726,0.05315000,25993.00000000,0.0529
1749264726,0.05316000,1881.00000000,0.0529
1749264726,0.05317000,2952.00000000,0.0529
1749264726,0.05318000,13068.00000000,0.0529
1749264726,0.05319000,3171.00000000,0.0529
1749264726,0.05320000,45032.00000000,0.0529
1749264726,0.05321000,4555.00000000,0.0529
1749264726,0.05322000,580317.00000000,0.0529
1749264726,0.05325000,10643.00000000,0.0529
1749264726,0.05326000,13077.00000000,0.0529
1749264726,0.05327000,252327.00000000,0.0529
1749264726,0.05329000,1889.00000000,0.0529
1749264726,0.05330000,1890.00000000,0.0529
1749264726,0.05331000,130340.00000000,0.0529
1749264726,0.05332000,7444.00000000,0.0529
1749264726,0.05333000,3743.00000000,0.0529
1749264726,0.05335000,7444.00000000,0.0529
1749264726,0.05336000,7444.00000000,0.0529
1749264726,0.05337000,3743.00000000,0.0529
1749264726,0.05339000,7444.00000000,0.0529
1749264726,0.05340000,7444.00000000,0.0529
1749264726,0.05341000,3743.00000000,0.0529
1749264726,0.05343000,9987.00000000,0.0529
1749264726,0.05345000,3743.00000000,0.0529
1749264726,0.05347000,7539.00000000,0.0529
1749264726,0.05349000,3743.00000000,0.0529
1749264726,0.05350000,7444.00000000,0.0529
1749264726,0.05352000,42320.00000000,0.0529
1749264726,0.05353000,3743.00000000,0.0529
1749264726,0.05354000,7444.00000000,0.0529
1749264726,0.05357000,11187.00000000,0.0529
1749264726,0.05361000,3743.00000000,0.0529
1749264726,0.05365000,3743.00000000,0.0529
1749264726,0.05369000,3743.00000000,0.0529
1749264726,0.05373000,3743.00000000,0.0529
1749264726,0.05377000,3743.00000000,0.0529
1749264726,0.05381000,3743.00000000,0.0529
1749264726,0.05385000,3743.00000000,0.0529
1749264726,0.05386000,759682.00000000,0.0529
1749264726,0.05387000,34843.00000000,0.0529
1749264726,0.05388000,336913.00000000,0.0529
1749264726,0.05389000,3743.00000000,0.0529
1749264726,0.05391000,103.00000000,0.0529
1749264726,0.05393000,3743.00000000,0.0529
1749264726,0.05396000,95.00000000,0.0529
1749264726,0.05397000,3555.00000000,0.0529
1749264726,0.05401000,3555.00000000,0.0529
1749264726,0.05405000,3555.00000000,0.0529
1749264726,0.05409000,3555.00000000,0.0529
1749264726,0.05413000,3555.00000000,0.0529
1749264726,0.05427000,34843.00000000,0.0529
1749264726,0.05428000,75645.00000000,0.0529
1749264726,0.05433000,94.00000000,0.0529
1749264726,0.05445000,95.00000000,0.0529
1749264726,0.05454000,1307.00000000,0.0529
1749264726,0.05455000,403485.00000000,0.0529
1749264726,0.05457000,94.00000000,0.0529
1749264726,0.05460000,140.00000000,0.0529
1749264726,0.05464000,93.00000000,0.0529
1749264726,0.05465000,109.00000000,0.0529
1749264726,0.05470000,109.00000000,0.0529
1749264726,0.05475000,109.00000000,0.0529
1749264726,0.05480000,109.00000000,0.0529
1749264726,0.05485000,109.00000000,0.0529
1749264726,0.05486000,93.00000000,0.0529
1749264726,0.05490000,109.00000000,0.0529
1749264726,0.05494000,95.00000000,0.0529
1749264726,0.05495000,109.00000000,0.0529
1749264726,0.05500000,2637.00000000,0.0529
1749264726,0.05501000,3318.00000000,0.0529
1749264726,0.05506000,35920.00000000,0.0529
1749264726,0.05510000,108.00000000,0.0529
1749264726,0.05514000,17915.00000000,0.0529
1749264726,0.05520000,108.00000000,0.0529
1749264726,0.05525000,4667.00000000,0.0529
1749264726,0.05528000,93.00000000,0.0529
1749264726,0.05530000,108.00000000,0.0529
1749264726,0.05540000,1752.00000000,0.0529
1749265028,0.05324000,568.00000000,0.05324
1749265028,0.05325000,478.00000000,0.05324
1749265028,0.05326000,8273.00000000,0.05324
1749265028,0.05327000,947.00000000,0.05324
1749265028,0.05328000,27759.00000000,0.05324
1749265028,0.05329000,48085.00000000,0.05324
1749265028,0.05330000,2356.00000000,0.05324
1749265028,0.05331000,19783.00000000,0.05324
1749265028,0.05332000,35375.00000000,0.05324
1749265028,0.05333000,60798.00000000,0.05324
1749265028,0.05334000,60177.00000000,0.05324
1749265028,0.05335000,7444.00000000,0.05324
1749265028,0.05336000,10476.00000000,0.05324
1749265028,0.05337000,41527.00000000,0.05324
1749265028,0.05338000,5893.00000000,0.05324
1749265028,0.05339000,15026.00000000,0.05324
1749265028,0.05340000,10396.00000000,0.05324
1749265028,0.05341000,398435.00000000,0.05324
1749265028,0.05342000,1883.00000000,0.05324
1749265028,0.05343000,7444.00000000,0.05324
1749265028,0.05344000,125081.00000000,0.05324
1749265028,0.05345000,3743.00000000,0.05324
1749265028,0.05346000,7178.00000000,0.05324
1749265028,0.05347000,7539.00000000,0.05324
1749265028,0.05348000,18463.00000000,0.05324
1749265028,0.05349000,3743.00000000,0.05324
1749265028,0.05350000,7444.00000000,0.05324
1749265028,0.05351000,1880.00000000,0.05324
1749265028,0.05353000,42981.00000000,0.05324
1749265028,0.05354000,262291.00000000,0.05324
1749265028,0.05355000,1880.00000000,0.05324
1749265028,0.05356000,1880.00000000,0.05324
1749265028,0.05357000,17020.00000000,0.05324
1749265028,0.05358000,1881.00000000,0.05324
1749265028,0.05360000,1881.00000000,0.05324
1749265028,0.05361000,574398.00000000,0.05324
1749265028,0.05362000,2543.00000000,0.05324
1749265028,0.05363000,1880.00000000,0.05324
1749265028,0.05364000,7444.00000000,0.05324
1749265028,0.05365000,3743.00000000,0.05324
1749265028,0.05367000,7444.00000000,0.05324
1749265028,0.05369000,126940.00000000,0.05324
1749265028,0.05371000,7444.00000000,0.05324
1749265028,0.05373000,3743.00000000,0.05324
1749265028,0.05374000,7444.00000000,0.05324
1749265028,0.05377000,3743.00000000,0.05324
1749265028,0.05378000,7444.00000000,0.05324
1749265028,0.05381000,11187.00000000,0.05324
1749265028,0.05385000,45077.00000000,0.05324
1749265028,0.05389000,3743.00000000,0.05324
1749265028,0.05391000,103.00000000,0.05324
1749265028,0.05393000,3743.00000000,0.05324
1749265028,0.05394000,2254310.00000000,0.05324
1749265028,0.05396000,95.00000000,0.05324
1749265028,0.05397000,3555.00000000,0.05324
1749265028,0.05401000,3555.00000000,0.05324
1749265028,0.05405000,3555.00000000,0.05324
1749265028,0.05406000,335791.00000000,0.05324
1749265028,0.05409000,3555.00000000,0.05324
1749265028,0.05413000,3555.00000000,0.05324
1749265028,0.05421000,758134.00000000,0.05324
1749265028,0.05433000,94.00000000,0.05324
1749265028,0.05445000,95.00000000,0.05324
1749265028,0.05454000,1307.00000000,0.05324
1749265028,0.05457000,94.00000000,0.05324
1749265028,0.05458000,69686.00000000,0.05324
1749265028,0.05459000,76912.00000000,0.05324
1749265028,0.05460000,140.00000000,0.05324
1749265028,0.05464000,93.00000000,0.05324
1749265028,0.05465000,109.00000000,0.05324
1749265028,0.05470000,109.00000000,0.05324
1749265028,0.05475000,109.00000000,0.05324
1749265028,0.05477000,401864.00000000,0.05324
1749265028,0.05480000,109.00000000,0.05324
1749265028,0.05485000,109.00000000,0.05324
1749265028,0.05486000,93.00000000,0.05324
1749265028,0.05490000,109.00000000,0.05324
1749265028,0.05494000,95.00000000,0.05324
1749265028,0.05495000,109.00000000,0.05324
1749265028,0.05500000,2637.00000000,0.05324
1749265028,0.05501000,3318.00000000,0.05324
1749265028,0.05506000,35920.00000000,0.05324
1749265028,0.05510000,108.00000000,0.05324
1749265028,0.05520000,108.00000000,0.05324
1749265028,0.05528000,93.00000000,0.05324
1749265028,0.05530000,108.00000000,0.05324
1749265028,0.05540000,1752.00000000,0.05324
1749265028,0.05544000,95.00000000,0.05324
1749265028,0.05545000,17915.00000000,0.05324
1749265028,0.05547000,92.00000000,0.05324
1749265028,0.05556000,4667.00000000,0.05324
1749265028,0.05560000,9216.00000000,0.05324
1749265028,0.05567000,453779.00000000,0.05324
1749265028,0.05580000,107.00000000,0.05324
1749265028,0.05594000,95.00000000,0.05324
1749265028,0.05597000,10804.00000000,0.05324
1749265028,0.05607000,22282.00000000,0.05324
1749265028,0.05612000,91.00000000,0.05324
1749265028,0.05634000,274.00000000,0.05324
1749265028,0.05640000,106.00000000,0.05324
1749265330,0.05302000,471.00000000,0.05299
1749265330,0.05303000,8332.00000000,0.05299
1749265330,0.05304000,500.00000000,0.05299
1749265330,0.05305000,20258.00000000,0.05299
1749265330,0.05306000,8336.00000000,0.05299
1749265330,0.05307000,26496.00000000,0.05299
1749265330,0.05308000,6299.00000000,0.05299
1749265330,0.05309000,13574.00000000,0.05299
1749265330,0.05310000,19455.00000000,0.05299
1749265330,0.05311000,35630.00000000,0.05299
1749265330,0.05312000,12148.00000000,0.05299
1749265330,0.05313000,53193.00000000,0.05299
1749265330,0.05314000,14315.00000000,0.05299
1749265330,0.05315000,14661.00000000,0.05299
1749265330,0.05316000,396527.00000000,0.05299
1749265330,0.05317000,3511.00000000,0.05299
1749265330,0.05318000,9836.00000000,0.05299
1749265330,0.05319000,132503.00000000,0.05299
1749265330,0.05320000,13067.00000000,0.05299
1749265330,0.05322000,13328.00000000,0.05299
1749265330,0.05323000,16594.00000000,0.05299
1749265330,0.05324000,13502.00000000,0.05299
1749265330,0.05325000,8076.00000000,0.05299
1749265330,0.05326000,3032.00000000,0.05299
1749265330,0.05327000,9322.00000000,0.05299
1749265330,0.05328000,9321.00000000,0.05299
1749265330,0.05329000,3743.00000000,0.05299
1749265330,0.05330000,45011.00000000,0.05299
1749265330,0.05331000,10615.00000000,0.05299
1749265330,0.05332000,584040.00000000,0.05299
1749265330,0.05333000,3743.00000000,0.05299
1749265330,0.05334000,1889.00000000,0.05299
1749265330,0.05335000,7444.00000000,0.05299
1749265330,0.05336000,7444.00000000,0.05299
1749265330,0.05337000,250172.00000000,0.05299
1749265330,0.05338000,1888.00000000,0.05299
1749265330,0.05339000,7444.00000000,0.05299
1749265330,0.05340000,7444.00000000,0.05299
1749265330,0.05341000,5627.00000000,0.05299
1749265330,0.05342000,1883.00000000,0.05299
1749265330,0.05343000,7444.00000000,0.05299
1749265330,0.05344000,1884.00000000,0.05299
1749265330,0.05345000,3743.00000000,0.05299
1749265330,0.05347000,131089.00000000,0.05299
1749265330,0.05349000,3743.00000000,0.05299
1749265330,0.05350000,7444.00000000,0.05299
1749265330,0.05353000,3743.00000000,0.05299
1749265330,0.05354000,7444.00000000,0.05299
1749265330,0.05357000,11187.00000000,0.05299
1749265330,0.05361000,2274680.00000000,0.05299
1749265330,0.05362000,2543.00000000,0.05299
1749265330,0.05364000,7444.00000000,0.05299
1749265330,0.05365000,3743.00000000,0.05299
1749265330,0.05367000,7444.00000000,0.05299
1749265330,0.05369000,3743.00000000,0.05299
1749265330,0.05371000,48682.00000000,0.05299
1749265330,0.05373000,3743.00000000,0.05299
1749265330,0.05374000,7444.00000000,0.05299
1749265330,0.05377000,3743.00000000,0.05299
1749265330,0.05378000,7444.00000000,0.05299
1749265330,0.05381000,11187.00000000,0.05299
1749265330,0.05385000,3743.00000000,0.05299
1749265330,0.05389000,3743.00000000,0.05299
1749265330,0.05391000,103.00000000,0.05299
1749265330,0.05393000,3743.00000000,0.05299
1749265330,0.05396000,95.00000000,0.05299
1749265330,0.05397000,798704.00000000,0.05299
1749265330,0.05401000,3555.00000000,0.05299
1749265330,0.05405000,3555.00000000,0.05299
1749265330,0.05406000,335791.00000000,0.05299
1749265330,0.05409000,3555.00000000,0.05299
1749265330,0.05413000,3555.00000000,0.05299
1749265330,0.05433000,94.00000000,0.05299
1749265330,0.05445000,95.00000000,0.05299
1749265330,0.05456000,37175.00000000,0.05299
1749265330,0.05457000,94.00000000,0.05299
1749265330,0.05458000,34843.00000000,0.05299
1749265330,0.05459000,76912.00000000,0.05299
1749265330,0.05460000,140.00000000,0.05299
1749265330,0.05464000,93.00000000,0.05299
1749265330,0.05465000,109.00000000,0.05299
1749265330,0.05470000,109.00000000,0.05299
1749265330,0.05475000,109.00000000,0.05299
1749265330,0.05476000,21591.00000000,0.05299
1749265330,0.05477000,401864.00000000,0.05299
1749265330,0.05480000,109.00000000,0.05299
1749265330,0.05485000,109.00000000,0.05299
1749265330,0.05486000,93.00000000,0.05299
1749265330,0.05490000,109.00000000,0.05299
1749265330,0.05494000,95.00000000,0.05299
1749265330,0.05495000,109.00000000,0.05299
1749265330,0.05500000,2637.00000000,0.05299
1749265330,0.05501000,3318.00000000,0.05299
1749265330,0.05510000,108.00000000,0.05299
1749265330,0.05520000,108.00000000,0.05299
1749265330,0.05528000,93.00000000,0.05299
1749265330,0.05529000,17915.00000000,0.05299
1749265330,0.05530000,108.00000000,0.05299
1749265330,0.05540000,4825.00000000,0.05299
1749265330,0.05544000,95.00000000,0.05299
1749265631,0.05303000,471.00000000,0.05301
1749265631,0.05304000,5007.00000000,0.05301
1749265631,0.05305000,15810.00000000,0.05301
1749265631,0.05306000,27199.00000000,0.05301
1749265631,0.05307000,7955.00000000,0.05301
1749265631,0.05308000,36690.00000000,0.05301
1749265631,0.05309000,3323.00000000,0.05301
1749265631,0.05310000,7444.00000000,0.05301
1749265631,0.05311000,23209.00000000,0.05301
1749265631,0.05312000,48631.00000000,0.05301
1749265631,0.05313000,55891.00000000,0.05301
1749265631,0.05314000,46332.00000000,0.05301
1749265631,0.05315000,1883.00000000,0.05301
1749265631,0.05316000,11187.00000000,0.05301
1749265631,0.05317000,3508.00000000,0.05301
1749265631,0.05318000,393772.00000000,0.05301
1749265631,0.05320000,17246.00000000,0.05301
1749265631,0.05321000,33508.00000000,0.05301
1749265631,0.05322000,132838.00000000,0.05301
1749265631,0.05324000,26215.00000000,0.05301
1749265631,0.05325000,16684.00000000,0.05301
1749265631,0.05326000,3032.00000000,0.05301
1749265631,0.05327000,13307.00000000,0.05301
1749265631,0.05328000,9321.00000000,0.05301
1749265631,0.05329000,3743.00000000,0.05301
1749265631,0.05330000,7491.00000000,0.05301
1749265631,0.05331000,7444.00000000,0.05301
1749265631,0.05332000,9330.00000000,0.05301
1749265631,0.05333000,44412.00000000,0.05301
1749265631,0.05334000,1889.00000000,0.05301
1749265631,0.05335000,573206.00000000,0.05301
1749265631,0.05336000,7444.00000000,0.05301
1749265631,0.05337000,5629.00000000,0.05301
1749265631,0.05338000,258786.00000000,0.05301
1749265631,0.05339000,7444.00000000,0.05301
1749265631,0.05340000,130959.00000000,0.05301
1749265631,0.05341000,3743.00000000,0.05301
1749265631,0.05343000,7444.00000000,0.05301
1749265631,0.05345000,3743.00000000,0.05301
1749265631,0.05347000,7539.00000000,0.05301
1749265631,0.05349000,3743.00000000,0.05301
1749265631,0.05350000,7444.00000000,0.05301
1749265631,0.05353000,3743.00000000,0.05301
1749265631,0.05354000,7444.00000000,0.05301
1749265631,0.05357000,11187.00000000,0.05301
1749265631,0.05361000,11187.00000000,0.05301
1749265631,0.05362000,2543.00000000,0.05301
1749265631,0.05364000,7444.00000000,0.05301
1749265631,0.05365000,2265369.00000000,0.05301
1749265631,0.05367000,7444.00000000,0.05301
1749265631,0.05369000,3743.00000000,0.05301
1749265631,0.05371000,48682.00000000,0.05301
1749265631,0.05373000,3743.00000000,0.05301
1749265631,0.05377000,3743.00000000,0.05301
1749265631,0.05381000,3743.00000000,0.05301
1749265631,0.05385000,3743.00000000,0.05301
1749265631,0.05389000,3743.00000000,0.05301
1749265631,0.05391000,103.00000000,0.05301
1749265631,0.05393000,3743.00000000,0.05301
1749265631,0.05396000,95.00000000,0.05301
1749265631,0.05397000,1100960.00000000,0.05301
1749265631,0.05401000,3555.00000000,0.05301
1749265631,0.05405000,3555.00000000,0.05301
1749265631,0.05409000,3555.00000000,0.05301
1749265631,0.05413000,3555.00000000,0.05301
1749265631,0.05433000,94.00000000,0.05301
1749265631,0.05445000,95.00000000,0.05301
1749265631,0.05449000,72587.00000000,0.05301
1749265631,0.05450000,403855.00000000,0.05301
1749265631,0.05456000,37175.00000000,0.05301
1749265631,0.05457000,94.00000000,0.05301
1749265631,0.05459000,76912.00000000,0.05301
1749265631,0.05460000,140.00000000,0.05301
1749265631,0.05464000,93.00000000,0.05301
1749265631,0.05465000,109.00000000,0.05301
1749265631,0.05470000,109.00000000,0.05301
1749265631,0.05475000,109.00000000,0.05301
1749265631,0.05476000,18690.00000000,0.05301
1749265631,0.05480000,109.00000000,0.05301
1749265631,0.05485000,109.00000000,0.05301
1749265631,0.05486000,93.00000000,0.05301
1749265631,0.05490000,109.00000000,0.05301
1749265631,0.05494000,95.00000000,0.05301
1749265631,0.05495000,109.00000000,0.05301
1749265631,0.05500000,2637.00000000,0.05301
1749265631,0.05501000,3318.00000000,0.05301
1749265631,0.05510000,108.00000000,0.05301
1749265631,0.05520000,108.00000000,0.05301
1749265631,0.05528000,93.00000000,0.05301
1749265631,0.05529000,17915.00000000,0.05301
1749265631,0.05530000,108.00000000,0.05301
1749265631,0.05538000,456156.00000000,0.05301
1749265631,0.05540000,4825.00000000,0.05301
1749265631,0.05544000,95.00000000,0.05301
1749265631,0.05547000,92.00000000,0.05301
1749265631,0.05560000,9216.00000000,0.05301
1749265631,0.05580000,107.00000000,0.05301
1749265631,0.05592000,17608.00000000,0.05301
1749265631,0.05594000,95.00000000,0.05301
1749265631,0.05597000,10804.00000000,0.05301
1749265933,0.05319000,470.00000000,0.05317
1749265933,0.05321000,523.00000000,0.05317
1749265933,0.05322000,26288.00000000,0.05317
1749265933,0.05323000,7418.00000000,0.05317
1749265933,0.05324000,2612.00000000,0.05317
1749265933,0.05325000,9312.00000000,0.05317
1749265933,0.05326000,7520.00000000,0.05317
1749265933,0.05327000,9322.00000000,0.05317
1749265933,0.05328000,146042.00000000,0.05317
1749265933,0.05329000,9151.00000000,0.05317
1749265933,0.05330000,1877.00000000,0.05317
1749265933,0.05331000,410547.00000000,0.05317
1749265933,0.05332000,13509.00000000,0.05317
1749265933,0.05333000,26887.00000000,0.05317
1749265933,0.05334000,1889.00000000,0.05317
1749265933,0.05335000,14617.00000000,0.05317
1749265933,0.05336000,16380.00000000,0.05317
1749265933,0.05337000,132530.00000000,0.05317
1749265933,0.05338000,1888.00000000,0.05317
1749265933,0.05339000,7444.00000000,0.05317
1749265933,0.05340000,10396.00000000,0.05317
1749265933,0.05341000,5628.00000000,0.05317
1749265933,0.05342000,16653.00000000,0.05317
1749265933,0.05343000,9328.00000000,0.05317
1749265933,0.05344000,41963.00000000,0.05317
1749265933,0.05345000,3743.00000000,0.05317
1749265933,0.05346000,5054.00000000,0.05317
1749265933,0.05347000,825912.00000000,0.05317
1749265933,0.05348000,1883.00000000,0.05317
1749265933,0.05349000,3743.00000000,0.05317
1749265933,0.05350000,9328.00000000,0.05317
1749265933,0.05353000,3743.00000000,0.05317
1749265933,0.05354000,7444.00000000,0.05317
1749265933,0.05357000,11187.00000000,0.05317
1749265933,0.05361000,135056.00000000,0.05317
1749265933,0.05362000,2543.00000000,0.05317
1749265933,0.05364000,7444.00000000,0.05317
1749265933,0.05365000,3743.00000000,0.05317
1749265933,0.05367000,7444.00000000,0.05317
1749265933,0.05369000,3743.00000000,0.05317
1749265933,0.05371000,7444.00000000,0.05317
1749265933,0.05373000,3743.00000000,0.05317
1749265933,0.05377000,3743.00000000,0.05317
1749265933,0.05381000,3743.00000000,0.05317
1749265933,0.05383000,2257725.00000000,0.05317
1749265933,0.05385000,3743.00000000,0.05317
1749265933,0.05386000,42357.00000000,0.05317
1749265933,0.05389000,3743.00000000,0.05317
1749265933,0.05391000,103.00000000,0.05317
1749265933,0.05393000,3743.00000000,0.05317
1749265933,0.05396000,95.00000000,0.05317
1749265933,0.05397000,339906.00000000,0.05317
1749265933,0.05401000,3555.00000000,0.05317
1749265933,0.05405000,3555.00000000,0.05317
1749265933,0.05409000,765829.00000000,0.05317
1749265933,0.05413000,3555.00000000,0.05317
1749265933,0.05433000,94.00000000,0.05317
1749265933,0.05445000,95.00000000,0.05317
1749265933,0.05456000,37175.00000000,0.05317
1749265933,0.05457000,94.00000000,0.05317
1749265933,0.05458000,69686.00000000,0.05317
1749265933,0.05459000,76912.00000000,0.05317
1749265933,0.05460000,140.00000000,0.05317
1749265933,0.05464000,93.00000000,0.05317
1749265933,0.05465000,109.00000000,0.05317
1749265933,0.05470000,109.00000000,0.05317
1749265933,0.05471000,2901.00000000,0.05317
1749265933,0.05472000,402231.00000000,0.05317
1749265933,0.05475000,109.00000000,0.05317
1749265933,0.05480000,109.00000000,0.05317
1749265933,0.05485000,109.00000000,0.05317
1749265933,0.05486000,93.00000000,0.05317
1749265933,0.05490000,18799.00000000,0.05317
1749265933,0.05494000,95.00000000,0.05317
1749265933,0.05495000,109.00000000,0.05317
1749265933,0.05500000,2637.00000000,0.05317
1749265933,0.05501000,3318.00000000,0.05317
1749265933,0.05510000,108.00000000,0.05317
1749265933,0.05520000,108.00000000,0.05317
1749265933,0.05528000,93.00000000,0.05317
1749265933,0.05530000,108.00000000,0.05317
1749265933,0.05538000,456156.00000000,0.05317
1749265933,0.05540000,4825.00000000,0.05317
1749265933,0.05544000,18010.00000000,0.05317
1749265933,0.05547000,92.00000000,0.05317
1749265933,0.05560000,9216.00000000,0.05317
1749265933,0.05580000,107.00000000,0.05317
1749265933,0.05594000,95.00000000,0.05317
1749265933,0.05597000,10804.00000000,0.05317
1749265933,0.05607000,22282.00000000,0.05317
1749265933,0.05612000,91.00000000,0.05317
1749265933,0.05634000,274.00000000,0.05317
1749265933,0.05640000,106.00000000,0.05317
1749265933,0.05645000,95.00000000,0.05317
1749265933,0.05670000,261.00000000,0.05317
1749265933,0.05675000,87559.00000000,0.05317
1749265933,0.05690000,105.00000000,0.05317
1749265933,0.05696000,95.00000000,0.05317
1749265933,0.05700000,1311.00000000,0.05317
1749265933,0.05708000,88.00000000,0.05317
1749266235,0.05336000,468.00000000,0.05335
1749266235,0.05337000,7819.00000000,0.05335
1749266235,0.05338000,9687.00000000,0.05335
1749266235,0.05339000,31670.00000000,0.05335
1749266235,0.05340000,7928.00000000,0.05335
1749266235,0.05341000,37392.00000000,0.05335
1749266235,0.05342000,36814.00000000,0.05335
1749266235,0.05343000,19573.00000000,0.05335
1749266235,0.05344000,8066.00000000,0.05335
1749266235,0.05345000,4333.00000000,0.05335
1749266235,0.05346000,50102.00000000,0.05335
1749266235,0.05348000,2388.00000000,0.05335
1749266235,0.05349000,9235.00000000,0.05335
1749266235,0.05350000,16772.00000000,0.05335
1749266235,0.05351000,1697.00000000,0.05335
1749266235,0.05352000,531.00000000,0.05335
1749266235,0.05353000,6151.00000000,0.05335
1749266235,0.05354000,7975.00000000,0.05335
1749266235,0.05355000,2399.00000000,0.05335
1749266235,0.05356000,1876.00000000,0.05335
1749266235,0.05357000,392727.00000000,0.05335
1749266235,0.05358000,1877.00000000,0.05335
1749266235,0.05359000,126716.00000000,0.05335
1749266235,0.05360000,23018.00000000,0.05335
1749266235,0.05361000,15312.00000000,0.05335
1749266235,0.05363000,4830.00000000,0.05335
1749266235,0.05364000,55352.00000000,0.05335
1749266235,0.05365000,3743.00000000,0.05335
1749266235,0.05367000,9320.00000000,0.05335
1749266235,0.05369000,5620.00000000,0.05335
1749266235,0.05370000,2662.00000000,0.05335
1749266235,0.05371000,9315.00000000,0.05335
1749266235,0.05372000,3171.00000000,0.05335
1749266235,0.05373000,5618.00000000,0.05335
1749266235,0.05374000,7444.00000000,0.05335
1749266235,0.05375000,1875.00000000,0.05335
1749266235,0.05376000,244746.00000000,0.05335
1749266235,0.05377000,566980.00000000,0.05335
1749266235,0.05378000,7444.00000000,0.05335
1749266235,0.05380000,1873.00000000,0.05335
1749266235,0.05381000,11187.00000000,0.05335
1749266235,0.05384000,1871.00000000,0.05335
1749266235,0.05385000,135046.00000000,0.05335
1749266235,0.05386000,2543.00000000,0.05335
1749266235,0.05388000,7444.00000000,0.05335
1749266235,0.05389000,3743.00000000,0.05335
1749266235,0.05391000,103.00000000,0.05335
1749266235,0.05392000,7444.00000000,0.05335
1749266235,0.05393000,3743.00000000,0.05335
1749266235,0.05395000,7444.00000000,0.05335
1749266235,0.05396000,7539.00000000,0.05335
1749266235,0.05397000,3555.00000000,0.05335
1749266235,0.05401000,3555.00000000,0.05335
1749266235,0.05402000,7444.00000000,0.05335
1749266235,0.05403000,7444.00000000,0.05335
1749266235,0.05404000,2245697.00000000,0.05335
1749266235,0.05405000,3555.00000000,0.05335
1749266235,0.05406000,7444.00000000,0.05335
1749266235,0.05409000,3555.00000000,0.05335
1749266235,0.05413000,3555.00000000,0.05335
1749266235,0.05416000,41768.00000000,0.05335
1749266235,0.05431000,334245.00000000,0.05335
1749266235,0.05433000,94.00000000,0.05335
1749266235,0.05435000,762210.00000000,0.05335
1749266235,0.05445000,95.00000000,0.05335
1749266235,0.05457000,94.00000000,0.05335
1749266235,0.05460000,140.00000000,0.05335
1749266235,0.05464000,93.00000000,0.05335
1749266235,0.05465000,109.00000000,0.05335
1749266235,0.05470000,109.00000000,0.05335
1749266235,0.05471000,2901.00000000,0.05335
1749266235,0.05475000,109.00000000,0.05335
1749266235,0.05480000,109.00000000,0.05335
1749266235,0.05485000,109.00000000,0.05335
1749266235,0.05486000,93.00000000,0.05335
1749266235,0.05489000,69686.00000000,0.05335
1749266235,0.05490000,76460.00000000,0.05335
1749266235,0.05494000,95.00000000,0.05335
1749266235,0.05495000,109.00000000,0.05335
1749266235,0.05496000,400475.00000000,0.05335
1749266235,0.05500000,2637.00000000,0.05335
1749266235,0.05501000,3318.00000000,0.05335
1749266235,0.05510000,108.00000000,0.05335
1749266235,0.05518000,18690.00000000,0.05335
1749266235,0.05520000,108.00000000,0.05335
1749266235,0.05528000,93.00000000,0.05335
1749266235,0.05530000,108.00000000,0.05335
1749266235,0.05540000,158.00000000,0.05335
1749266235,0.05544000,95.00000000,0.05335
1749266235,0.05547000,92.00000000,0.05335
1749266235,0.05560000,9216.00000000,0.05335
1749266235,0.05571000,4667.00000000,0.05335
1749266235,0.05574000,17915.00000000,0.05335
1749266235,0.05580000,107.00000000,0.05335
1749266235,0.05590000,451912.00000000,0.05335
1749266235,0.05594000,95.00000000,0.05335
1749266235,0.05597000,10804.00000000,0.05335
1749266235,0.05604000,32268.00000000,0.05335
1749266235,0.05612000,91.00000000,0.05335
1749266235,0.05622000,17608.00000000,0.05335
1749266536,0.05316000,1977.00000000,0.05317
1749266536,0.05317000,23406.00000000,0.05317
1749266536,0.05318000,536.00000000,0.05317
1749266536,0.05319000,13533.00000000,0.05317
1749266536,0.05320000,7931.00000000,0.05317
1749266536,0.05321000,16694.00000000,0.05317
1749266536,0.05322000,2414.00000000,0.05317
1749266536,0.05323000,33313.00000000,0.05317
1749266536,0.05324000,5742.00000000,0.05317
1749266536,0.05325000,45932.00000000,0.05317
1749266536,0.05326000,18871.00000000,0.05317
1749266536,0.05327000,20793.00000000,0.05317
1749266536,0.05328000,18869.00000000,0.05317
1749266536,0.05329000,39426.00000000,0.05317
1749266536,0.05330000,2420.00000000,0.05317
1749266536,0.05331000,389783.00000000,0.05317
1749266536,0.05332000,1875.00000000,0.05317
1749266536,0.05333000,152048.00000000,0.05317
1749266536,0.05334000,30836.00000000,0.05317
1749266536,0.05335000,3032.00000000,0.05317
1749266536,0.05337000,22459.00000000,0.05317
1749266536,0.05338000,14888.00000000,0.05317
1749266536,0.05339000,9431.00000000,0.05317
1749266536,0.05340000,1874.00000000,0.05317
1749266536,0.05341000,3743.00000000,0.05317
1749266536,0.05342000,23639.00000000,0.05317
1749266536,0.05343000,4534.00000000,0.05317
1749266536,0.05344000,1873.00000000,0.05317
1749266536,0.05345000,3743.00000000,0.05317
1749266536,0.05346000,16759.00000000,0.05317
1749266536,0.05348000,39266.00000000,0.05317
1749266536,0.05349000,3743.00000000,0.05317
1749266536,0.05350000,16772.00000000,0.05317
1749266536,0.05351000,3171.00000000,0.05317
1749266536,0.05352000,563949.00000000,0.05317
1749266536,0.05353000,5620.00000000,0.05317
1749266536,0.05354000,7444.00000000,0.05317
1749266536,0.05355000,1880.00000000,0.05317
1749266536,0.05356000,1876.00000000,0.05317
1749266536,0.05357000,135123.00000000,0.05317
1749266536,0.05358000,249158.00000000,0.05317
1749266536,0.05359000,2543.00000000,0.05317
1749266536,0.05360000,1879.00000000,0.05317
1749266536,0.05361000,11187.00000000,0.05317
1749266536,0.05364000,7444.00000000,0.05317
1749266536,0.05365000,3743.00000000,0.05317
1749266536,0.05367000,7444.00000000,0.05317
1749266536,0.05369000,3743.00000000,0.05317
1749266536,0.05371000,7444.00000000,0.05317
1749266536,0.05373000,3743.00000000,0.05317
1749266536,0.05374000,7444.00000000,0.05317
1749266536,0.05377000,3743.00000000,0.05317
1749266536,0.05378000,7444.00000000,0.05317
1749266536,0.05381000,2267261.00000000,0.05317
1749266536,0.05385000,11187.00000000,0.05317
1749266536,0.05387000,41419.00000000,0.05317
1749266536,0.05388000,7444.00000000,0.05317
1749266536,0.05389000,3743.00000000,0.05317
1749266536,0.05391000,103.00000000,0.05317
1749266536,0.05392000,7444.00000000,0.05317
1749266536,0.05393000,3743.00000000,0.05317
1749266536,0.05395000,7444.00000000,0.05317
1749266536,0.05396000,7539.00000000,0.05317
1749266536,0.05397000,3555.00000000,0.05317
1749266536,0.05401000,3555.00000000,0.05317
1749266536,0.05402000,7444.00000000,0.05317
1749266536,0.05405000,3555.00000000,0.05317
1749266536,0.05406000,7444.00000000,0.05317
1749266536,0.05408000,34843.00000000,0.05317
1749266536,0.05409000,339160.00000000,0.05317
1749266536,0.05413000,765475.00000000,0.05317
1749266536,0.05433000,94.00000000,0.05317
1749266536,0.05445000,95.00000000,0.05317
1749266536,0.05457000,94.00000000,0.05317
1749266536,0.05459000,75882.00000000,0.05317
1749266536,0.05460000,140.00000000,0.05317
1749266536,0.05464000,93.00000000,0.05317
1749266536,0.05465000,109.00000000,0.05317
1749266536,0.05470000,109.00000000,0.05317
1749266536,0.05471000,1594.00000000,0.05317
1749266536,0.05475000,109.00000000,0.05317
1749266536,0.05480000,109.00000000,0.05317
1749266536,0.05485000,109.00000000,0.05317
1749266536,0.05486000,93.00000000,0.05317
1749266536,0.05489000,34843.00000000,0.05317
1749266536,0.05490000,18799.00000000,0.05317
1749266536,0.05494000,95.00000000,0.05317
1749266536,0.05495000,1416.00000000,0.05317
1749266536,0.05496000,400475.00000000,0.05317
1749266536,0.05500000,2637.00000000,0.05317
1749266536,0.05501000,3318.00000000,0.05317
1749266536,0.05510000,108.00000000,0.05317
1749266536,0.05520000,108.00000000,0.05317
1749266536,0.05528000,93.00000000,0.05317
1749266536,0.05530000,108.00000000,0.05317
1749266536,0.05540000,158.00000000,0.05317
1749266536,0.05544000,95.00000000,0.05317
1749266536,0.05546000,17915.00000000,0.05317
1749266536,0.05547000,92.00000000,0.05317
1749266536,0.05554000,4667.00000000,0.05317
1749266838,0.05331000,1177.00000000,0.05328
1749266838,0.05332000,519.00000000,0.05328
1749266838,0.05333000,29929.00000000,0.05328
1749266838,0.05334000,8175.00000000,0.05328
1749266838,0.05335000,17099.00000000,0.05328
1749266838,0.05336000,47209.00000000,0.05328
1749266838,0.05337000,28881.00000000,0.05328
1749266838,0.05338000,14931.00000000,0.05328
1749266838,0.05339000,37802.00000000,0.05328
1749266838,0.05340000,8040.00000000,0.05328
1749266838,0.05341000,11709.00000000,0.05328
1749266838,0.05342000,7444.00000000,0.05328
1749266838,0.05343000,6567.00000000,0.05328
1749266838,0.05344000,2391.00000000,0.05328
1749266838,0.05345000,395378.00000000,0.05328
1749266838,0.05346000,18435.00000000,0.05328
1749266838,0.05347000,512.00000000,0.05328
1749266838,0.05348000,2385.00000000,0.05328
1749266838,0.05349000,3743.00000000,0.05328
1749266838,0.05350000,144896.00000000,0.05328
1749266838,0.05351000,45061.00000000,0.05328
1749266838,0.05353000,14371.00000000,0.05328
1749266838,0.05354000,7444.00000000,0.05328
1749266838,0.05355000,1880.00000000,0.05328
1749266838,0.05356000,4908.00000000,0.05328
1749266838,0.05357000,13849.00000000,0.05328
1749266838,0.05358000,39198.00000000,0.05328
1749266838,0.05360000,1879.00000000,0.05328
1749266838,0.05361000,14139.00000000,0.05328
1749266838,0.05362000,1875.00000000,0.05328
1749266838,0.05363000,3171.00000000,0.05328
1749266838,0.05364000,7444.00000000,0.05328
1749266838,0.05365000,5617.00000000,0.05328
1749266838,0.05366000,562712.00000000,0.05328
1749266838,0.05367000,9323.00000000,0.05328
1749266838,0.05368000,242937.00000000,0.05328
1749266838,0.05369000,129958.00000000,0.05328
1749266838,0.05371000,9317.00000000,0.05328
1749266838,0.05373000,5616.00000000,0.05328
1749266838,0.05374000,7444.00000000,0.05328
1749266838,0.05377000,3743.00000000,0.05328
1749266838,0.05378000,7444.00000000,0.05328
1749266838,0.05381000,13730.00000000,0.05328
1749266838,0.05385000,11187.00000000,0.05328
1749266838,0.05388000,7444.00000000,0.05328
1749266838,0.05389000,3743.00000000,0.05328
1749266838,0.05391000,103.00000000,0.05328
1749266838,0.05392000,7444.00000000,0.05328
1749266838,0.05393000,3743.00000000,0.05328
1749266838,0.05395000,7444.00000000,0.05328
1749266838,0.05396000,2258534.00000000,0.05328
1749266838,0.05397000,3555.00000000,0.05328
1749266838,0.05401000,3555.00000000,0.05328
1749266838,0.05402000,49318.00000000,0.05328
1749266838,0.05405000,3555.00000000,0.05328
1749266838,0.05406000,7444.00000000,0.05328
1749266838,0.05409000,3555.00000000,0.05328
1749266838,0.05413000,3555.00000000,0.05328
1749266838,0.05426000,334553.00000000,0.05328
1749266838,0.05428000,797783.00000000,0.05328
1749266838,0.05433000,94.00000000,0.05328
1749266838,0.05445000,95.00000000,0.05328
1749266838,0.05457000,94.00000000,0.05328
1749266838,0.05458000,34843.00000000,0.05328
1749266838,0.05459000,75882.00000000,0.05328
1749266838,0.05460000,140.00000000,0.05328
1749266838,0.05464000,93.00000000,0.05328
1749266838,0.05465000,109.00000000,0.05328
1749266838,0.05470000,109.00000000,0.05328
1749266838,0.05471000,1594.00000000,0.05328
1749266838,0.05475000,109.00000000,0.05328
1749266838,0.05480000,109.00000000,0.05328
1749266838,0.05485000,109.00000000,0.05328
1749266838,0.05486000,93.00000000,0.05328
1749266838,0.05490000,109.00000000,0.05328
1749266838,0.05494000,95.00000000,0.05328
1749266838,0.05495000,1416.00000000,0.05328
1749266838,0.05496000,400475.00000000,0.05328
1749266838,0.05500000,2637.00000000,0.05328
1749266838,0.05501000,3318.00000000,0.05328
1749266838,0.05505000,18690.00000000,0.05328
1749266838,0.05510000,108.00000000,0.05328
1749266838,0.05520000,108.00000000,0.05328
1749266838,0.05528000,93.00000000,0.05328
1749266838,0.05530000,108.00000000,0.05328
1749266838,0.05540000,158.00000000,0.05328
1749266838,0.05544000,95.00000000,0.05328
1749266838,0.05547000,92.00000000,0.05328
1749266838,0.05560000,9216.00000000,0.05328
1749266838,0.05561000,472184.00000000,0.05328
1749266838,0.05568000,4667.00000000,0.05328
1749266838,0.05580000,107.00000000,0.05328
1749266838,0.05594000,95.00000000,0.05328
1749266838,0.05597000,10804.00000000,0.05328
1749266838,0.05604000,32268.00000000,0.05328
1749266838,0.05612000,91.00000000,0.05328
1749266838,0.05622000,17608.00000000,0.05328
1749266838,0.05634000,274.00000000,0.05328
1749266838,0.05636000,4674.00000000,0.05328
1749266838,0.05640000,106.00000000,0.05328
1749267139,0.05312000,470.00000000,0.05309
1749267139,0.05314000,7687.00000000,0.05309
1749267139,0.05315000,506.00000000,0.05309
1749267139,0.05316000,6798.00000000,0.05309
1749267139,0.05317000,32309.00000000,0.05309
1749267139,0.05318000,40082.00000000,0.05309
1749267139,0.05319000,2389.00000000,0.05309
1749267139,0.05320000,37806.00000000,0.05309
1749267139,0.05321000,26657.00000000,0.05309
1749267139,0.05322000,45622.00000000,0.05309
1749267139,0.05323000,15466.00000000,0.05309
1749267139,0.05324000,15291.00000000,0.05309
1749267139,0.05325000,11696.00000000,0.05309
1749267139,0.05326000,384371.00000000,0.05309
1749267139,0.05327000,3517.00000000,0.05309
1749267139,0.05328000,2395.00000000,0.05309
1749267139,0.05329000,19148.00000000,0.05309
1749267139,0.05330000,126810.00000000,0.05309
1749267139,0.05331000,8936.00000000,0.05309
1749267139,0.05332000,2395.00000000,0.05309
1749267139,0.05333000,18631.00000000,0.05309
1749267139,0.05334000,4179.00000000,0.05309
1749267139,0.05335000,4908.00000000,0.05309
1749267139,0.05336000,1874.00000000,0.05309
1749267139,0.05337000,24093.00000000,0.05309
1749267139,0.05339000,18716.00000000,0.05309
1749267139,0.05340000,2952.00000000,0.05309
1749267139,0.05341000,5617.00000000,0.05309
1749267139,0.05342000,23639.00000000,0.05309
1749267139,0.05343000,1874.00000000,0.05309
1749267139,0.05344000,1873.00000000,0.05309
1749267139,0.05345000,41155.00000000,0.05309
1749267139,0.05346000,19421.00000000,0.05309
1749267139,0.05347000,567684.00000000,0.05309
1749267139,0.05348000,1870.00000000,0.05309
1749267139,0.05349000,3743.00000000,0.05309
1749267139,0.05350000,16772.00000000,0.05309
1749267139,0.05351000,244566.00000000,0.05309
1749267139,0.05352000,124414.00000000,0.05309
1749267139,0.05353000,5620.00000000,0.05309
1749267139,0.05354000,7444.00000000,0.05309
1749267139,0.05355000,1880.00000000,0.05309
1749267139,0.05357000,11187.00000000,0.05309
1749267139,0.05361000,11187.00000000,0.05309
1749267139,0.05364000,7444.00000000,0.05309
1749267139,0.05365000,3743.00000000,0.05309
1749267139,0.05367000,7444.00000000,0.05309
1749267139,0.05369000,3743.00000000,0.05309
1749267139,0.05370000,112.00000000,0.05309
1749267139,0.05371000,7444.00000000,0.05309
1749267139,0.05373000,3743.00000000,0.05309
1749267139,0.05374000,7444.00000000,0.05309
1749267139,0.05377000,3743.00000000,0.05309
1749267139,0.05378000,7444.00000000,0.05309
1749267139,0.05381000,13730.00000000,0.05309
1749267139,0.05382000,2255441.00000000,0.05309
1749267139,0.05385000,11187.00000000,0.05309
1749267139,0.05387000,42379.00000000,0.05309
1749267139,0.05388000,7444.00000000,0.05309
1749267139,0.05389000,3743.00000000,0.05309
1749267139,0.05391000,103.00000000,0.05309
1749267139,0.05392000,7444.00000000,0.05309
1749267139,0.05393000,3743.00000000,0.05309
1749267139,0.05395000,7444.00000000,0.05309
1749267139,0.05396000,7539.00000000,0.05309
1749267139,0.05397000,3555.00000000,0.05309
1749267139,0.05401000,3555.00000000,0.05309
1749267139,0.05404000,335915.00000000,0.05309
1749267139,0.05405000,769183.00000000,0.05309
1749267139,0.05409000,3555.00000000,0.05309
1749267139,0.05413000,3555.00000000,0.05309
1749267139,0.05415000,34843.00000000,0.05309
1749267139,0.05433000,94.00000000,0.05309
1749267139,0.05445000,95.00000000,0.05309
1749267139,0.05457000,94.00000000,0.05309
1749267139,0.05458000,34843.00000000,0.05309
1749267139,0.05459000,75882.00000000,0.05309
1749267139,0.05460000,140.00000000,0.05309
1749267139,0.05464000,93.00000000,0.05309
1749267139,0.05465000,109.00000000,0.05309
1749267139,0.05470000,109.00000000,0.05309
1749267139,0.05475000,109.00000000,0.05309
1749267139,0.05477000,146.00000000,0.05309
1749267139,0.05480000,109.00000000,0.05309
1749267139,0.05485000,109.00000000,0.05309
1749267139,0.05486000,93.00000000,0.05309
1749267139,0.05490000,109.00000000,0.05309
1749267139,0.05491000,18690.00000000,0.05309
1749267139,0.05494000,95.00000000,0.05309
1749267139,0.05495000,3010.00000000,0.05309
1749267139,0.05496000,400475.00000000,0.05309
1749267139,0.05500000,2637.00000000,0.05309
1749267139,0.05501000,3318.00000000,0.05309
1749267139,0.05510000,108.00000000,0.05309
1749267139,0.05520000,108.00000000,0.05309
1749267139,0.05528000,93.00000000,0.05309
1749267139,0.05530000,108.00000000,0.05309
1749267139,0.05540000,158.00000000,0.05309
1749267139,0.05544000,95.00000000,0.05309
1749267139,0.05547000,18007.00000000,0.05309
1749267441,0.05326000,806.00000000,0.05323
1749267441,0.05327000,469.00000000,0.05323
1749267441,0.05328000,30034.00000000,0.05323
1749267441,0.05329000,12399.00000000,0.05323
1749267441,0.05330000,8044.00000000,0.05323
1749267441,0.05331000,111696.00000000,0.05323
1749267441,0.05332000,5682.00000000,0.05323
1749267441,0.05333000,74634.00000000,0.05323
1749267441,0.05334000,8841.00000000,0.05323
1749267441,0.05335000,2344.00000000,0.05323
1749267441,0.05336000,2348.00000000,0.05323
1749267441,0.05337000,27567.00000000,0.05323
1749267441,0.05338000,468.00000000,0.05323
1749267441,0.05339000,385263.00000000,0.05323
1749267441,0.05340000,33632.00000000,0.05323
1749267441,0.05341000,7775.00000000,0.05323
1749267441,0.05342000,15374.00000000,0.05323
1749267441,0.05343000,126292.00000000,0.05323
1749267441,0.05344000,1873.00000000,0.05323
1749267441,0.05345000,3743.00000000,0.05323
1749267441,0.05346000,28542.00000000,0.05323
1749267441,0.05348000,23722.00000000,0.05323
1749267441,0.05349000,3743.00000000,0.05323
