timestamp,price,volume,current_price
1749258369,0.05337000,948.00000000,0.05335
1749258369,0.05338000,480.00000000,0.05335
1749258369,0.05339000,8881.00000000,0.05335
1749258369,0.05340000,13449.00000000,0.05335
1749258369,0.05341000,24648.00000000,0.05335
1749258369,0.05342000,3049.00000000,0.05335
1749258369,0.05343000,16765.00000000,0.05335
1749258369,0.05344000,9764.00000000,0.05335
1749258369,0.05345000,3743.00000000,0.05335
1749258369,0.05346000,2318.00000000,0.05335
1749258369,0.05347000,23903.00000000,0.05335
1749258369,0.05348000,73714.00000000,0.05335
1749258369,0.05349000,28889.00000000,0.05335
1749258369,0.05350000,23271.00000000,0.05335
1749258369,0.05351000,26971.00000000,0.05335
1749258369,0.05352000,400091.00000000,0.05335
1749258369,0.05353000,67414.00000000,0.05335
1749258369,0.05354000,5740.00000000,0.05335
1749258369,0.05355000,7444.00000000,0.05335
1749258369,0.05356000,9501.00000000,0.05335
1749258369,0.05357000,5610.00000000,0.05335
1749258369,0.05358000,136062.00000000,0.05335
1749258369,0.05359000,11623.00000000,0.05335
1749258369,0.05360000,1867.00000000,0.05335
1749258369,0.05361000,6775.00000000,0.05335
1749258369,0.05362000,7444.00000000,0.05335
1749258369,0.05363000,26216.00000000,0.05335
1749258369,0.05365000,5609.00000000,0.05335
1749258369,0.05366000,53650.00000000,0.05335
1749258369,0.05367000,4826.00000000,0.05335
1749258369,0.05369000,17031.00000000,0.05335
1749258369,0.05370000,9319.00000000,0.05335
1749258369,0.05373000,13060.00000000,0.05335
1749258369,0.05374000,3171.00000000,0.05335
1749258369,0.05375000,246431.00000000,0.05335
1749258369,0.05376000,564077.00000000,0.05335
1749258369,0.05377000,11187.00000000,0.05335
1749258369,0.05379000,129180.00000000,0.05335
1749258369,0.05380000,7444.00000000,0.05335
1749258369,0.05381000,3743.00000000,0.05335
1749258369,0.05384000,7444.00000000,0.05335
1749258369,0.05385000,3743.00000000,0.05335
1749258369,0.05387000,7444.00000000,0.05335
1749258369,0.05389000,3743.00000000,0.05335
1749258369,0.05391000,7444.00000000,0.05335
1749258369,0.05393000,3743.00000000,0.05335
1749258369,0.05394000,7444.00000000,0.05335
1749258369,0.05396000,95.00000000,0.05335
1749258369,0.05397000,3555.00000000,0.05335
1749258369,0.05398000,2257696.00000000,0.05335
1749258369,0.05401000,10999.00000000,0.05335
1749258369,0.05405000,10999.00000000,0.05335
1749258369,0.05408000,7444.00000000,0.05335
1749258369,0.05409000,3555.00000000,0.05335
1749258369,0.05411000,41672.00000000,0.05335
1749258369,0.05412000,7444.00000000,0.05335
1749258369,0.05413000,3555.00000000,0.05335
1749258369,0.05415000,7444.00000000,0.05335
1749258369,0.05423000,334738.00000000,0.05335
1749258369,0.05427000,779306.00000000,0.05335
1749258369,0.05430000,110.00000000,0.05335
1749258369,0.05431000,110.00000000,0.05335
1749258369,0.05433000,94.00000000,0.05335
1749258369,0.05445000,95.00000000,0.05335
1749258369,0.05457000,94.00000000,0.05335
1749258369,0.05460000,140.00000000,0.05335
1749258369,0.05464000,93.00000000,0.05335
1749258369,0.05465000,109.00000000,0.05335
1749258369,0.05470000,109.00000000,0.05335
1749258369,0.05475000,109.00000000,0.05335
1749258369,0.05480000,109.00000000,0.05335
1749258369,0.05485000,109.00000000,0.05335
1749258369,0.05486000,93.00000000,0.05335
1749258369,0.05489000,69686.00000000,0.05335
1749258369,0.05490000,76507.00000000,0.05335
1749258369,0.05494000,95.00000000,0.05335
1749258369,0.05495000,109.00000000,0.05335
1749258369,0.05500000,2637.00000000,0.05335
1749258369,0.05510000,108.00000000,0.05335
1749258369,0.05511000,2901.00000000,0.05335
1749258369,0.05512000,399312.00000000,0.05335
1749258369,0.05520000,108.00000000,0.05335
1749258369,0.05528000,93.00000000,0.05335
1749258369,0.05530000,108.00000000,0.05335
1749258369,0.05537000,163.00000000,0.05335
1749258369,0.05538000,144.00000000,0.05335
1749258369,0.05540000,158.00000000,0.05335
1749258369,0.05544000,95.00000000,0.05335
1749258369,0.05547000,92.00000000,0.05335
1749258369,0.05550000,108.00000000,0.05335
1749258369,0.05560000,27131.00000000,0.05335
1749258369,0.05576000,453047.00000000,0.05335
1749258369,0.05580000,107.00000000,0.05335
1749258369,0.05594000,95.00000000,0.05335
1749258369,0.05597000,10804.00000000,0.05335
1749258369,0.05605000,143.00000000,0.05335
1749258369,0.05612000,91.00000000,0.05335
1749258369,0.05621000,17608.00000000,0.05335
1749258369,0.05624000,4674.00000000,0.05335
1749258369,0.05634000,274.00000000,0.05335
1749258685,0.05324000,469.00000000,0.05322
1749258685,0.05325000,3743.00000000,0.05322
1749258685,0.05326000,2634.00000000,0.05322
1749258685,0.05327000,7915.00000000,0.05322
1749258685,0.05328000,28549.00000000,0.05322
1749258685,0.05329000,66961.00000000,0.05322
1749258685,0.05330000,8644.00000000,0.05322
1749258685,0.05331000,11288.00000000,0.05322
1749258685,0.05332000,33696.00000000,0.05322
1749258685,0.05333000,59528.00000000,0.05322
1749258685,0.05334000,1875.00000000,0.05322
1749258685,0.05335000,26691.00000000,0.05322
1749258685,0.05336000,7444.00000000,0.05322
1749258685,0.05337000,11985.00000000,0.05322
1749258685,0.05339000,39565.00000000,0.05322
1749258685,0.05340000,9108.00000000,0.05322
1749258685,0.05341000,6063.00000000,0.05322
1749258685,0.05342000,384870.00000000,0.05322
1749258685,0.05343000,7444.00000000,0.05322
1749258685,0.05344000,135973.00000000,0.05322
1749258685,0.05345000,7615.00000000,0.05322
1749258685,0.05346000,5876.00000000,0.05322
1749258685,0.05347000,11932.00000000,0.05322
1749258685,0.05348000,1870.00000000,0.05322
1749258685,0.05349000,15581.00000000,0.05322
1749258685,0.05350000,22921.00000000,0.05322
1749258685,0.05351000,10476.00000000,0.05322
1749258685,0.05352000,1868.00000000,0.05322
1749258685,0.05353000,11187.00000000,0.05322
1749258685,0.05354000,10804.00000000,0.05322
1749258685,0.05355000,7444.00000000,0.05322
1749258685,0.05356000,37334.00000000,0.05322
1749258685,0.05357000,11224.00000000,0.05322
1749258685,0.05358000,256155.00000000,0.05322
1749258685,0.05359000,7444.00000000,0.05322
1749258685,0.05360000,1867.00000000,0.05322
1749258685,0.05361000,575711.00000000,0.05322
1749258685,0.05362000,7444.00000000,0.05322
1749258685,0.05363000,9310.00000000,0.05322
1749258685,0.05365000,5609.00000000,0.05322
1749258685,0.05366000,7444.00000000,0.05322
1749258685,0.05369000,3743.00000000,0.05322
1749258685,0.05370000,134029.00000000,0.05322
1749258685,0.05373000,11187.00000000,0.05322
1749258685,0.05377000,11187.00000000,0.05322
1749258685,0.05379000,2543.00000000,0.05322
1749258685,0.05380000,7444.00000000,0.05322
1749258685,0.05381000,3743.00000000,0.05322
1749258685,0.05384000,7444.00000000,0.05322
1749258685,0.05385000,3743.00000000,0.05322
1749258685,0.05387000,7444.00000000,0.05322
1749258685,0.05389000,3743.00000000,0.05322
1749258685,0.05391000,2260437.00000000,0.05322
1749258685,0.05393000,3743.00000000,0.05322
1749258685,0.05394000,7444.00000000,0.05322
1749258685,0.05396000,41303.00000000,0.05322
1749258685,0.05397000,3555.00000000,0.05322
1749258685,0.05398000,7444.00000000,0.05322
1749258685,0.05401000,10999.00000000,0.05322
1749258685,0.05405000,10999.00000000,0.05322
1749258685,0.05408000,7444.00000000,0.05322
1749258685,0.05409000,3555.00000000,0.05322
1749258685,0.05413000,3555.00000000,0.05322
1749258685,0.05416000,779942.00000000,0.05322
1749258685,0.05423000,334738.00000000,0.05322
1749258685,0.05430000,110.00000000,0.05322
1749258685,0.05431000,110.00000000,0.05322
1749258685,0.05433000,94.00000000,0.05322
1749258685,0.05445000,95.00000000,0.05322
1749258685,0.05457000,94.00000000,0.05322
1749258685,0.05460000,140.00000000,0.05322
1749258685,0.05464000,93.00000000,0.05322
1749258685,0.05465000,109.00000000,0.05322
1749258685,0.05470000,109.00000000,0.05322
1749258685,0.05475000,109.00000000,0.05322
1749258685,0.05480000,109.00000000,0.05322
1749258685,0.05485000,72696.00000000,0.05322
1749258685,0.05486000,401298.00000000,0.05322
1749258685,0.05490000,76507.00000000,0.05322
1749258685,0.05494000,95.00000000,0.05322
1749258685,0.05495000,109.00000000,0.05322
1749258685,0.05500000,2637.00000000,0.05322
1749258685,0.05510000,108.00000000,0.05322
1749258685,0.05520000,108.00000000,0.05322
1749258685,0.05528000,93.00000000,0.05322
1749258685,0.05530000,108.00000000,0.05322
1749258685,0.05537000,163.00000000,0.05322
1749258685,0.05538000,144.00000000,0.05322
1749258685,0.05540000,158.00000000,0.05322
1749258685,0.05544000,95.00000000,0.05322
1749258685,0.05545000,17915.00000000,0.05322
1749258685,0.05547000,92.00000000,0.05322
1749258685,0.05550000,108.00000000,0.05322
1749258685,0.05560000,9216.00000000,0.05322
1749258685,0.05576000,453047.00000000,0.05322
1749258685,0.05580000,107.00000000,0.05322
1749258685,0.05594000,95.00000000,0.05322
1749258685,0.05597000,10804.00000000,0.05322
1749258685,0.05605000,143.00000000,0.05322
1749258685,0.05606000,17608.00000000,0.05322
1749258986,0.05321000,1194.00000000,0.0532
1749258986,0.05322000,1253.00000000,0.0532
1749258986,0.05323000,1005.00000000,0.0532
1749258986,0.05324000,9807.00000000,0.0532
1749258986,0.05325000,22699.00000000,0.0532
1749258986,0.05326000,2363.00000000,0.0532
1749258986,0.05327000,13793.00000000,0.0532
1749258986,0.05328000,23665.00000000,0.0532
1749258986,0.05329000,40130.00000000,0.0532
1749258986,0.05330000,22692.00000000,0.0532
1749258986,0.05331000,33850.00000000,0.0532
1749258986,0.05332000,23744.00000000,0.0532
1749258986,0.05333000,26272.00000000,0.0532
1749258986,0.05334000,26766.00000000,0.0532
1749258986,0.05335000,7902.00000000,0.0532
1749258986,0.05336000,15160.00000000,0.0532
1749258986,0.05337000,388454.00000000,0.0532
1749258986,0.05338000,1874.00000000,0.0532
1749258986,0.05339000,7929.00000000,0.0532
1749258986,0.05340000,7910.00000000,0.0532
1749258986,0.05341000,5616.00000000,0.0532
1749258986,0.05342000,1871.00000000,0.0532
1749258986,0.05343000,7444.00000000,0.0532
1749258986,0.05344000,14022.00000000,0.0532
1749258986,0.05345000,133869.00000000,0.0532
1749258986,0.05346000,28168.00000000,0.0532
1749258986,0.05347000,11482.00000000,0.0532
1749258986,0.05348000,5875.00000000,0.0532
1749258986,0.05349000,11187.00000000,0.0532
1749258986,0.05350000,6049.00000000,0.0532
1749258986,0.05351000,30027.00000000,0.0532
1749258986,0.05352000,1868.00000000,0.0532
1749258986,0.05353000,11187.00000000,0.0532
1749258986,0.05354000,10804.00000000,0.0532
1749258986,0.05355000,7444.00000000,0.0532
1749258986,0.05357000,609328.00000000,0.0532
1749258986,0.05358000,9311.00000000,0.0532
1749258986,0.05359000,7444.00000000,0.0532
1749258986,0.05360000,1867.00000000,0.0532
1749258986,0.05361000,15665.00000000,0.0532
1749258986,0.05362000,7444.00000000,0.0532
1749258986,0.05363000,9310.00000000,0.0532
1749258986,0.05365000,5609.00000000,0.0532
1749258986,0.05366000,7444.00000000,0.0532
1749258986,0.05368000,242881.00000000,0.0532
1749258986,0.05369000,3743.00000000,0.0532
1749258986,0.05370000,133574.00000000,0.0532
1749258986,0.05373000,11187.00000000,0.0532
1749258986,0.05377000,11187.00000000,0.0532
1749258986,0.05379000,2543.00000000,0.0532
1749258986,0.05380000,7444.00000000,0.0532
1749258986,0.05381000,3743.00000000,0.0532
1749258986,0.05384000,7444.00000000,0.0532
1749258986,0.05385000,3743.00000000,0.0532
1749258986,0.05387000,7444.00000000,0.0532
1749258986,0.05389000,3743.00000000,0.0532
1749258986,0.05391000,2260825.00000000,0.0532
1749258986,0.05393000,3743.00000000,0.0532
1749258986,0.05394000,7444.00000000,0.0532
1749258986,0.05396000,41303.00000000,0.0532
1749258986,0.05397000,3555.00000000,0.0532
1749258986,0.05398000,7444.00000000,0.0532
1749258986,0.05401000,10999.00000000,0.0532
1749258986,0.05405000,10999.00000000,0.0532
1749258986,0.05409000,3555.00000000,0.0532
1749258986,0.05413000,3555.00000000,0.0532
1749258986,0.05418000,776186.00000000,0.0532
1749258986,0.05423000,334738.00000000,0.0532
1749258986,0.05430000,110.00000000,0.0532
1749258986,0.05431000,110.00000000,0.0532
1749258986,0.05433000,94.00000000,0.0532
1749258986,0.05445000,95.00000000,0.0532
1749258986,0.05457000,94.00000000,0.0532
1749258986,0.05460000,140.00000000,0.0532
1749258986,0.05464000,93.00000000,0.0532
1749258986,0.05465000,109.00000000,0.0532
1749258986,0.05470000,109.00000000,0.0532
1749258986,0.05475000,109.00000000,0.0532
1749258986,0.05480000,109.00000000,0.0532
1749258986,0.05485000,72696.00000000,0.0532
1749258986,0.05486000,401298.00000000,0.0532
1749258986,0.05490000,76507.00000000,0.0532
1749258986,0.05494000,95.00000000,0.0532
1749258986,0.05495000,109.00000000,0.0532
1749258986,0.05500000,2637.00000000,0.0532
1749258986,0.05510000,108.00000000,0.0532
1749258986,0.05520000,108.00000000,0.0532
1749258986,0.05528000,93.00000000,0.0532
1749258986,0.05530000,108.00000000,0.0532
1749258986,0.05537000,163.00000000,0.0532
1749258986,0.05538000,144.00000000,0.0532
1749258986,0.05540000,158.00000000,0.0532
1749258986,0.05544000,95.00000000,0.0532
1749258986,0.05545000,17915.00000000,0.0532
1749258986,0.05547000,92.00000000,0.0532
1749258986,0.05550000,108.00000000,0.0532
1749258986,0.05560000,9216.00000000,0.0532
1749258986,0.05576000,453047.00000000,0.0532
1749258986,0.05580000,107.00000000,0.0532
1749258986,0.05594000,95.00000000,0.0532
