timestamp,price,volume,current_price
1749260825,15.72000000,210.27600000,15.7
1749260825,15.73000000,477.57000000,15.7
1749260825,15.74000000,565.25800000,15.7
1749260825,15.75000000,315.99500000,15.7
1749260825,15.76000000,47.27700000,15.7
1749260825,15.77000000,56.85400000,15.7
1749260825,15.78000000,55.09600000,15.7
1749260825,15.79000000,55.05200000,15.7
1749260825,15.80000000,452.28600000,15.7
1749260825,15.81000000,38.00300000,15.7
1749260825,15.82000000,28.37100000,15.7
1749260825,15.83000000,60.68300000,15.7
1749260825,15.84000000,19.05300000,15.7
1749260825,15.85000000,257.70800000,15.7
1749260825,15.87000000,266.97500000,15.7
1749260825,15.88000000,50.21500000,15.7
1749260825,15.90000000,2.82900000,15.7
1749260825,15.91000000,0.66100000,15.7
1749260825,15.93000000,38.36300000,15.7
1749260825,15.96000000,43.30800000,15.7
1749260825,15.97000000,1.99700000,15.7
1749260825,15.98000000,178.92400000,15.7
1749260825,15.99000000,3.35400000,15.7
1749260825,16.00000000,3.67000000,15.7
1749260825,16.03000000,0.37400000,15.7
1749260825,16.06000000,2.73500000,15.7
1749260825,16.07000000,153.70800000,15.7
1749260825,16.09000000,9.81000000,15.7
1749260825,16.10000000,3.26400000,15.7
1749260825,16.11000000,1.55300000,15.7
1749260825,16.12000000,63.16800000,15.7
1749260825,16.15000000,0.82000000,15.7
1749260825,16.16000000,2.98500000,15.7
1749260825,16.17000000,15.00300000,15.7
1749260825,16.18000000,0.66100000,15.7
1749260825,16.19000000,0.49400000,15.7
1749260825,16.20000000,2.33600000,15.7
1749260825,16.22000000,3.70200000,15.7
1749260825,16.27000000,1.65900000,15.7
1749260825,16.29000000,2.99200000,15.7
1749260825,16.30000000,2.82900000,15.7
1749260825,16.33000000,2.63800000,15.7
1749260825,16.34000000,0.62100000,15.7
1749260825,16.35000000,1.04700000,15.7
1749260825,16.36000000,1.38300000,15.7
1749260825,16.37000000,0.34200000,15.7
1749260825,16.41000000,0.86200000,15.7
1749260825,16.42000000,1.94900000,15.7
1749260825,16.44000000,79.44700000,15.7
1749260825,16.45000000,0.66100000,15.7
1749260825,16.48000000,0.71900000,15.7
1749260825,16.49000000,2.63800000,15.7
1749260825,16.50000000,2.82900000,15.7
1749260825,16.54000000,0.66100000,15.7
1749260825,16.58000000,2.33600000,15.7
1749260825,16.60000000,0.68500000,15.7
1749260825,16.61000000,0.35000000,15.7
1749260825,16.64000000,1.74200000,15.7
1749260825,16.65000000,1.00000000,15.7
1749260825,16.66000000,3.43000000,15.7
1749260825,16.68000000,0.47700000,15.7
1749260825,16.69000000,1.29600000,15.7
1749260825,16.71000000,3.89800000,15.7
1749260825,16.73000000,0.66100000,15.7
1749260825,16.77000000,0.47700000,15.7
1749260825,16.79000000,0.42700000,15.7
1749260825,16.80000000,5.99400000,15.7
1749260825,16.81000000,0.33300000,15.7
1749260825,16.82000000,0.66100000,15.7
1749260825,16.83000000,2.63800000,15.7
1749260825,16.85000000,0.36400000,15.7
1749260825,16.88000000,0.82000000,15.7
1749260825,16.89000000,59.55400000,15.7
1749260825,16.90000000,2.73600000,15.7
1749260825,16.92000000,4.45600000,15.7
1749260825,16.93000000,3.90800000,15.7
1749260825,16.94000000,0.35500000,15.7
1749260825,16.95000000,0.39300000,15.7
1749260825,16.96000000,2.33600000,15.7
1749260825,16.98000000,29.79700000,15.7
1749260825,16.99000000,2.63800000,15.7
1749260825,17.00000000,143.66800000,15.7
1749260825,17.01000000,10.65700000,15.7
1749260825,17.05000000,1.40900000,15.7
1749260825,17.06000000,1.12900000,15.7
1749260825,17.07000000,1.00000000,15.7
1749260825,17.08000000,0.32200000,15.7
1749260825,17.10000000,0.66100000,15.7
1749260825,17.12000000,0.98700000,15.7
1749260825,17.13000000,2.82900000,15.7
1749260825,17.15000000,1.47600000,15.7
1749260825,17.16000000,8.49500000,15.7
1749260825,17.17000000,2.05700000,15.7
1749260825,17.20000000,23.01900000,15.7
1749260825,17.22000000,1.89600000,15.7
1749260825,17.23000000,1.04400000,15.7
1749260825,17.24000000,0.35500000,15.7
1749260825,17.26000000,2.00000000,15.7
1749260825,17.27000000,1.58700000,15.7
1749260825,17.29000000,0.98500000,15.7
1749261145,15.70000000,53.34800000,15.7
1749261145,15.71000000,130.26500000,15.7
1749261145,15.72000000,426.23800000,15.7
1749261145,15.73000000,456.50600000,15.7
1749261145,15.74000000,371.48200000,15.7
1749261145,15.75000000,58.16200000,15.7
1749261145,15.76000000,56.82800000,15.7
1749261145,15.77000000,60.49700000,15.7
1749261145,15.78000000,188.04100000,15.7
1749261145,15.79000000,308.42900000,15.7
1749261145,15.80000000,38.77400000,15.7
1749261145,15.81000000,19.07100000,15.7
1749261145,15.82000000,35.09000000,15.7
1749261145,15.83000000,5.63500000,15.7
1749261145,15.85000000,257.70800000,15.7
1749261145,15.87000000,6.07200000,15.7
1749261145,15.88000000,86.19600000,15.7
1749261145,15.90000000,7.35100000,15.7
1749261145,15.91000000,295.22400000,15.7
1749261145,15.96000000,43.24300000,15.7
1749261145,15.97000000,1.99700000,15.7
1749261145,15.98000000,178.92400000,15.7
1749261145,15.99000000,3.35400000,15.7
1749261145,16.00000000,3.67000000,15.7
1749261145,16.03000000,0.37400000,15.7
1749261145,16.06000000,2.79700000,15.7
1749261145,16.07000000,153.70800000,15.7
1749261145,16.09000000,0.66100000,15.7
1749261145,16.10000000,3.26400000,15.7
1749261145,16.11000000,1.55300000,15.7
1749261145,16.14000000,9.14900000,15.7
1749261145,16.15000000,0.82000000,15.7
1749261145,16.16000000,2.98500000,15.7
1749261145,16.17000000,78.17100000,15.7
1749261145,16.18000000,0.66100000,15.7
1749261145,16.19000000,0.49400000,15.7
1749261145,16.20000000,2.33600000,15.7
1749261145,16.22000000,3.70200000,15.7
1749261145,16.26000000,2.99000000,15.7
1749261145,16.27000000,1.65900000,15.7
1749261145,16.30000000,2.82900000,15.7
1749261145,16.33000000,2.63800000,15.7
1749261145,16.34000000,0.62100000,15.7
1749261145,16.35000000,1.04700000,15.7
1749261145,16.36000000,1.38300000,15.7
1749261145,16.37000000,0.34200000,15.7
1749261145,16.41000000,0.86200000,15.7
1749261145,16.42000000,1.94900000,15.7
1749261145,16.44000000,79.44700000,15.7
1749261145,16.45000000,0.66100000,15.7
1749261145,16.48000000,0.71900000,15.7
1749261145,16.49000000,2.63800000,15.7
1749261145,16.50000000,2.82900000,15.7
1749261145,16.54000000,0.66100000,15.7
1749261145,16.58000000,2.33600000,15.7
1749261145,16.60000000,0.68500000,15.7
1749261145,16.61000000,0.35000000,15.7
1749261145,16.64000000,1.74200000,15.7
1749261145,16.65000000,1.00000000,15.7
1749261145,16.66000000,3.43000000,15.7
1749261145,16.67000000,0.35000000,15.7
1749261145,16.68000000,0.47700000,15.7
1749261145,16.69000000,1.29600000,15.7
1749261145,16.71000000,2.82900000,15.7
1749261145,16.73000000,0.66100000,15.7
1749261145,16.77000000,0.47700000,15.7
1749261145,16.79000000,0.42700000,15.7
1749261145,16.80000000,5.99400000,15.7
1749261145,16.81000000,0.33300000,15.7
1749261145,16.82000000,0.66100000,15.7
1749261145,16.83000000,2.63800000,15.7
1749261145,16.85000000,0.36400000,15.7
1749261145,16.88000000,0.82000000,15.7
1749261145,16.89000000,59.55400000,15.7
1749261145,16.90000000,2.73600000,15.7
1749261145,16.92000000,5.17500000,15.7
1749261145,16.93000000,3.90800000,15.7
1749261145,16.94000000,0.35500000,15.7
1749261145,16.95000000,0.39300000,15.7
1749261145,16.96000000,2.33600000,15.7
1749261145,16.98000000,29.79700000,15.7
1749261145,16.99000000,2.63800000,15.7
1749261145,17.00000000,143.66800000,15.7
1749261145,17.01000000,10.65700000,15.7
1749261145,17.05000000,1.40900000,15.7
1749261145,17.06000000,1.12900000,15.7
1749261145,17.07000000,1.00000000,15.7
1749261145,17.08000000,0.32200000,15.7
1749261145,17.10000000,0.66100000,15.7
1749261145,17.12000000,0.98700000,15.7
1749261145,17.13000000,2.82900000,15.7
1749261145,17.15000000,1.47600000,15.7
1749261145,17.16000000,8.49500000,15.7
1749261145,17.17000000,2.05700000,15.7
1749261145,17.20000000,23.01900000,15.7
1749261145,17.22000000,1.89600000,15.7
1749261145,17.23000000,1.04400000,15.7
1749261145,17.24000000,0.35500000,15.7
1749261145,17.26000000,2.00000000,15.7
1749261145,17.27000000,1.58700000,15.7
1749261457,15.69000000,36.09500000,15.69
1749261457,15.70000000,163.54000000,15.69
1749261457,15.71000000,625.42400000,15.69
1749261457,15.72000000,408.33900000,15.69
1749261457,15.73000000,184.68900000,15.69
1749261457,15.74000000,95.80100000,15.69
1749261457,15.75000000,50.95700000,15.69
1749261457,15.76000000,183.20000000,15.69
1749261457,15.77000000,307.48000000,15.69
1749261457,15.78000000,39.80700000,15.69
1749261457,15.79000000,19.11100000,15.69
1749261457,15.80000000,19.86500000,15.69
1749261457,15.81000000,19.09400000,15.69
1749261457,15.82000000,0.35400000,15.69
1749261457,15.83000000,5.63500000,15.69
1749261457,15.85000000,257.70800000,15.69
1749261457,15.87000000,301.01000000,15.69
1749261457,15.88000000,86.19600000,15.69
1749261457,15.90000000,7.35100000,15.69
1749261457,15.91000000,0.66100000,15.69
1749261457,15.92000000,2.28900000,15.69
1749261457,15.93000000,40.95400000,15.69
1749261457,15.97000000,1.99700000,15.69
1749261457,15.98000000,178.92400000,15.69
1749261457,15.99000000,3.35400000,15.69
1749261457,16.00000000,3.67000000,15.69
1749261457,16.03000000,0.37400000,15.69
1749261457,16.06000000,2.79700000,15.69
1749261457,16.07000000,153.70800000,15.69
1749261457,16.09000000,9.81000000,15.69
1749261457,16.10000000,3.26400000,15.69
1749261457,16.11000000,1.55300000,15.69
1749261457,16.15000000,0.82000000,15.69
1749261457,16.16000000,2.98500000,15.69
1749261457,16.17000000,78.17100000,15.69
1749261457,16.18000000,0.66100000,15.69
1749261457,16.19000000,0.49400000,15.69
1749261457,16.20000000,2.33600000,15.69
1749261457,16.21000000,2.99000000,15.69
1749261457,16.22000000,3.70200000,15.69
1749261457,16.27000000,1.65900000,15.69
1749261457,16.30000000,2.82900000,15.69
1749261457,16.33000000,2.63800000,15.69
1749261457,16.34000000,0.62100000,15.69
1749261457,16.35000000,1.04700000,15.69
1749261457,16.36000000,1.38300000,15.69
1749261457,16.37000000,0.34200000,15.69
1749261457,16.41000000,0.86200000,15.69
1749261457,16.42000000,1.94900000,15.69
1749261457,16.44000000,79.44700000,15.69
1749261457,16.45000000,0.66100000,15.69
1749261457,16.48000000,0.71900000,15.69
1749261457,16.49000000,2.63800000,15.69
1749261457,16.50000000,2.82900000,15.69
1749261457,16.54000000,0.66100000,15.69
1749261457,16.58000000,2.33600000,15.69
1749261457,16.60000000,0.68500000,15.69
1749261457,16.61000000,0.35000000,15.69
1749261457,16.64000000,1.74200000,15.69
1749261457,16.65000000,1.00000000,15.69
1749261457,16.66000000,3.43000000,15.69
1749261457,16.67000000,0.35000000,15.69
1749261457,16.68000000,0.47700000,15.69
1749261457,16.69000000,1.29600000,15.69
1749261457,16.71000000,2.82900000,15.69
1749261457,16.73000000,0.66100000,15.69
1749261457,16.77000000,0.47700000,15.69
1749261457,16.79000000,0.42700000,15.69
1749261457,16.80000000,5.99400000,15.69
1749261457,16.81000000,0.33300000,15.69
1749261457,16.82000000,0.66100000,15.69
1749261457,16.83000000,2.63800000,15.69
1749261457,16.85000000,0.36400000,15.69
1749261457,16.88000000,0.82000000,15.69
1749261457,16.89000000,59.55400000,15.69
1749261457,16.90000000,2.73600000,15.69
1749261457,16.92000000,5.17500000,15.69
1749261457,16.93000000,3.90800000,15.69
1749261457,16.94000000,0.35500000,15.69
1749261457,16.95000000,0.39300000,15.69
1749261457,16.96000000,2.33600000,15.69
1749261457,16.98000000,29.79700000,15.69
1749261457,16.99000000,2.63800000,15.69
1749261457,17.00000000,143.66800000,15.69
1749261457,17.01000000,10.65700000,15.69
1749261457,17.05000000,1.40900000,15.69
1749261457,17.06000000,1.12900000,15.69
1749261457,17.07000000,1.00000000,15.69
1749261457,17.08000000,0.32200000,15.69
1749261457,17.10000000,0.66100000,15.69
1749261457,17.12000000,0.98700000,15.69
1749261457,17.13000000,2.82900000,15.69
1749261457,17.15000000,1.47600000,15.69
1749261457,17.16000000,8.49500000,15.69
1749261457,17.17000000,2.05700000,15.69
1749261457,17.20000000,23.01900000,15.69
1749261457,17.22000000,1.89600000,15.69
1749261457,17.23000000,1.04400000,15.69
1749261457,17.24000000,0.35500000,15.69
1749261457,17.26000000,2.00000000,15.69
1749261773,15.67000000,53.50800000,15.66
1749261773,15.68000000,157.66700000,15.66
1749261773,15.69000000,428.11800000,15.66
1749261773,15.70000000,594.67800000,15.66
1749261773,15.71000000,506.16000000,15.66
1749261773,15.72000000,125.52600000,15.66
1749261773,15.73000000,50.56500000,15.66
1749261773,15.74000000,90.49900000,15.66
1749261773,15.75000000,50.95700000,15.66
1749261773,15.76000000,177.66500000,15.66
1749261773,15.77000000,34.94600000,15.66
1749261773,15.78000000,28.42500000,15.66
1749261773,15.79000000,19.11700000,15.66
1749261773,15.80000000,0.76000000,15.66
1749261773,15.82000000,0.35400000,15.66
1749261773,15.83000000,5.63500000,15.66
1749261773,15.85000000,257.70800000,15.66
1749261773,15.86000000,11.38400000,15.66
1749261773,15.87000000,301.01000000,15.66
1749261773,15.88000000,86.19600000,15.66
1749261773,15.89000000,40.95400000,15.66
1749261773,15.90000000,7.35100000,15.66
1749261773,15.91000000,0.66100000,15.66
1749261773,15.96000000,2.36300000,15.66
1749261773,15.97000000,1.99700000,15.66
1749261773,15.98000000,178.92400000,15.66
1749261773,15.99000000,3.35400000,15.66
1749261773,16.00000000,3.67000000,15.66
1749261773,16.03000000,0.37400000,15.66
1749261773,16.06000000,2.79700000,15.66
1749261773,16.07000000,153.70800000,15.66
1749261773,16.09000000,9.81000000,15.66
1749261773,16.10000000,3.26400000,15.66
1749261773,16.11000000,1.55300000,15.66
1749261773,16.12000000,78.17100000,15.66
1749261773,16.15000000,0.82000000,15.66
1749261773,16.16000000,2.98500000,15.66
1749261773,16.18000000,0.66100000,15.66
1749261773,16.19000000,3.49500000,15.66
1749261773,16.20000000,2.33600000,15.66
1749261773,16.22000000,3.70200000,15.66
1749261773,16.27000000,1.65900000,15.66
1749261773,16.30000000,2.82900000,15.66
1749261773,16.33000000,2.63800000,15.66
1749261773,16.34000000,0.62100000,15.66
1749261773,16.35000000,1.04700000,15.66
1749261773,16.36000000,1.38300000,15.66
1749261773,16.37000000,0.34200000,15.66
1749261773,16.41000000,0.86200000,15.66
1749261773,16.42000000,1.94900000,15.66
1749261773,16.44000000,79.44700000,15.66
1749261773,16.45000000,0.66100000,15.66
1749261773,16.48000000,0.71900000,15.66
1749261773,16.49000000,2.63800000,15.66
1749261773,16.50000000,2.82900000,15.66
1749261773,16.54000000,0.66100000,15.66
1749261773,16.58000000,2.33600000,15.66
1749261773,16.60000000,0.68500000,15.66
1749261773,16.61000000,0.35000000,15.66
1749261773,16.64000000,1.74200000,15.66
1749261773,16.65000000,1.00000000,15.66
1749261773,16.66000000,3.43000000,15.66
1749261773,16.67000000,0.35000000,15.66
1749261773,16.68000000,0.47700000,15.66
1749261773,16.69000000,1.29600000,15.66
1749261773,16.71000000,2.82900000,15.66
1749261773,16.73000000,0.66100000,15.66
1749261773,16.77000000,0.47700000,15.66
1749261773,16.79000000,0.42700000,15.66
1749261773,16.80000000,5.99400000,15.66
1749261773,16.81000000,0.33300000,15.66
1749261773,16.82000000,0.66100000,15.66
1749261773,16.83000000,2.63800000,15.66
1749261773,16.85000000,0.36400000,15.66
1749261773,16.88000000,0.82000000,15.66
1749261773,16.89000000,59.55400000,15.66
1749261773,16.90000000,2.73600000,15.66
1749261773,16.92000000,5.17500000,15.66
1749261773,16.93000000,3.90800000,15.66
1749261773,16.94000000,0.35500000,15.66
1749261773,16.95000000,0.39300000,15.66
1749261773,16.96000000,2.33600000,15.66
1749261773,16.98000000,29.79700000,15.66
1749261773,16.99000000,2.63800000,15.66
1749261773,17.00000000,143.66800000,15.66
1749261773,17.01000000,10.65700000,15.66
1749261773,17.05000000,1.40900000,15.66
1749261773,17.06000000,1.12900000,15.66
1749261773,17.07000000,1.00000000,15.66
1749261773,17.08000000,0.32200000,15.66
1749261773,17.10000000,0.66100000,15.66
1749261773,17.12000000,0.98700000,15.66
1749261773,17.13000000,2.82900000,15.66
1749261773,17.15000000,1.47600000,15.66
1749261773,17.16000000,8.49500000,15.66
1749261773,17.17000000,2.05700000,15.66
1749261773,17.20000000,23.01900000,15.66
1749261773,17.22000000,1.89600000,15.66
1749261773,17.23000000,1.04400000,15.66
1749261773,17.24000000,0.35500000,15.66
1749262076,15.66000000,55.22900000,15.66
1749262076,15.67000000,161.40800000,15.66
1749262076,15.68000000,586.72600000,15.66
1749262076,15.69000000,719.82000000,15.66
1749262076,15.70000000,253.53000000,15.66
1749262076,15.71000000,64.52700000,15.66
1749262076,15.72000000,56.89800000,15.66
1749262076,15.73000000,50.56500000,15.66
1749262076,15.74000000,175.23800000,15.66
1749262076,15.75000000,34.00500000,15.66
1749262076,15.76000000,34.00400000,15.66
1749262076,15.77000000,40.34800000,15.66
1749262076,15.78000000,28.43400000,15.66
1749262076,15.80000000,0.76000000,15.66
1749262076,15.82000000,0.35400000,15.66
1749262076,15.83000000,269.38700000,15.66
1749262076,15.85000000,257.70800000,15.66
1749262076,15.86000000,11.38400000,15.66
1749262076,15.87000000,44.58000000,15.66
1749262076,15.88000000,86.19600000,15.66
1749262076,15.89000000,40.95400000,15.66
1749262076,15.90000000,9.71400000,15.66
1749262076,15.91000000,0.66100000,15.66
1749262076,15.94000000,162.65800000,15.66
1749262076,15.97000000,1.99700000,15.66
1749262076,15.98000000,16.26600000,15.66
1749262076,15.99000000,3.35400000,15.66
1749262076,16.00000000,3.67000000,15.66
1749262076,16.01000000,2.74900000,15.66
1749262076,16.02000000,153.22200000,15.66
1749262076,16.03000000,0.37400000,15.66
1749262076,16.07000000,0.48600000,15.66
1749262076,16.09000000,9.81000000,15.66
1749262076,16.10000000,3.26400000,15.66
1749262076,16.11000000,1.55300000,15.66
1749262076,16.12000000,78.17100000,15.66
1749262076,16.15000000,0.82000000,15.66
1749262076,16.16000000,2.98500000,15.66
1749262076,16.18000000,0.66100000,15.66
1749262076,16.19000000,0.49400000,15.66
1749262076,16.20000000,2.33600000,15.66
1749262076,16.21000000,3.00100000,15.66
1749262076,16.22000000,3.70200000,15.66
1749262076,16.27000000,1.65900000,15.66
1749262076,16.30000000,2.82900000,15.66
1749262076,16.33000000,2.63800000,15.66
1749262076,16.34000000,0.62100000,15.66
1749262076,16.35000000,1.04700000,15.66
1749262076,16.36000000,1.38300000,15.66
1749262076,16.37000000,0.34200000,15.66
1749262076,16.39000000,79.44700000,15.66
1749262076,16.41000000,0.86200000,15.66
1749262076,16.42000000,1.94900000,15.66
1749262076,16.45000000,0.66100000,15.66
1749262076,16.48000000,0.71900000,15.66
1749262076,16.49000000,2.63800000,15.66
1749262076,16.50000000,2.82900000,15.66
1749262076,16.54000000,0.66100000,15.66
1749262076,16.58000000,2.33600000,15.66
1749262076,16.60000000,0.68500000,15.66
1749262076,16.61000000,0.35000000,15.66
1749262076,16.64000000,1.74200000,15.66
1749262076,16.65000000,1.00000000,15.66
1749262076,16.66000000,3.43000000,15.66
1749262076,16.67000000,0.35000000,15.66
1749262076,16.68000000,0.47700000,15.66
1749262076,16.69000000,1.29600000,15.66
1749262076,16.71000000,2.82900000,15.66
1749262076,16.73000000,0.66100000,15.66
1749262076,16.77000000,0.47700000,15.66
1749262076,16.79000000,0.42700000,15.66
1749262076,16.80000000,5.99400000,15.66
1749262076,16.81000000,0.33300000,15.66
1749262076,16.82000000,0.66100000,15.66
1749262076,16.83000000,2.63800000,15.66
1749262076,16.85000000,0.36400000,15.66
1749262076,16.88000000,0.82000000,15.66
1749262076,16.89000000,59.55400000,15.66
1749262076,16.90000000,2.73600000,15.66
1749262076,16.92000000,5.17500000,15.66
1749262076,16.93000000,3.90800000,15.66
1749262076,16.94000000,0.35500000,15.66
1749262076,16.95000000,0.39300000,15.66
1749262076,16.96000000,2.33600000,15.66
1749262076,16.98000000,29.79700000,15.66
1749262076,16.99000000,2.63800000,15.66
1749262076,17.00000000,143.66800000,15.66
1749262076,17.01000000,10.65700000,15.66
1749262076,17.05000000,1.40900000,15.66
1749262076,17.06000000,1.12900000,15.66
1749262076,17.07000000,1.00000000,15.66
1749262076,17.08000000,0.32200000,15.66
1749262076,17.10000000,0.66100000,15.66
1749262076,17.12000000,0.98700000,15.66
1749262076,17.13000000,2.82900000,15.66
1749262076,17.15000000,1.47600000,15.66
1749262076,17.16000000,8.49500000,15.66
1749262076,17.17000000,2.05700000,15.66
1749262076,17.20000000,23.01900000,15.66
1749262076,17.22000000,1.89600000,15.66
1749262382,15.71000000,113.64900000,15.7
1749262382,15.72000000,737.63000000,15.7
1749262382,15.73000000,516.35600000,15.7
1749262382,15.74000000,281.45000000,15.7
1749262382,15.75000000,64.16400000,15.7
1749262382,15.76000000,55.69000000,15.7
1749262382,15.77000000,57.40700000,15.7
1749262382,15.78000000,185.11500000,15.7
1749262382,15.79000000,51.00400000,15.7
1749262382,15.80000000,34.71600000,15.7
1749262382,15.81000000,33.94100000,15.7
1749262382,15.82000000,34.28400000,15.7
1749262382,15.83000000,24.70500000,15.7
1749262382,15.85000000,257.70800000,15.7
1749262382,15.86000000,11.38400000,15.7
1749262382,15.87000000,265.90800000,15.7
1749262382,15.88000000,86.19600000,15.7
1749262382,15.90000000,7.35100000,15.7
1749262382,15.91000000,0.66100000,15.7
1749262382,15.92000000,38.38700000,15.7
1749262382,15.93000000,40.95400000,15.7
1749262382,15.97000000,4.35400000,15.7
1749262382,15.98000000,178.92400000,15.7
1749262382,15.99000000,3.35400000,15.7
1749262382,16.00000000,3.67000000,15.7
1749262382,16.03000000,0.37400000,15.7
1749262382,16.06000000,2.74900000,15.7
1749262382,16.07000000,153.70800000,15.7
1749262382,16.09000000,9.81000000,15.7
1749262382,16.10000000,3.26400000,15.7
1749262382,16.11000000,1.55300000,15.7
1749262382,16.12000000,78.17100000,15.7
1749262382,16.15000000,0.82000000,15.7
1749262382,16.16000000,2.98500000,15.7
1749262382,16.18000000,0.66100000,15.7
1749262382,16.19000000,0.49400000,15.7
1749262382,16.20000000,2.33600000,15.7
1749262382,16.21000000,3.00100000,15.7
1749262382,16.22000000,3.70200000,15.7
1749262382,16.27000000,1.65900000,15.7
1749262382,16.30000000,2.82900000,15.7
1749262382,16.33000000,2.63800000,15.7
1749262382,16.34000000,0.62100000,15.7
1749262382,16.35000000,1.04700000,15.7
1749262382,16.36000000,1.38300000,15.7
1749262382,16.37000000,0.34200000,15.7
1749262382,16.41000000,0.86200000,15.7
1749262382,16.42000000,1.94900000,15.7
1749262382,16.44000000,79.44700000,15.7
1749262382,16.45000000,0.66100000,15.7
1749262382,16.48000000,0.71900000,15.7
1749262382,16.49000000,2.63800000,15.7
1749262382,16.50000000,2.82900000,15.7
1749262382,16.54000000,0.66100000,15.7
1749262382,16.58000000,2.33600000,15.7
1749262382,16.60000000,0.68500000,15.7
1749262382,16.61000000,0.35000000,15.7
1749262382,16.64000000,1.74200000,15.7
1749262382,16.65000000,1.00000000,15.7
1749262382,16.66000000,3.43000000,15.7
1749262382,16.67000000,0.35000000,15.7
1749262382,16.68000000,0.47700000,15.7
1749262382,16.69000000,1.29600000,15.7
1749262382,16.71000000,3.54800000,15.7
1749262382,16.73000000,0.66100000,15.7
1749262382,16.77000000,0.47700000,15.7
1749262382,16.79000000,0.42700000,15.7
1749262382,16.80000000,5.99400000,15.7
1749262382,16.81000000,0.33300000,15.7
1749262382,16.82000000,0.66100000,15.7
1749262382,16.83000000,2.63800000,15.7
1749262382,16.85000000,0.36400000,15.7
1749262382,16.88000000,0.82000000,15.7
1749262382,16.89000000,59.55400000,15.7
1749262382,16.90000000,2.73600000,15.7
1749262382,16.92000000,3.49000000,15.7
1749262382,16.93000000,3.90800000,15.7
1749262382,16.94000000,0.35500000,15.7
1749262382,16.95000000,0.39300000,15.7
1749262382,16.96000000,3.30200000,15.7
1749262382,16.98000000,29.79700000,15.7
1749262382,16.99000000,2.63800000,15.7
1749262382,17.00000000,143.66800000,15.7
1749262382,17.01000000,10.65700000,15.7
1749262382,17.05000000,1.40900000,15.7
1749262382,17.06000000,1.12900000,15.7
1749262382,17.07000000,1.00000000,15.7
1749262382,17.08000000,0.32200000,15.7
1749262382,17.10000000,0.66100000,15.7
1749262382,17.12000000,0.98700000,15.7
1749262382,17.13000000,2.82900000,15.7
1749262382,17.15000000,1.47600000,15.7
1749262382,17.16000000,8.49500000,15.7
1749262382,17.17000000,2.05700000,15.7
1749262382,17.20000000,23.01900000,15.7
1749262382,17.22000000,1.89600000,15.7
1749262382,17.23000000,1.04400000,15.7
1749262382,17.24000000,0.35500000,15.7
1749262382,17.26000000,2.00000000,15.7
1749262382,17.27000000,1.58700000,15.7
1749262684,15.73000000,58.43200000,15.72
1749262684,15.74000000,385.57000000,15.72
1749262684,15.75000000,450.15200000,15.72
1749262684,15.76000000,309.94900000,15.72
1749262684,15.77000000,127.61900000,15.72
1749262684,15.78000000,55.55700000,15.72
1749262684,15.79000000,60.89800000,15.72
1749262684,15.80000000,342.90900000,15.72
1749262684,15.81000000,52.81500000,15.72
1749262684,15.82000000,182.02200000,15.72
1749262684,15.83000000,48.84200000,15.72
1749262684,15.84000000,33.90400000,15.72
1749262684,15.85000000,291.60300000,15.72
1749262684,15.86000000,26.23400000,15.72
1749262684,15.87000000,6.07200000,15.72
1749262684,15.88000000,86.19600000,15.72
1749262684,15.90000000,7.35100000,15.72
1749262684,15.91000000,262.41300000,15.72
1749262684,15.96000000,40.58100000,15.72
1749262684,15.97000000,42.95100000,15.72
1749262684,15.98000000,178.92400000,15.72
1749262684,15.99000000,3.35400000,15.72
1749262684,16.00000000,3.67000000,15.72
1749262684,16.03000000,0.37400000,15.72
1749262684,16.06000000,2.79900000,15.72
1749262684,16.07000000,153.70800000,15.72
1749262684,16.09000000,0.66100000,15.72
1749262684,16.10000000,3.26400000,15.72
1749262684,16.11000000,1.55300000,15.72
1749262684,16.14000000,9.14900000,15.72
1749262684,16.15000000,0.82000000,15.72
1749262684,16.16000000,2.98500000,15.72
1749262684,16.17000000,78.17100000,15.72
1749262684,16.18000000,0.66100000,15.72
1749262684,16.19000000,0.49400000,15.72
1749262684,16.20000000,2.33600000,15.72
1749262684,16.22000000,3.70200000,15.72
1749262684,16.26000000,2.99000000,15.72
1749262684,16.27000000,1.65900000,15.72
1749262684,16.30000000,2.82900000,15.72
1749262684,16.33000000,2.63800000,15.72
1749262684,16.34000000,0.62100000,15.72
1749262684,16.35000000,1.04700000,15.72
1749262684,16.36000000,1.38300000,15.72
1749262684,16.37000000,0.34200000,15.72
1749262684,16.41000000,0.86200000,15.72
1749262684,16.42000000,1.94900000,15.72
1749262684,16.44000000,79.44700000,15.72
1749262684,16.45000000,0.66100000,15.72
1749262684,16.48000000,0.71900000,15.72
1749262684,16.49000000,2.63800000,15.72
1749262684,16.50000000,2.82900000,15.72
1749262684,16.54000000,0.66100000,15.72
1749262684,16.58000000,2.33600000,15.72
1749262684,16.60000000,0.68500000,15.72
1749262684,16.61000000,0.35000000,15.72
1749262684,16.64000000,1.74200000,15.72
1749262684,16.65000000,1.00000000,15.72
1749262684,16.66000000,3.43000000,15.72
1749262684,16.67000000,0.35000000,15.72
1749262684,16.68000000,0.47700000,15.72
1749262684,16.69000000,1.29600000,15.72
1749262684,16.71000000,3.54800000,15.72
1749262684,16.73000000,0.66100000,15.72
1749262684,16.77000000,0.47700000,15.72
1749262684,16.79000000,0.42700000,15.72
1749262684,16.80000000,5.99400000,15.72
1749262684,16.81000000,0.33300000,15.72
1749262684,16.82000000,0.66100000,15.72
1749262684,16.83000000,2.63800000,15.72
1749262684,16.85000000,0.36400000,15.72
1749262684,16.88000000,0.82000000,15.72
1749262684,16.89000000,59.55400000,15.72
1749262684,16.90000000,2.73600000,15.72
1749262684,16.92000000,3.49000000,15.72
1749262684,16.93000000,3.90800000,15.72
1749262684,16.94000000,0.35500000,15.72
1749262684,16.95000000,0.39300000,15.72
1749262684,16.96000000,3.30200000,15.72
1749262684,16.98000000,29.79700000,15.72
1749262684,16.99000000,2.63800000,15.72
1749262684,17.00000000,143.66800000,15.72
1749262684,17.01000000,10.65700000,15.72
1749262684,17.05000000,1.40900000,15.72
1749262684,17.06000000,1.12900000,15.72
1749262684,17.07000000,1.00000000,15.72
1749262684,17.08000000,0.32200000,15.72
1749262684,17.10000000,0.66100000,15.72
1749262684,17.12000000,0.98700000,15.72
1749262684,17.13000000,2.82900000,15.72
1749262684,17.15000000,1.47600000,15.72
1749262684,17.16000000,8.49500000,15.72
1749262684,17.17000000,2.05700000,15.72
1749262684,17.20000000,23.01900000,15.72
1749262684,17.22000000,1.89600000,15.72
1749262684,17.23000000,1.04400000,15.72
1749262684,17.24000000,0.35500000,15.72
1749262684,17.26000000,2.00000000,15.72
1749262684,17.27000000,1.58700000,15.72
1749262684,17.29000000,0.98500000,15.72
1749262987,15.73000000,41.10100000,15.72
1749262987,15.74000000,133.98100000,15.72
1749262987,15.75000000,371.92600000,15.72
1749262987,15.76000000,577.31700000,15.72
1749262987,15.77000000,527.49400000,15.72
1749262987,15.78000000,128.66100000,15.72
1749262987,15.79000000,69.88700000,15.72
1749262987,15.80000000,213.83400000,15.72
1749262987,15.81000000,69.84300000,15.72
1749262987,15.82000000,40.62000000,15.72
1749262987,15.83000000,48.85000000,15.72
1749262987,15.84000000,33.89900000,15.72
1749262987,15.85000000,291.60300000,15.72
1749262987,15.86000000,26.23400000,15.72
1749262987,15.87000000,6.07200000,15.72
1749262987,15.88000000,86.19600000,15.72
1749262987,15.90000000,7.35100000,15.72
1749262987,15.91000000,262.41300000,15.72
1749262987,15.92000000,38.38700000,15.72
1749262987,15.96000000,2.29000000,15.72
1749262987,15.97000000,42.95100000,15.72
1749262987,15.98000000,178.92400000,15.72
1749262987,15.99000000,3.35400000,15.72
1749262987,16.00000000,3.67000000,15.72
1749262987,16.03000000,0.37400000,15.72
1749262987,16.06000000,2.79900000,15.72
1749262987,16.07000000,153.70800000,15.72
1749262987,16.09000000,0.66100000,15.72
1749262987,16.10000000,3.26400000,15.72
1749262987,16.11000000,1.55300000,15.72
1749262987,16.14000000,9.14900000,15.72
1749262987,16.15000000,0.82000000,15.72
1749262987,16.16000000,2.98500000,15.72
1749262987,16.17000000,78.17100000,15.72
1749262987,16.18000000,0.66100000,15.72
1749262987,16.19000000,0.49400000,15.72
1749262987,16.20000000,2.33600000,15.72
1749262987,16.22000000,3.70200000,15.72
1749262987,16.26000000,2.99000000,15.72
1749262987,16.27000000,1.65900000,15.72
1749262987,16.30000000,2.82900000,15.72
1749262987,16.33000000,2.63800000,15.72
1749262987,16.34000000,0.62100000,15.72
1749262987,16.35000000,1.04700000,15.72
1749262987,16.36000000,1.38300000,15.72
1749262987,16.37000000,0.34200000,15.72
1749262987,16.41000000,0.86200000,15.72
1749262987,16.42000000,1.94900000,15.72
1749262987,16.44000000,79.44700000,15.72
1749262987,16.45000000,0.66100000,15.72
1749262987,16.48000000,0.71900000,15.72
1749262987,16.49000000,2.63800000,15.72
1749262987,16.50000000,2.82900000,15.72
1749262987,16.54000000,0.66100000,15.72
1749262987,16.58000000,2.33600000,15.72
1749262987,16.60000000,0.68500000,15.72
1749262987,16.61000000,0.35000000,15.72
1749262987,16.64000000,1.74200000,15.72
1749262987,16.65000000,1.00000000,15.72
1749262987,16.66000000,3.43000000,15.72
1749262987,16.67000000,0.35000000,15.72
1749262987,16.68000000,0.47700000,15.72
1749262987,16.69000000,1.29600000,15.72
1749262987,16.71000000,3.54800000,15.72
1749262987,16.73000000,0.66100000,15.72
1749262987,16.77000000,0.47700000,15.72
1749262987,16.79000000,0.42700000,15.72
1749262987,16.80000000,5.99400000,15.72
1749262987,16.81000000,0.33300000,15.72
1749262987,16.82000000,0.66100000,15.72
1749262987,16.83000000,2.63800000,15.72
1749262987,16.85000000,0.36400000,15.72
1749262987,16.88000000,0.82000000,15.72
1749262987,16.89000000,59.55400000,15.72
1749262987,16.90000000,2.73600000,15.72
1749262987,16.92000000,3.49000000,15.72
1749262987,16.93000000,3.90800000,15.72
1749262987,16.94000000,0.35500000,15.72
1749262987,16.95000000,0.39300000,15.72
1749262987,16.96000000,3.30200000,15.72
1749262987,16.98000000,29.79700000,15.72
1749262987,16.99000000,2.63800000,15.72
1749262987,17.00000000,143.66800000,15.72
1749262987,17.01000000,10.65700000,15.72
1749262987,17.05000000,1.40900000,15.72
1749262987,17.06000000,1.12900000,15.72
1749262987,17.07000000,1.00000000,15.72
1749262987,17.08000000,0.32200000,15.72
1749262987,17.10000000,0.66100000,15.72
1749262987,17.12000000,0.98700000,15.72
1749262987,17.13000000,2.82900000,15.72
1749262987,17.15000000,1.47600000,15.72
1749262987,17.16000000,8.49500000,15.72
1749262987,17.17000000,2.05700000,15.72
1749262987,17.20000000,23.01900000,15.72
1749262987,17.22000000,1.89600000,15.72
1749262987,17.23000000,1.04400000,15.72
1749262987,17.24000000,0.35500000,15.72
1749262987,17.26000000,2.00000000,15.72
1749262987,17.27000000,1.58700000,15.72
1749263301,15.74000000,81.50800000,15.73
1749263301,15.75000000,222.92300000,15.73
1749263301,15.76000000,511.21800000,15.73
1749263301,15.77000000,369.63200000,15.73
1749263301,15.78000000,279.71600000,15.73
1749263301,15.79000000,340.80100000,15.73
1749263301,15.80000000,83.13600000,15.73
1749263301,15.81000000,69.83400000,15.73
1749263301,15.82000000,202.70800000,15.73
1749263301,15.83000000,67.73400000,15.73
1749263301,15.84000000,33.88400000,15.73
1749263301,15.85000000,291.59500000,15.73
1749263301,15.86000000,45.26300000,15.73
1749263301,15.87000000,6.07200000,15.73
1749263301,15.88000000,101.04600000,15.73
1749263301,15.90000000,22.20100000,15.73
1749263301,15.91000000,277.26300000,15.73
1749263301,15.96000000,2.22500000,15.73
1749263301,15.97000000,81.21800000,15.73
1749263301,15.98000000,16.26600000,15.73
1749263301,15.99000000,3.35400000,15.73
1749263301,16.00000000,3.67000000,15.73
1749263301,16.03000000,163.03200000,15.73
1749263301,16.06000000,2.79700000,15.73
1749263301,16.07000000,153.70800000,15.73
1749263301,16.09000000,0.66100000,15.73
1749263301,16.10000000,3.26400000,15.73
1749263301,16.11000000,1.55300000,15.73
1749263301,16.14000000,9.14900000,15.73
1749263301,16.15000000,0.82000000,15.73
1749263301,16.16000000,2.98500000,15.73
1749263301,16.17000000,78.17100000,15.73
1749263301,16.18000000,0.66100000,15.73
1749263301,16.19000000,0.49400000,15.73
1749263301,16.20000000,2.33600000,15.73
1749263301,16.22000000,3.70200000,15.73
1749263301,16.26000000,2.99000000,15.73
1749263301,16.27000000,1.65900000,15.73
1749263301,16.30000000,2.82900000,15.73
1749263301,16.33000000,2.63800000,15.73
1749263301,16.34000000,0.62100000,15.73
1749263301,16.35000000,1.04700000,15.73
1749263301,16.36000000,1.38300000,15.73
1749263301,16.37000000,0.34200000,15.73
1749263301,16.41000000,0.86200000,15.73
1749263301,16.42000000,1.94900000,15.73
1749263301,16.44000000,15.56300000,15.73
1749263301,16.45000000,0.66100000,15.73
1749263301,16.48000000,0.71900000,15.73
1749263301,16.49000000,66.52200000,15.73
1749263301,16.50000000,2.82900000,15.73
1749263301,16.54000000,0.66100000,15.73
1749263301,16.58000000,2.33600000,15.73
1749263301,16.60000000,0.68500000,15.73
1749263301,16.61000000,0.35000000,15.73
1749263301,16.64000000,1.74200000,15.73
1749263301,16.65000000,1.00000000,15.73
1749263301,16.66000000,3.43000000,15.73
1749263301,16.67000000,0.35000000,15.73
1749263301,16.68000000,0.47700000,15.73
1749263301,16.69000000,1.29600000,15.73
1749263301,16.71000000,3.54800000,15.73
1749263301,16.73000000,0.66100000,15.73
1749263301,16.77000000,0.47700000,15.73
1749263301,16.79000000,0.42700000,15.73
1749263301,16.80000000,5.99400000,15.73
1749263301,16.81000000,0.33300000,15.73
1749263301,16.82000000,0.66100000,15.73
1749263301,16.83000000,2.63800000,15.73
1749263301,16.85000000,0.36400000,15.73
1749263301,16.88000000,0.82000000,15.73
1749263301,16.89000000,59.55400000,15.73
1749263301,16.90000000,2.73600000,15.73
1749263301,16.92000000,3.49000000,15.73
1749263301,16.93000000,3.90800000,15.73
1749263301,16.94000000,0.35500000,15.73
1749263301,16.95000000,0.39300000,15.73
1749263301,16.96000000,3.30200000,15.73
1749263301,16.98000000,29.79700000,15.73
1749263301,16.99000000,2.63800000,15.73
1749263301,17.00000000,143.66800000,15.73
1749263301,17.01000000,10.65700000,15.73
1749263301,17.05000000,1.40900000,15.73
1749263301,17.06000000,1.12900000,15.73
1749263301,17.07000000,1.00000000,15.73
1749263301,17.08000000,0.32200000,15.73
1749263301,17.10000000,0.66100000,15.73
1749263301,17.12000000,0.98700000,15.73
1749263301,17.13000000,2.82900000,15.73
1749263301,17.15000000,1.47600000,15.73
1749263301,17.16000000,8.49500000,15.73
1749263301,17.17000000,2.05700000,15.73
1749263301,17.20000000,23.01900000,15.73
1749263301,17.22000000,1.89600000,15.73
1749263301,17.23000000,1.04400000,15.73
1749263301,17.24000000,0.35500000,15.73
1749263301,17.26000000,2.00000000,15.73
1749263301,17.27000000,1.58700000,15.73
1749263301,17.29000000,0.98500000,15.73
1749263301,17.31000000,9.14100000,15.73
1749263602,15.74000000,50.09100000,15.74
1749263602,15.75000000,151.33500000,15.74
1749263602,15.76000000,524.62300000,15.74
1749263602,15.77000000,397.50400000,15.74
1749263602,15.78000000,312.68500000,15.74
1749263602,15.79000000,331.33200000,15.74
1749263602,15.80000000,65.82600000,15.74
1749263602,15.81000000,69.81800000,15.74
1749263602,15.82000000,207.98800000,15.74
1749263602,15.83000000,65.81800000,15.74
1749263602,15.84000000,33.89800000,15.74
1749263602,15.85000000,291.59600000,15.74
1749263602,15.86000000,45.26700000,15.74
1749263602,15.87000000,20.92200000,15.74
1749263602,15.88000000,101.04600000,15.74
1749263602,15.90000000,22.20100000,15.74
1749263602,15.91000000,277.26300000,15.74
1749263602,15.93000000,53.21300000,15.74
1749263602,15.97000000,42.95100000,15.74
1749263602,15.98000000,16.26600000,15.74
1749263602,15.99000000,5.57800000,15.74
1749263602,16.00000000,3.67000000,15.74
1749263602,16.03000000,163.03200000,15.74
1749263602,16.07000000,156.50300000,15.74
1749263602,16.09000000,0.66100000,15.74
1749263602,16.10000000,3.26400000,15.74
1749263602,16.11000000,1.55300000,15.74
1749263602,16.14000000,9.14900000,15.74
1749263602,16.15000000,0.82000000,15.74
1749263602,16.16000000,2.98500000,15.74
1749263602,16.17000000,78.17100000,15.74
1749263602,16.18000000,0.66100000,15.74
1749263602,16.19000000,0.49400000,15.74
1749263602,16.20000000,2.33600000,15.74
1749263602,16.22000000,3.70200000,15.74
1749263602,16.27000000,1.65900000,15.74
1749263602,16.29000000,3.05000000,15.74
1749263602,16.30000000,2.82900000,15.74
1749263602,16.33000000,2.63800000,15.74
1749263602,16.34000000,0.62100000,15.74
1749263602,16.35000000,1.04700000,15.74
1749263602,16.36000000,1.38300000,15.74
1749263602,16.37000000,0.34200000,15.74
1749263602,16.41000000,0.86200000,15.74
1749263602,16.42000000,1.94900000,15.74
1749263602,16.44000000,15.56300000,15.74
1749263602,16.45000000,0.66100000,15.74
1749263602,16.48000000,0.71900000,15.74
1749263602,16.49000000,66.52200000,15.74
1749263602,16.50000000,2.82900000,15.74
1749263602,16.54000000,0.66100000,15.74
1749263602,16.58000000,2.33600000,15.74
1749263602,16.60000000,0.68500000,15.74
1749263602,16.61000000,0.35000000,15.74
1749263602,16.64000000,1.74200000,15.74
1749263602,16.65000000,1.00000000,15.74
1749263602,16.66000000,3.43000000,15.74
1749263602,16.67000000,0.35000000,15.74
1749263602,16.68000000,0.47700000,15.74
1749263602,16.69000000,1.29600000,15.74
1749263602,16.71000000,3.54800000,15.74
1749263602,16.73000000,0.66100000,15.74
1749263602,16.77000000,0.47700000,15.74
1749263602,16.79000000,0.42700000,15.74
1749263602,16.80000000,5.99400000,15.74
1749263602,16.81000000,0.33300000,15.74
1749263602,16.82000000,0.66100000,15.74
1749263602,16.83000000,2.63800000,15.74
1749263602,16.85000000,0.36400000,15.74
1749263602,16.88000000,0.82000000,15.74
1749263602,16.89000000,59.55400000,15.74
1749263602,16.90000000,2.73600000,15.74
1749263602,16.92000000,3.49000000,15.74
1749263602,16.93000000,3.90800000,15.74
1749263602,16.94000000,0.35500000,15.74
1749263602,16.95000000,0.39300000,15.74
1749263602,16.96000000,3.30200000,15.74
1749263602,16.98000000,29.79700000,15.74
1749263602,16.99000000,2.63800000,15.74
1749263602,17.00000000,143.66800000,15.74
1749263602,17.01000000,10.65700000,15.74
1749263602,17.05000000,1.40900000,15.74
1749263602,17.06000000,1.12900000,15.74
1749263602,17.07000000,1.00000000,15.74
1749263602,17.08000000,0.32200000,15.74
1749263602,17.10000000,0.66100000,15.74
1749263602,17.12000000,0.98700000,15.74
1749263602,17.13000000,2.82900000,15.74
1749263602,17.15000000,1.47600000,15.74
1749263602,17.16000000,8.49500000,15.74
1749263602,17.17000000,2.05700000,15.74
1749263602,17.20000000,23.01900000,15.74
1749263602,17.22000000,1.89600000,15.74
1749263602,17.23000000,1.04400000,15.74
1749263602,17.24000000,0.35500000,15.74
1749263602,17.26000000,2.00000000,15.74
1749263602,17.27000000,1.58700000,15.74
1749263602,17.29000000,0.98500000,15.74
1749263602,17.31000000,9.14100000,15.74
1749263602,17.33000000,2.63800000,15.74
1749263904,15.77000000,29.29300000,15.76
1749263904,15.78000000,70.14200000,15.76
1749263904,15.79000000,155.04400000,15.76
1749263904,15.80000000,269.47400000,15.76
1749263904,15.81000000,122.61800000,15.76
1749263904,15.82000000,91.70500000,15.76
1749263904,15.83000000,337.97400000,15.76
1749263904,15.84000000,74.37600000,15.76
1749263904,15.85000000,337.08400000,15.76
1749263904,15.86000000,190.48600000,15.76
1749263904,15.87000000,46.30100000,15.76
1749263904,15.88000000,84.07400000,15.76
1749263904,15.89000000,33.84700000,15.76
1749263904,15.90000000,22.20100000,15.76
1749263904,15.91000000,15.51100000,15.76
1749263904,15.92000000,50.83100000,15.76
1749263904,15.93000000,53.21300000,15.76
1749263904,15.95000000,258.64600000,15.76
1749263904,15.97000000,16.84700000,15.76
1749263904,15.98000000,31.11600000,15.76
1749263904,15.99000000,3.35400000,15.76
1749263904,16.00000000,20.80400000,15.76
1749263904,16.01000000,55.80400000,15.76
1749263904,16.03000000,162.65800000,15.76
1749263904,16.07000000,0.48600000,15.76
1749263904,16.09000000,0.66100000,15.76
1749263904,16.10000000,2.82900000,15.76
1749263904,16.11000000,3.78400000,15.76
1749263904,16.12000000,153.22200000,15.76
1749263904,16.14000000,9.14900000,15.76
1749263904,16.15000000,0.82000000,15.76
1749263904,16.16000000,2.98500000,15.76
1749263904,16.18000000,0.66100000,15.76
1749263904,16.20000000,2.33600000,15.76
1749263904,16.22000000,81.87300000,15.76
1749263904,16.27000000,4.76800000,15.76
1749263904,16.30000000,2.82900000,15.76
1749263904,16.33000000,2.63800000,15.76
1749263904,16.34000000,0.62100000,15.76
1749263904,16.35000000,0.43500000,15.76
1749263904,16.36000000,1.38300000,15.76
1749263904,16.37000000,0.34200000,15.76
1749263904,16.41000000,0.37400000,15.76
1749263904,16.42000000,1.34000000,15.76
1749263904,16.45000000,0.66100000,15.76
1749263904,16.48000000,0.71900000,15.76
1749263904,16.49000000,82.08500000,15.76
1749263904,16.50000000,2.82900000,15.76
1749263904,16.54000000,0.66100000,15.76
1749263904,16.58000000,2.33600000,15.76
1749263904,16.60000000,0.68500000,15.76
1749263904,16.61000000,0.35000000,15.76
1749263904,16.64000000,1.74200000,15.76
1749263904,16.65000000,1.00000000,15.76
1749263904,16.66000000,3.43000000,15.76
1749263904,16.67000000,0.35000000,15.76
1749263904,16.68000000,0.47700000,15.76
1749263904,16.69000000,1.29600000,15.76
1749263904,16.71000000,3.54800000,15.76
1749263904,16.73000000,0.66100000,15.76
1749263904,16.77000000,0.47700000,15.76
1749263904,16.79000000,0.42700000,15.76
1749263904,16.80000000,5.99400000,15.76
1749263904,16.81000000,0.33300000,15.76
1749263904,16.82000000,0.66100000,15.76
1749263904,16.83000000,2.63800000,15.76
1749263904,16.85000000,0.36400000,15.76
1749263904,16.88000000,0.82000000,15.76
1749263904,16.89000000,59.55400000,15.76
1749263904,16.90000000,2.73600000,15.76
1749263904,16.92000000,3.49000000,15.76
1749263904,16.93000000,3.90800000,15.76
1749263904,16.94000000,0.35500000,15.76
1749263904,16.95000000,0.39300000,15.76
1749263904,16.96000000,3.30200000,15.76
1749263904,16.98000000,29.79700000,15.76
1749263904,16.99000000,85.57200000,15.76
1749263904,17.00000000,143.66800000,15.76
1749263904,17.01000000,10.65700000,15.76
1749263904,17.05000000,1.40900000,15.76
1749263904,17.06000000,1.12900000,15.76
1749263904,17.07000000,1.00000000,15.76
1749263904,17.08000000,0.32200000,15.76
1749263904,17.10000000,0.66100000,15.76
1749263904,17.12000000,0.98700000,15.76
1749263904,17.13000000,2.82900000,15.76
1749263904,17.15000000,1.47600000,15.76
1749263904,17.16000000,8.49500000,15.76
1749263904,17.17000000,2.05700000,15.76
1749263904,17.20000000,23.01900000,15.76
1749263904,17.22000000,1.89600000,15.76
1749263904,17.23000000,1.04400000,15.76
1749263904,17.24000000,0.35500000,15.76
1749263904,17.26000000,2.00000000,15.76
1749263904,17.27000000,1.58700000,15.76
1749263904,17.29000000,0.98500000,15.76
1749263904,17.31000000,9.14100000,15.76
1749263904,17.33000000,2.63800000,15.76
1749263904,17.35000000,2.82900000,15.76
1749263904,17.36000000,2.33600000,15.76
1749264206,15.77000000,52.14400000,15.76
1749264206,15.78000000,112.26200000,15.76
1749264206,15.79000000,477.16100000,15.76
1749264206,15.80000000,591.77000000,15.76
1749264206,15.81000000,456.47900000,15.76
1749264206,15.82000000,159.29700000,15.76
1749264206,15.83000000,65.75300000,15.76
1749264206,15.84000000,226.73900000,15.76
1749264206,15.85000000,325.67300000,15.76
1749264206,15.86000000,33.86000000,15.76
1749264206,15.87000000,46.29000000,15.76
1749264206,15.88000000,84.07200000,15.76
1749264206,15.89000000,33.84600000,15.76
1749264206,15.90000000,22.20100000,15.76
1749264206,15.91000000,15.51100000,15.76
1749264206,15.92000000,89.21800000,15.76
1749264206,15.93000000,14.85000000,15.76
1749264206,15.94000000,1.69900000,15.76
1749264206,15.95000000,258.64600000,15.76
1749264206,15.97000000,16.84700000,15.76
1749264206,15.99000000,3.35400000,15.76
1749264206,16.00000000,18.52000000,15.76
1749264206,16.01000000,43.23700000,15.76
1749264206,16.03000000,162.65800000,15.76
1749264206,16.05000000,16.19500000,15.76
1749264206,16.07000000,0.48600000,15.76
1749264206,16.09000000,0.66100000,15.76
1749264206,16.10000000,2.82900000,15.76
1749264206,16.11000000,3.78100000,15.76
1749264206,16.12000000,153.22200000,15.76
1749264206,16.15000000,0.82000000,15.76
1749264206,16.16000000,2.98500000,15.76
1749264206,16.18000000,0.66100000,15.76
1749264206,16.19000000,9.14900000,15.76
1749264206,16.20000000,2.33600000,15.76
1749264206,16.22000000,81.87300000,15.76
1749264206,16.27000000,1.65900000,15.76
1749264206,16.29000000,2.98200000,15.76
1749264206,16.30000000,2.82900000,15.76
1749264206,16.33000000,2.63800000,15.76
1749264206,16.34000000,0.62100000,15.76
1749264206,16.35000000,0.43500000,15.76
1749264206,16.36000000,1.38300000,15.76
1749264206,16.37000000,0.34200000,15.76
1749264206,16.41000000,0.37400000,15.76
1749264206,16.42000000,1.34000000,15.76
1749264206,16.45000000,0.66100000,15.76
1749264206,16.48000000,0.71900000,15.76
1749264206,16.49000000,82.08500000,15.76
1749264206,16.50000000,2.82900000,15.76
1749264206,16.54000000,0.66100000,15.76
1749264206,16.58000000,2.33600000,15.76
1749264206,16.60000000,0.68500000,15.76
1749264206,16.61000000,0.35000000,15.76
1749264206,16.64000000,1.74200000,15.76
1749264206,16.65000000,1.00000000,15.76
1749264206,16.66000000,3.43000000,15.76
1749264206,16.67000000,0.35000000,15.76
1749264206,16.68000000,0.47700000,15.76
1749264206,16.69000000,1.29600000,15.76
1749264206,16.71000000,3.54800000,15.76
1749264206,16.73000000,0.66100000,15.76
1749264206,16.77000000,0.47700000,15.76
1749264206,16.79000000,0.42700000,15.76
1749264206,16.80000000,5.99400000,15.76
1749264206,16.81000000,0.33300000,15.76
1749264206,16.82000000,0.66100000,15.76
1749264206,16.83000000,2.63800000,15.76
1749264206,16.85000000,0.36400000,15.76
1749264206,16.88000000,0.82000000,15.76
1749264206,16.89000000,59.55400000,15.76
1749264206,16.90000000,2.73600000,15.76
1749264206,16.92000000,3.49000000,15.76
1749264206,16.93000000,3.90800000,15.76
1749264206,16.94000000,0.35500000,15.76
1749264206,16.95000000,0.39300000,15.76
1749264206,16.96000000,3.30200000,15.76
1749264206,16.98000000,29.79700000,15.76
1749264206,16.99000000,85.57200000,15.76
1749264206,17.00000000,143.66800000,15.76
1749264206,17.01000000,10.65700000,15.76
1749264206,17.05000000,1.40900000,15.76
1749264206,17.06000000,1.12900000,15.76
1749264206,17.07000000,1.00000000,15.76
1749264206,17.08000000,0.32200000,15.76
1749264206,17.10000000,0.66100000,15.76
1749264206,17.12000000,0.98700000,15.76
1749264206,17.13000000,2.82900000,15.76
1749264206,17.15000000,1.47600000,15.76
1749264206,17.16000000,8.49500000,15.76
1749264206,17.17000000,2.05700000,15.76
1749264206,17.20000000,23.01900000,15.76
1749264206,17.22000000,1.89600000,15.76
1749264206,17.23000000,1.04400000,15.76
1749264206,17.24000000,0.35500000,15.76
1749264206,17.26000000,2.00000000,15.76
1749264206,17.27000000,1.58700000,15.76
1749264206,17.29000000,0.98500000,15.76
1749264206,17.31000000,9.14100000,15.76
1749264206,17.33000000,2.63800000,15.76
1749264507,15.78000000,21.28600000,15.77
1749264507,15.79000000,365.33400000,15.77
1749264507,15.80000000,517.22600000,15.77
1749264507,15.81000000,370.90700000,15.77
1749264507,15.82000000,216.61900000,15.77
1749264507,15.83000000,56.44200000,15.77
1749264507,15.84000000,358.32100000,15.77
1749264507,15.85000000,325.66800000,15.77
1749264507,15.86000000,199.63800000,15.77
1749264507,15.87000000,74.41700000,15.77
1749264507,15.88000000,102.88700000,15.77
1749264507,15.89000000,33.82400000,15.77
1749264507,15.90000000,41.17800000,15.77
1749264507,15.91000000,15.51100000,15.77
1749264507,15.92000000,89.21800000,15.77
1749264507,15.93000000,14.85000000,15.77
1749264507,15.94000000,1.69900000,15.77
1749264507,15.95000000,258.64600000,15.77
1749264507,15.97000000,1.99700000,15.77
1749264507,15.99000000,3.35400000,15.77
1749264507,16.00000000,3.67000000,15.77
1749264507,16.01000000,40.95400000,15.77
1749264507,16.03000000,164.87600000,15.77
1749264507,16.05000000,16.19500000,15.77
1749264507,16.07000000,0.48600000,15.77
1749264507,16.09000000,0.66100000,15.77
1749264507,16.10000000,2.82900000,15.77
1749264507,16.11000000,1.05600000,15.77
1749264507,16.12000000,156.01000000,15.77
1749264507,16.14000000,9.14900000,15.77
1749264507,16.15000000,0.82000000,15.77
1749264507,16.16000000,2.98500000,15.77
1749264507,16.18000000,0.66100000,15.77
1749264507,16.20000000,2.33600000,15.77
1749264507,16.22000000,81.87300000,15.77
1749264507,16.27000000,1.65900000,15.77
1749264507,16.30000000,5.93400000,15.77
1749264507,16.33000000,2.63800000,15.77
1749264507,16.34000000,0.62100000,15.77
1749264507,16.35000000,0.43500000,15.77
1749264507,16.36000000,1.38300000,15.77
1749264507,16.37000000,0.34200000,15.77
1749264507,16.41000000,0.37400000,15.77
1749264507,16.42000000,1.34000000,15.77
1749264507,16.45000000,0.66100000,15.77
1749264507,16.48000000,0.71900000,15.77
1749264507,16.49000000,82.08500000,15.77
1749264507,16.50000000,2.82900000,15.77
1749264507,16.54000000,0.66100000,15.77
1749264507,16.58000000,2.33600000,15.77
1749264507,16.60000000,0.68500000,15.77
1749264507,16.61000000,0.35000000,15.77
1749264507,16.64000000,1.74200000,15.77
1749264507,16.65000000,1.00000000,15.77
1749264507,16.66000000,3.43000000,15.77
1749264507,16.67000000,0.35000000,15.77
1749264507,16.68000000,0.47700000,15.77
1749264507,16.69000000,1.29600000,15.77
1749264507,16.71000000,3.54800000,15.77
1749264507,16.73000000,0.66100000,15.77
1749264507,16.77000000,0.47700000,15.77
1749264507,16.79000000,0.42700000,15.77
1749264507,16.80000000,5.99400000,15.77
1749264507,16.81000000,0.33300000,15.77
1749264507,16.82000000,0.66100000,15.77
1749264507,16.83000000,2.63800000,15.77
1749264507,16.85000000,0.36400000,15.77
1749264507,16.88000000,0.82000000,15.77
1749264507,16.89000000,59.55400000,15.77
1749264507,16.90000000,2.73600000,15.77
1749264507,16.92000000,3.49000000,15.77
1749264507,16.93000000,3.90800000,15.77
1749264507,16.94000000,0.35500000,15.77
1749264507,16.95000000,0.39300000,15.77
1749264507,16.96000000,3.30200000,15.77
1749264507,16.98000000,29.79700000,15.77
1749264507,16.99000000,85.57200000,15.77
1749264507,17.00000000,143.66800000,15.77
1749264507,17.01000000,10.65700000,15.77
1749264507,17.05000000,1.40900000,15.77
1749264507,17.06000000,1.12900000,15.77
1749264507,17.07000000,1.00000000,15.77
1749264507,17.08000000,0.32200000,15.77
1749264507,17.10000000,0.66100000,15.77
1749264507,17.12000000,0.98700000,15.77
1749264507,17.13000000,2.82900000,15.77
1749264507,17.15000000,1.47600000,15.77
1749264507,17.16000000,8.49500000,15.77
1749264507,17.17000000,2.05700000,15.77
1749264507,17.20000000,23.01900000,15.77
1749264507,17.22000000,1.89600000,15.77
1749264507,17.23000000,1.04400000,15.77
1749264507,17.24000000,0.35500000,15.77
1749264507,17.26000000,2.00000000,15.77
1749264507,17.27000000,1.58700000,15.77
1749264507,17.29000000,0.98500000,15.77
1749264507,17.31000000,9.14100000,15.77
1749264507,17.33000000,2.63800000,15.77
1749264507,17.35000000,2.82900000,15.77
1749264507,17.36000000,2.33600000,15.77
1749264808,15.81000000,53.39300000,15.8
1749264808,15.82000000,114.83500000,15.8
1749264808,15.83000000,211.40300000,15.8
1749264808,15.84000000,221.40500000,15.8
1749264808,15.85000000,306.77100000,15.8
1749264808,15.86000000,63.78600000,15.8
1749264808,15.87000000,75.99200000,15.8
1749264808,15.88000000,107.55600000,15.8
1749264808,15.89000000,322.23200000,15.8
1749264808,15.90000000,191.40400000,15.8
1749264808,15.91000000,34.48300000,15.8
1749264808,15.92000000,33.80900000,15.8
1749264808,15.93000000,33.79800000,15.8
1749264808,15.94000000,25.34500000,15.8
1749264808,15.95000000,20.92200000,15.8
1749264808,15.97000000,52.82800000,15.8
1749264808,15.99000000,281.64100000,15.8
1749264808,16.00000000,56.71500000,15.8
1749264808,16.05000000,57.14900000,15.8
1749264808,16.07000000,2.70100000,15.8
1749264808,16.08000000,162.65800000,15.8
1749264808,16.09000000,0.66100000,15.8
1749264808,16.10000000,2.82900000,15.8
1749264808,16.12000000,153.22200000,15.8
1749264808,16.15000000,3.60500000,15.8
1749264808,16.16000000,2.98500000,15.8
1749264808,16.18000000,0.66100000,15.8
1749264808,16.19000000,9.14900000,15.8
1749264808,16.20000000,2.33600000,15.8
1749264808,16.22000000,81.87300000,15.8
1749264808,16.27000000,1.65900000,15.8
1749264808,16.30000000,2.82900000,15.8
1749264808,16.33000000,5.73900000,15.8
1749264808,16.34000000,0.62100000,15.8
1749264808,16.36000000,0.99800000,15.8
1749264808,16.37000000,0.34200000,15.8
1749264808,16.45000000,0.66100000,15.8
1749264808,16.48000000,0.71900000,15.8
1749264808,16.49000000,18.20100000,15.8
1749264808,16.50000000,2.82900000,15.8
1749264808,16.54000000,64.54500000,15.8
1749264808,16.58000000,2.33600000,15.8
1749264808,16.60000000,1.44400000,15.8
1749264808,16.61000000,0.35000000,15.8
1749264808,16.64000000,1.74200000,15.8
1749264808,16.65000000,1.00000000,15.8
1749264808,16.66000000,3.43000000,15.8
1749264808,16.67000000,0.35000000,15.8
1749264808,16.68000000,0.47700000,15.8
1749264808,16.69000000,1.29600000,15.8
1749264808,16.71000000,3.54800000,15.8
1749264808,16.73000000,0.66100000,15.8
1749264808,16.77000000,0.47700000,15.8
1749264808,16.79000000,0.42700000,15.8
1749264808,16.80000000,5.99400000,15.8
1749264808,16.81000000,0.33300000,15.8
1749264808,16.82000000,0.66100000,15.8
1749264808,16.83000000,2.63800000,15.8
1749264808,16.85000000,0.36400000,15.8
1749264808,16.88000000,0.82000000,15.8
1749264808,16.89000000,59.55400000,15.8
1749264808,16.90000000,2.73600000,15.8
1749264808,16.92000000,3.49000000,15.8
1749264808,16.93000000,3.90800000,15.8
1749264808,16.94000000,0.35500000,15.8
1749264808,16.95000000,0.39300000,15.8
1749264808,16.96000000,3.30200000,15.8
1749264808,16.98000000,29.79700000,15.8
1749264808,16.99000000,85.57200000,15.8
1749264808,17.00000000,143.66800000,15.8
1749264808,17.01000000,10.65700000,15.8
1749264808,17.05000000,1.40900000,15.8
1749264808,17.06000000,1.12900000,15.8
1749264808,17.07000000,1.00000000,15.8
1749264808,17.08000000,0.32200000,15.8
1749264808,17.10000000,0.66100000,15.8
1749264808,17.12000000,0.98700000,15.8
1749264808,17.13000000,2.82900000,15.8
1749264808,17.15000000,1.47600000,15.8
1749264808,17.16000000,8.49500000,15.8
1749264808,17.17000000,2.05700000,15.8
1749264808,17.20000000,23.01900000,15.8
1749264808,17.22000000,1.89600000,15.8
1749264808,17.23000000,1.04400000,15.8
1749264808,17.24000000,0.35500000,15.8
1749264808,17.26000000,2.00000000,15.8
1749264808,17.27000000,1.58700000,15.8
1749264808,17.29000000,0.98500000,15.8
1749264808,17.31000000,9.14100000,15.8
1749264808,17.33000000,2.63800000,15.8
1749264808,17.35000000,2.82900000,15.8
1749264808,17.36000000,2.33600000,15.8
1749264808,17.39000000,0.66100000,15.8
1749264808,17.40000000,0.47800000,15.8
1749264808,17.48000000,0.34900000,15.8
1749264808,17.49000000,3.29900000,15.8
1749264808,17.50000000,31.78400000,15.8
1749264808,17.52000000,1.58400000,15.8
1749264808,17.53000000,1.02600000,15.8
1749264808,17.54000000,1.05000000,15.8
1749265110,15.79000000,44.51700000,15.79
1749265110,15.80000000,94.58700000,15.79
1749265110,15.81000000,356.55000000,15.79
1749265110,15.82000000,422.66300000,15.79
1749265110,15.83000000,319.01100000,15.79
1749265110,15.84000000,52.67800000,15.79
1749265110,15.85000000,322.12000000,15.79
1749265110,15.86000000,113.42500000,15.79
1749265110,15.87000000,347.69500000,15.79
1749265110,15.88000000,264.13600000,15.79
1749265110,15.89000000,52.65000000,15.79
1749265110,15.90000000,50.46800000,15.79
1749265110,15.91000000,53.33600000,15.79
1749265110,15.93000000,14.85000000,15.79
1749265110,15.94000000,25.34500000,15.79
1749265110,15.95000000,20.92200000,15.79
1749265110,15.97000000,16.84700000,15.79
1749265110,15.99000000,266.79100000,15.79
1749265110,16.00000000,3.67000000,15.79
1749265110,16.03000000,35.98100000,15.79
1749265110,16.05000000,97.56700000,15.79
1749265110,16.07000000,0.48600000,15.79
1749265110,16.08000000,162.65800000,15.79
1749265110,16.09000000,0.66100000,15.79
1749265110,16.10000000,2.82900000,15.79
1749265110,16.15000000,0.82000000,15.79
1749265110,16.16000000,5.64000000,15.79
1749265110,16.17000000,153.22200000,15.79
1749265110,16.18000000,0.66100000,15.79
1749265110,16.19000000,9.14900000,15.79
1749265110,16.20000000,2.33600000,15.79
1749265110,16.22000000,81.87300000,15.79
1749265110,16.27000000,1.65900000,15.79
1749265110,16.30000000,2.82900000,15.79
1749265110,16.33000000,5.73500000,15.79
1749265110,16.34000000,0.62100000,15.79
1749265110,16.36000000,0.66100000,15.79
1749265110,16.37000000,0.34200000,15.79
1749265110,16.45000000,0.66100000,15.79
1749265110,16.48000000,0.71900000,15.79
1749265110,16.49000000,2.63800000,15.79
1749265110,16.50000000,2.82900000,15.79
1749265110,16.54000000,80.10800000,15.79
1749265110,16.58000000,2.33600000,15.79
1749265110,16.60000000,0.68500000,15.79
1749265110,16.61000000,0.35000000,15.79
1749265110,16.64000000,1.74200000,15.79
1749265110,16.65000000,1.00000000,15.79
1749265110,16.66000000,3.43000000,15.79
1749265110,16.67000000,0.35000000,15.79
1749265110,16.68000000,0.47700000,15.79
1749265110,16.69000000,1.29600000,15.79
1749265110,16.71000000,3.54800000,15.79
1749265110,16.73000000,0.66100000,15.79
1749265110,16.77000000,0.47700000,15.79
1749265110,16.79000000,0.42700000,15.79
1749265110,16.80000000,5.99400000,15.79
1749265110,16.81000000,0.33300000,15.79
1749265110,16.82000000,0.66100000,15.79
1749265110,16.83000000,2.63800000,15.79
1749265110,16.85000000,0.36400000,15.79
1749265110,16.88000000,0.82000000,15.79
1749265110,16.89000000,59.55400000,15.79
1749265110,16.90000000,2.73600000,15.79
1749265110,16.92000000,3.49000000,15.79
1749265110,16.93000000,3.90800000,15.79
1749265110,16.94000000,0.35500000,15.79
1749265110,16.95000000,0.39300000,15.79
1749265110,16.96000000,3.30200000,15.79
1749265110,16.98000000,29.79700000,15.79
1749265110,16.99000000,85.57200000,15.79
1749265110,17.00000000,143.66800000,15.79
1749265110,17.01000000,10.65700000,15.79
1749265110,17.05000000,1.40900000,15.79
1749265110,17.06000000,1.12900000,15.79
1749265110,17.07000000,1.00000000,15.79
1749265110,17.08000000,0.32200000,15.79
1749265110,17.10000000,0.66100000,15.79
1749265110,17.12000000,0.98700000,15.79
1749265110,17.13000000,2.82900000,15.79
1749265110,17.15000000,1.47600000,15.79
1749265110,17.16000000,8.49500000,15.79
1749265110,17.17000000,2.05700000,15.79
1749265110,17.20000000,23.01900000,15.79
1749265110,17.22000000,1.89600000,15.79
1749265110,17.23000000,1.04400000,15.79
1749265110,17.24000000,0.35500000,15.79
1749265110,17.26000000,2.00000000,15.79
1749265110,17.27000000,1.58700000,15.79
1749265110,17.29000000,0.98500000,15.79
1749265110,17.31000000,9.14100000,15.79
1749265110,17.33000000,2.63800000,15.79
1749265110,17.35000000,2.82900000,15.79
1749265110,17.36000000,2.33600000,15.79
1749265110,17.39000000,0.66100000,15.79
1749265110,17.40000000,0.47800000,15.79
1749265110,17.48000000,0.34900000,15.79
1749265110,17.49000000,3.29900000,15.79
1749265110,17.50000000,31.78400000,15.79
1749265110,17.52000000,1.58400000,15.79
1749265412,15.78000000,29.56500000,15.77
1749265412,15.79000000,73.87800000,15.77
1749265412,15.80000000,207.95400000,15.77
1749265412,15.81000000,505.10900000,15.77
1749265412,15.82000000,619.73900000,15.77
1749265412,15.83000000,222.50600000,15.77
1749265412,15.84000000,56.65600000,15.77
1749265412,15.85000000,316.24700000,15.77
1749265412,15.86000000,249.44700000,15.77
1749265412,15.87000000,75.98200000,15.77
1749265412,15.88000000,84.05600000,15.77
1749265412,15.89000000,33.83700000,15.77
1749265412,15.90000000,50.48900000,15.77
1749265412,15.91000000,15.51100000,15.77
1749265412,15.93000000,14.85000000,15.77
1749265412,15.94000000,25.34500000,15.77
1749265412,15.95000000,56.90300000,15.77
1749265412,15.97000000,16.84700000,15.77
1749265412,15.99000000,266.79100000,15.77
1749265412,16.00000000,41.86500000,15.77
1749265412,16.02000000,40.95400000,15.77
1749265412,16.04000000,2.28300000,15.77
1749265412,16.05000000,16.19500000,15.77
1749265412,16.07000000,0.48600000,15.77
1749265412,16.08000000,162.65800000,15.77
1749265412,16.09000000,0.66100000,15.77
1749265412,16.10000000,2.82900000,15.77
1749265412,16.15000000,0.82000000,15.77
1749265412,16.16000000,5.64000000,15.77
1749265412,16.17000000,153.22200000,15.77
1749265412,16.18000000,0.66100000,15.77
1749265412,16.19000000,9.14900000,15.77
1749265412,16.20000000,2.33600000,15.77
1749265412,16.22000000,81.87300000,15.77
1749265412,16.27000000,1.65900000,15.77
1749265412,16.30000000,5.87300000,15.77
1749265412,16.33000000,2.63800000,15.77
1749265412,16.34000000,0.62100000,15.77
1749265412,16.36000000,0.66100000,15.77
1749265412,16.37000000,0.34200000,15.77
1749265412,16.45000000,0.66100000,15.77
1749265412,16.48000000,0.71900000,15.77
1749265412,16.49000000,2.63800000,15.77
1749265412,16.50000000,2.82900000,15.77
1749265412,16.54000000,80.10800000,15.77
1749265412,16.58000000,2.33600000,15.77
1749265412,16.60000000,0.68500000,15.77
1749265412,16.61000000,0.35000000,15.77
1749265412,16.64000000,1.74200000,15.77
1749265412,16.65000000,1.00000000,15.77
1749265412,16.66000000,3.43000000,15.77
1749265412,16.67000000,0.35000000,15.77
1749265412,16.68000000,0.47700000,15.77
1749265412,16.69000000,1.29600000,15.77
1749265412,16.71000000,3.54800000,15.77
1749265412,16.73000000,0.66100000,15.77
1749265412,16.77000000,0.47700000,15.77
1749265412,16.79000000,0.42700000,15.77
1749265412,16.80000000,5.99400000,15.77
1749265412,16.81000000,0.33300000,15.77
1749265412,16.82000000,0.66100000,15.77
1749265412,16.83000000,2.63800000,15.77
1749265412,16.85000000,0.36400000,15.77
1749265412,16.88000000,0.82000000,15.77
1749265412,16.89000000,59.55400000,15.77
1749265412,16.90000000,2.73600000,15.77
1749265412,16.92000000,3.49000000,15.77
1749265412,16.93000000,3.90800000,15.77
1749265412,16.94000000,0.35500000,15.77
1749265412,16.95000000,0.39300000,15.77
1749265412,16.96000000,3.30200000,15.77
1749265412,16.98000000,29.79700000,15.77
1749265412,16.99000000,85.57200000,15.77
1749265412,17.00000000,143.66800000,15.77
1749265412,17.01000000,10.65700000,15.77
1749265412,17.05000000,1.40900000,15.77
1749265412,17.06000000,1.12900000,15.77
1749265412,17.07000000,1.00000000,15.77
1749265412,17.08000000,0.32200000,15.77
1749265412,17.10000000,0.66100000,15.77
1749265412,17.12000000,0.98700000,15.77
1749265412,17.13000000,2.82900000,15.77
1749265412,17.15000000,1.47600000,15.77
1749265412,17.16000000,8.49500000,15.77
1749265412,17.17000000,2.05700000,15.77
1749265412,17.20000000,23.01900000,15.77
1749265412,17.22000000,1.89600000,15.77
1749265412,17.23000000,1.04400000,15.77
1749265412,17.24000000,0.35500000,15.77
1749265412,17.26000000,2.00000000,15.77
1749265412,17.27000000,1.58700000,15.77
1749265412,17.29000000,0.98500000,15.77
1749265412,17.31000000,9.14100000,15.77
1749265412,17.33000000,2.63800000,15.77
1749265412,17.35000000,2.82900000,15.77
1749265412,17.36000000,2.33600000,15.77
1749265412,17.39000000,0.66100000,15.77
1749265412,17.40000000,0.47800000,15.77
1749265412,17.48000000,0.34900000,15.77
1749265412,17.49000000,3.29900000,15.77
1749265717,15.82000000,30.71600000,15.82
1749265717,15.83000000,480.16100000,15.82
1749265717,15.84000000,303.09900000,15.82
1749265717,15.85000000,477.39100000,15.82
1749265717,15.86000000,147.93400000,15.82
1749265717,15.87000000,50.73800000,15.82
1749265717,15.88000000,367.01800000,15.82
1749265717,15.89000000,50.78800000,15.82
1749265717,15.90000000,196.97400000,15.82
1749265717,15.91000000,51.38100000,15.82
1749265717,15.92000000,40.16700000,15.82
1749265717,15.93000000,33.78800000,15.82
1749265717,15.94000000,44.28100000,15.82
1749265717,15.95000000,56.90300000,15.82
1749265717,15.97000000,1.99700000,15.82
1749265717,15.99000000,281.64100000,15.82
1749265717,16.00000000,41.86500000,15.82
1749265717,16.05000000,16.19500000,15.82
1749265717,16.06000000,43.23000000,15.82
1749265717,16.07000000,0.48600000,15.82
1749265717,16.08000000,162.65800000,15.82
1749265717,16.09000000,0.66100000,15.82
1749265717,16.10000000,2.82900000,15.82
1749265717,16.15000000,0.82000000,15.82
1749265717,16.16000000,5.76600000,15.82
1749265717,16.17000000,153.22200000,15.82
1749265717,16.18000000,0.66100000,15.82
1749265717,16.19000000,9.14900000,15.82
1749265717,16.20000000,2.33600000,15.82
1749265717,16.22000000,81.87300000,15.82
1749265717,16.27000000,1.65900000,15.82
1749265717,16.30000000,2.82900000,15.82
1749265717,16.33000000,5.73500000,15.82
1749265717,16.34000000,0.62100000,15.82
1749265717,16.36000000,0.66100000,15.82
1749265717,16.37000000,0.34200000,15.82
1749265717,16.45000000,0.66100000,15.82
1749265717,16.48000000,0.71900000,15.82
1749265717,16.49000000,2.63800000,15.82
1749265717,16.50000000,2.82900000,15.82
1749265717,16.54000000,80.10800000,15.82
1749265717,16.58000000,2.33600000,15.82
1749265717,16.60000000,0.68500000,15.82
1749265717,16.61000000,0.35000000,15.82
1749265717,16.64000000,1.74200000,15.82
1749265717,16.65000000,1.00000000,15.82
1749265717,16.66000000,3.43000000,15.82
1749265717,16.67000000,0.35000000,15.82
1749265717,16.68000000,0.47700000,15.82
1749265717,16.69000000,1.29600000,15.82
1749265717,16.71000000,3.54800000,15.82
1749265717,16.73000000,0.66100000,15.82
1749265717,16.77000000,0.47700000,15.82
1749265717,16.79000000,0.42700000,15.82
1749265717,16.80000000,5.99400000,15.82
1749265717,16.81000000,0.33300000,15.82
1749265717,16.82000000,0.66100000,15.82
1749265717,16.83000000,2.63800000,15.82
1749265717,16.85000000,0.36400000,15.82
1749265717,16.88000000,0.82000000,15.82
1749265717,16.89000000,59.55400000,15.82
1749265717,16.90000000,2.73600000,15.82
1749265717,16.92000000,3.49000000,15.82
1749265717,16.93000000,3.90800000,15.82
1749265717,16.94000000,0.35500000,15.82
1749265717,16.95000000,0.39300000,15.82
1749265717,16.96000000,3.30200000,15.82
1749265717,16.98000000,29.79700000,15.82
1749265717,16.99000000,85.57200000,15.82
1749265717,17.00000000,143.66800000,15.82
1749265717,17.01000000,10.65700000,15.82
1749265717,17.05000000,1.40900000,15.82
1749265717,17.06000000,1.12900000,15.82
1749265717,17.07000000,1.00000000,15.82
1749265717,17.08000000,0.32200000,15.82
1749265717,17.10000000,0.66100000,15.82
1749265717,17.12000000,0.98700000,15.82
1749265717,17.13000000,2.82900000,15.82
1749265717,17.15000000,1.47600000,15.82
1749265717,17.16000000,8.49500000,15.82
1749265717,17.17000000,2.05700000,15.82
1749265717,17.20000000,23.01900000,15.82
1749265717,17.22000000,1.89600000,15.82
1749265717,17.23000000,1.04400000,15.82
1749265717,17.24000000,0.35500000,15.82
1749265717,17.26000000,2.00000000,15.82
1749265717,17.27000000,1.58700000,15.82
1749265717,17.29000000,0.98500000,15.82
1749265717,17.31000000,9.14100000,15.82
1749265717,17.33000000,2.63800000,15.82
1749265717,17.35000000,2.82900000,15.82
1749265717,17.36000000,2.33600000,15.82
1749265717,17.39000000,0.66100000,15.82
1749265717,17.40000000,0.47800000,15.82
1749265717,17.48000000,0.34900000,15.82
1749265717,17.49000000,3.29900000,15.82
1749265717,17.50000000,31.78400000,15.82
1749265717,17.52000000,1.58400000,15.82
1749265717,17.53000000,1.02600000,15.82
1749265717,17.54000000,1.05000000,15.82
1749266019,15.86000000,117.73500000,15.84
1749266019,15.87000000,370.33100000,15.84
1749266019,15.88000000,344.93100000,15.84
1749266019,15.89000000,242.12100000,15.84
1749266019,15.90000000,59.87900000,15.84
1749266019,15.91000000,114.33300000,15.84
1749266019,15.92000000,66.43600000,15.84
1749266019,15.93000000,340.65400000,15.84
1749266019,15.94000000,242.85500000,15.84
1749266019,15.95000000,67.88500000,15.84
1749266019,15.96000000,33.74700000,15.84
1749266019,15.97000000,64.08100000,15.84
1749266019,15.98000000,33.73800000,15.84
1749266019,15.99000000,18.20400000,15.84
1749266019,16.00000000,18.52000000,15.84
1749266019,16.03000000,308.84600000,15.84
1749266019,16.05000000,14.85000000,15.84
1749266019,16.07000000,0.48600000,15.84
1749266019,16.09000000,0.66100000,15.84
1749266019,16.10000000,60.96700000,15.84
1749266019,16.13000000,225.31100000,15.84
1749266019,16.14000000,6.19300000,15.84
1749266019,16.15000000,15.67000000,15.84
1749266019,16.16000000,2.98500000,15.84
1749266019,16.18000000,0.66100000,15.84
1749266019,16.20000000,2.33600000,15.84
1749266019,16.21000000,2.71300000,15.84
1749266019,16.22000000,156.92400000,15.84
1749266019,16.24000000,9.14900000,15.84
1749266019,16.27000000,79.83000000,15.84
1749266019,16.30000000,2.82900000,15.84
1749266019,16.33000000,2.63800000,15.84
1749266019,16.34000000,0.62100000,15.84
1749266019,16.36000000,0.66100000,15.84
1749266019,16.37000000,0.34200000,15.84
1749266019,16.44000000,3.02800000,15.84
1749266019,16.45000000,0.66100000,15.84
1749266019,16.48000000,0.71900000,15.84
1749266019,16.49000000,2.63800000,15.84
1749266019,16.50000000,2.82900000,15.84
1749266019,16.54000000,16.22400000,15.84
1749266019,16.58000000,2.33600000,15.84
1749266019,16.59000000,63.88400000,15.84
1749266019,16.60000000,0.68500000,15.84
1749266019,16.61000000,0.35000000,15.84
1749266019,16.64000000,1.74200000,15.84
1749266019,16.65000000,1.00000000,15.84
1749266019,16.66000000,3.43000000,15.84
1749266019,16.67000000,0.35000000,15.84
1749266019,16.68000000,0.47700000,15.84
1749266019,16.69000000,1.29600000,15.84
1749266019,16.71000000,3.54800000,15.84
1749266019,16.73000000,0.66100000,15.84
1749266019,16.77000000,0.47700000,15.84
1749266019,16.79000000,0.42700000,15.84
1749266019,16.80000000,5.99400000,15.84
1749266019,16.81000000,0.33300000,15.84
1749266019,16.82000000,0.66100000,15.84
1749266019,16.83000000,2.63800000,15.84
1749266019,16.85000000,0.36400000,15.84
1749266019,16.88000000,0.82000000,15.84
1749266019,16.89000000,59.55400000,15.84
1749266019,16.90000000,2.73600000,15.84
1749266019,16.92000000,3.49000000,15.84
1749266019,16.93000000,3.90800000,15.84
1749266019,16.94000000,0.35500000,15.84
1749266019,16.95000000,0.39300000,15.84
1749266019,16.96000000,3.30200000,15.84
1749266019,16.98000000,29.79700000,15.84
1749266019,16.99000000,85.57200000,15.84
1749266019,17.00000000,143.66800000,15.84
1749266019,17.01000000,10.65700000,15.84
1749266019,17.05000000,1.40900000,15.84
1749266019,17.06000000,1.12900000,15.84
1749266019,17.07000000,1.00000000,15.84
1749266019,17.08000000,0.32200000,15.84
1749266019,17.10000000,0.66100000,15.84
1749266019,17.12000000,0.98700000,15.84
1749266019,17.13000000,2.82900000,15.84
1749266019,17.15000000,1.47600000,15.84
1749266019,17.16000000,8.49500000,15.84
1749266019,17.17000000,2.05700000,15.84
1749266019,17.20000000,23.01900000,15.84
1749266019,17.22000000,1.89600000,15.84
1749266019,17.23000000,1.04400000,15.84
1749266019,17.24000000,0.35500000,15.84
1749266019,17.26000000,2.00000000,15.84
1749266019,17.27000000,1.58700000,15.84
1749266019,17.29000000,0.98500000,15.84
1749266019,17.31000000,9.14100000,15.84
1749266019,17.33000000,2.63800000,15.84
1749266019,17.35000000,2.82900000,15.84
1749266019,17.36000000,2.33600000,15.84
1749266019,17.39000000,0.66100000,15.84
1749266019,17.40000000,0.47800000,15.84
1749266019,17.48000000,0.34900000,15.84
1749266019,17.49000000,3.29900000,15.84
1749266019,17.50000000,31.78400000,15.84
1749266019,17.52000000,1.58400000,15.84
1749266019,17.53000000,1.02600000,15.84
1749266321,15.85000000,20.96100000,15.83
1749266321,15.86000000,193.51800000,15.83
1749266321,15.87000000,432.28300000,15.83
1749266321,15.88000000,356.93700000,15.83
1749266321,15.89000000,147.48600000,15.83
1749266321,15.90000000,179.01500000,15.83
1749266321,15.91000000,51.30600000,15.83
1749266321,15.92000000,64.77400000,15.83
1749266321,15.93000000,69.42800000,15.83
1749266321,15.94000000,106.60900000,15.83
1749266321,15.95000000,314.12400000,15.83
1749266321,15.96000000,177.00900000,15.83
1749266321,15.97000000,42.09900000,15.83
1749266321,15.98000000,14.85000000,15.83
1749266321,15.99000000,18.20400000,15.83
1749266321,16.00000000,18.52000000,15.83
1749266321,16.02000000,25.44400000,15.83
1749266321,16.03000000,308.84600000,15.83
1749266321,16.05000000,14.85000000,15.83
1749266321,16.07000000,0.48600000,15.83
1749266321,16.09000000,0.66100000,15.83
1749266321,16.10000000,43.78300000,15.83
1749266321,16.13000000,212.85500000,15.83
1749266321,16.14000000,6.19300000,15.83
1749266321,16.15000000,0.82000000,15.83
1749266321,16.16000000,2.98500000,15.83
1749266321,16.18000000,0.66100000,15.83
1749266321,16.20000000,2.33600000,15.83
1749266321,16.22000000,159.63200000,15.83
1749266321,16.27000000,1.65900000,15.83
1749266321,16.29000000,9.14900000,15.83
1749266321,16.30000000,2.82900000,15.83
1749266321,16.32000000,78.17100000,15.83
1749266321,16.33000000,2.63800000,15.83
1749266321,16.34000000,0.62100000,15.83
1749266321,16.36000000,0.66100000,15.83
1749266321,16.37000000,0.34200000,15.83
1749266321,16.44000000,3.02800000,15.83
1749266321,16.45000000,0.66100000,15.83
1749266321,16.48000000,0.71900000,15.83
1749266321,16.49000000,2.63800000,15.83
1749266321,16.50000000,2.82900000,15.83
1749266321,16.54000000,0.66100000,15.83
1749266321,16.58000000,2.33600000,15.83
1749266321,16.59000000,79.44700000,15.83
1749266321,16.60000000,0.68500000,15.83
1749266321,16.61000000,0.35000000,15.83
1749266321,16.64000000,1.74200000,15.83
1749266321,16.65000000,1.00000000,15.83
1749266321,16.66000000,3.43000000,15.83
1749266321,16.67000000,0.35000000,15.83
1749266321,16.68000000,0.47700000,15.83
1749266321,16.69000000,1.29600000,15.83
1749266321,16.71000000,3.54800000,15.83
1749266321,16.73000000,0.66100000,15.83
1749266321,16.77000000,0.47700000,15.83
1749266321,16.79000000,0.42700000,15.83
1749266321,16.80000000,5.99400000,15.83
1749266321,16.81000000,0.33300000,15.83
1749266321,16.82000000,0.66100000,15.83
1749266321,16.83000000,2.63800000,15.83
1749266321,16.85000000,0.36400000,15.83
1749266321,16.88000000,0.82000000,15.83
1749266321,16.89000000,59.55400000,15.83
1749266321,16.90000000,2.73600000,15.83
1749266321,16.92000000,3.49000000,15.83
1749266321,16.93000000,3.90800000,15.83
1749266321,16.94000000,0.35500000,15.83
1749266321,16.95000000,0.39300000,15.83
1749266321,16.96000000,3.30200000,15.83
1749266321,16.98000000,29.79700000,15.83
1749266321,16.99000000,85.57200000,15.83
1749266321,17.00000000,143.66800000,15.83
1749266321,17.01000000,10.65700000,15.83
1749266321,17.05000000,1.40900000,15.83
1749266321,17.06000000,1.12900000,15.83
1749266321,17.07000000,1.00000000,15.83
1749266321,17.08000000,0.32200000,15.83
1749266321,17.10000000,0.66100000,15.83
1749266321,17.12000000,0.98700000,15.83
1749266321,17.13000000,2.82900000,15.83
1749266321,17.15000000,1.47600000,15.83
1749266321,17.16000000,8.49500000,15.83
1749266321,17.17000000,2.05700000,15.83
1749266321,17.20000000,23.01900000,15.83
1749266321,17.22000000,1.89600000,15.83
1749266321,17.23000000,1.04400000,15.83
1749266321,17.24000000,0.35500000,15.83
1749266321,17.26000000,2.00000000,15.83
1749266321,17.27000000,1.58700000,15.83
1749266321,17.29000000,0.98500000,15.83
1749266321,17.31000000,9.14100000,15.83
1749266321,17.33000000,2.63800000,15.83
1749266321,17.35000000,2.82900000,15.83
1749266321,17.36000000,2.33600000,15.83
1749266321,17.39000000,0.66100000,15.83
1749266321,17.40000000,0.47800000,15.83
1749266321,17.48000000,0.34900000,15.83
1749266321,17.49000000,3.29900000,15.83
1749266321,17.50000000,31.78400000,15.83
1749266631,15.85000000,35.19200000,15.84
1749266631,15.86000000,141.68300000,15.84
1749266631,15.87000000,423.92000000,15.84
1749266631,15.88000000,309.92100000,15.84
1749266631,15.89000000,207.12300000,15.84
1749266631,15.90000000,121.24400000,15.84
1749266631,15.91000000,51.30600000,15.84
1749266631,15.92000000,336.17000000,15.84
1749266631,15.93000000,79.07000000,15.84
1749266631,15.94000000,230.80900000,15.84
1749266631,15.95000000,43.07900000,15.84
1749266631,15.96000000,33.76200000,15.84
1749266631,15.97000000,42.10600000,15.84
1749266631,15.98000000,14.85000000,15.84
1749266631,15.99000000,18.20400000,15.84
1749266631,16.00000000,56.71500000,15.84
1749266631,16.02000000,25.44400000,15.84
1749266631,16.03000000,308.84600000,15.84
1749266631,16.07000000,56.29000000,15.84
1749266631,16.09000000,0.66100000,15.84
1749266631,16.10000000,5.03700000,15.84
1749266631,16.13000000,172.57400000,15.84
1749266631,16.14000000,6.19300000,15.84
1749266631,16.15000000,0.82000000,15.84
1749266631,16.16000000,2.98500000,15.84
1749266631,16.18000000,0.66100000,15.84
1749266631,16.20000000,2.33600000,15.84
1749266631,16.21000000,2.70800000,15.84
1749266631,16.22000000,156.92400000,15.84
1749266631,16.24000000,9.14900000,15.84
1749266631,16.27000000,79.83000000,15.84
1749266631,16.30000000,2.82900000,15.84
1749266631,16.33000000,2.63800000,15.84
1749266631,16.34000000,0.62100000,15.84
1749266631,16.36000000,0.66100000,15.84
1749266631,16.37000000,0.34200000,15.84
1749266631,16.44000000,3.02800000,15.84
1749266631,16.45000000,0.66100000,15.84
1749266631,16.48000000,0.71900000,15.84
1749266631,16.49000000,2.63800000,15.84
1749266631,16.50000000,2.82900000,15.84
1749266631,16.54000000,0.66100000,15.84
1749266631,16.58000000,2.33600000,15.84
1749266631,16.59000000,79.44700000,15.84
1749266631,16.60000000,0.68500000,15.84
1749266631,16.61000000,0.35000000,15.84
1749266631,16.64000000,1.74200000,15.84
1749266631,16.65000000,1.00000000,15.84
1749266631,16.66000000,3.43000000,15.84
1749266631,16.67000000,0.35000000,15.84
1749266631,16.68000000,0.47700000,15.84
1749266631,16.69000000,1.29600000,15.84
1749266631,16.71000000,3.54800000,15.84
1749266631,16.73000000,0.66100000,15.84
1749266631,16.77000000,0.47700000,15.84
1749266631,16.79000000,0.42700000,15.84
1749266631,16.80000000,5.99400000,15.84
1749266631,16.81000000,0.33300000,15.84
1749266631,16.82000000,0.66100000,15.84
1749266631,16.83000000,2.63800000,15.84
1749266631,16.85000000,0.36400000,15.84
1749266631,16.88000000,0.82000000,15.84
1749266631,16.89000000,59.55400000,15.84
1749266631,16.90000000,2.73600000,15.84
1749266631,16.92000000,3.49000000,15.84
1749266631,16.93000000,3.90800000,15.84
1749266631,16.94000000,0.35500000,15.84
1749266631,16.95000000,0.39300000,15.84
1749266631,16.96000000,3.30200000,15.84
1749266631,16.98000000,29.79700000,15.84
1749266631,16.99000000,85.57200000,15.84
1749266631,17.00000000,143.66800000,15.84
1749266631,17.01000000,10.65700000,15.84
1749266631,17.05000000,1.40900000,15.84
1749266631,17.06000000,1.12900000,15.84
1749266631,17.07000000,1.00000000,15.84
1749266631,17.08000000,0.32200000,15.84
1749266631,17.10000000,0.66100000,15.84
1749266631,17.12000000,0.98700000,15.84
1749266631,17.13000000,2.82900000,15.84
1749266631,17.15000000,1.47600000,15.84
1749266631,17.16000000,8.49500000,15.84
1749266631,17.17000000,2.05700000,15.84
1749266631,17.20000000,23.01900000,15.84
1749266631,17.22000000,1.89600000,15.84
1749266631,17.23000000,1.04400000,15.84
1749266631,17.24000000,0.35500000,15.84
1749266631,17.26000000,2.00000000,15.84
1749266631,17.27000000,1.58700000,15.84
1749266631,17.29000000,0.98500000,15.84
1749266631,17.31000000,9.14100000,15.84
1749266631,17.33000000,2.63800000,15.84
1749266631,17.35000000,2.82900000,15.84
1749266631,17.36000000,2.33600000,15.84
1749266631,17.39000000,0.66100000,15.84
1749266631,17.40000000,0.47800000,15.84
1749266631,17.48000000,0.34900000,15.84
1749266631,17.49000000,3.29900000,15.84
1749266631,17.50000000,31.78400000,15.84
1749266631,17.52000000,1.58400000,15.84
1749266932,15.85000000,20.87200000,15.85
1749266932,15.86000000,125.90900000,15.85
1749266932,15.87000000,300.18400000,15.85
1749266932,15.88000000,430.99100000,15.85
1749266932,15.89000000,221.35400000,15.85
1749266932,15.90000000,233.29500000,15.85
1749266932,15.91000000,51.30000000,15.85
1749266932,15.92000000,64.76500000,15.85
1749266932,15.93000000,353.21900000,15.85
1749266932,15.94000000,264.47200000,15.85
1749266932,15.95000000,74.25600000,15.85
1749266932,15.96000000,33.74800000,15.85
1749266932,15.97000000,42.08600000,15.85
1749266932,15.98000000,14.85000000,15.85
1749266932,15.99000000,18.20400000,15.85
1749266932,16.00000000,18.52000000,15.85
1749266932,16.01000000,14.85000000,15.85
1749266932,16.02000000,25.44400000,15.85
1749266932,16.03000000,309.94000000,15.85
1749266932,16.06000000,52.90200000,15.85
1749266932,16.07000000,15.33600000,15.85
1749266932,16.09000000,0.66100000,15.85
1749266932,16.10000000,2.82900000,15.85
1749266932,16.11000000,55.80400000,15.85
1749266932,16.12000000,2.27000000,15.85
1749266932,16.13000000,172.57400000,15.85
1749266932,16.14000000,6.19300000,15.85
1749266932,16.15000000,0.82000000,15.85
1749266932,16.16000000,2.98500000,15.85
1749266932,16.18000000,0.66100000,15.85
1749266932,16.20000000,2.33600000,15.85
1749266932,16.22000000,159.63200000,15.85
1749266932,16.27000000,1.65900000,15.85
1749266932,16.29000000,9.14900000,15.85
1749266932,16.30000000,2.82900000,15.85
1749266932,16.32000000,78.17100000,15.85
1749266932,16.33000000,2.63800000,15.85
1749266932,16.34000000,0.62100000,15.85
1749266932,16.36000000,0.66100000,15.85
1749266932,16.37000000,0.34200000,15.85
1749266932,16.44000000,3.02800000,15.85
1749266932,16.45000000,0.66100000,15.85
1749266932,16.48000000,0.71900000,15.85
1749266932,16.49000000,2.63800000,15.85
1749266932,16.50000000,2.82900000,15.85
1749266932,16.54000000,0.66100000,15.85
1749266932,16.58000000,2.33600000,15.85
1749266932,16.59000000,79.44700000,15.85
1749266932,16.60000000,0.68500000,15.85
1749266932,16.61000000,0.35000000,15.85
1749266932,16.64000000,1.74200000,15.85
1749266932,16.65000000,1.00000000,15.85
1749266932,16.66000000,3.43000000,15.85
1749266932,16.67000000,0.35000000,15.85
1749266932,16.68000000,0.47700000,15.85
1749266932,16.69000000,1.29600000,15.85
1749266932,16.71000000,3.54800000,15.85
1749266932,16.73000000,0.66100000,15.85
1749266932,16.77000000,0.47700000,15.85
1749266932,16.79000000,0.42700000,15.85
1749266932,16.80000000,5.99400000,15.85
1749266932,16.81000000,0.33300000,15.85
1749266932,16.82000000,0.66100000,15.85
1749266932,16.83000000,2.63800000,15.85
1749266932,16.85000000,0.36400000,15.85
1749266932,16.88000000,0.82000000,15.85
1749266932,16.89000000,59.55400000,15.85
1749266932,16.90000000,2.73600000,15.85
1749266932,16.92000000,3.49000000,15.85
1749266932,16.93000000,3.90800000,15.85
1749266932,16.94000000,0.35500000,15.85
1749266932,16.95000000,0.39300000,15.85
1749266932,16.96000000,3.30200000,15.85
1749266932,16.98000000,29.79700000,15.85
1749266932,16.99000000,85.57200000,15.85
1749266932,17.00000000,143.66800000,15.85
1749266932,17.01000000,10.65700000,15.85
1749266932,17.05000000,1.40900000,15.85
1749266932,17.06000000,1.12900000,15.85
1749266932,17.07000000,1.00000000,15.85
1749266932,17.08000000,0.32200000,15.85
1749266932,17.10000000,0.66100000,15.85
1749266932,17.12000000,0.98700000,15.85
1749266932,17.13000000,2.82900000,15.85
1749266932,17.15000000,1.47600000,15.85
1749266932,17.16000000,8.49500000,15.85
1749266932,17.17000000,2.05700000,15.85
1749266932,17.20000000,23.01900000,15.85
1749266932,17.22000000,1.89600000,15.85
1749266932,17.23000000,1.04400000,15.85
1749266932,17.24000000,0.35500000,15.85
1749266932,17.26000000,2.00000000,15.85
1749266932,17.27000000,1.58700000,15.85
1749266932,17.29000000,0.98500000,15.85
1749266932,17.31000000,9.14100000,15.85
1749266932,17.33000000,2.63800000,15.85
1749266932,17.35000000,2.82900000,15.85
1749266932,17.36000000,2.33600000,15.85
1749266932,17.39000000,0.66100000,15.85
1749266932,17.40000000,0.47800000,15.85
1749267234,15.86000000,45.62100000,15.86
1749267234,15.87000000,180.28900000,15.86
1749267234,15.88000000,598.91000000,15.86
1749267234,15.89000000,276.99400000,15.86
1749267234,15.90000000,115.47200000,15.86
1749267234,15.91000000,147.81800000,15.86
1749267234,15.92000000,72.54100000,15.86
1749267234,15.93000000,353.21900000,15.86
1749267234,15.94000000,106.59700000,15.86
1749267234,15.95000000,72.37400000,15.86
1749267234,15.96000000,175.03600000,15.86
1749267234,15.97000000,42.10600000,15.86
1749267234,15.98000000,33.73700000,15.86
1749267234,15.99000000,18.20400000,15.86
1749267234,16.00000000,18.52000000,15.86
1749267234,16.01000000,14.85000000,15.86
1749267234,16.02000000,63.59100000,15.86
1749267234,16.03000000,309.94000000,15.86
1749267234,16.06000000,14.85000000,15.86
1749267234,16.07000000,15.33600000,15.86
1749267234,16.08000000,55.80400000,15.86
1749267234,16.09000000,0.66100000,15.86
1749267234,16.10000000,5.09900000,15.86
1749267234,16.11000000,14.85000000,15.86
1749267234,16.13000000,172.57400000,15.86
1749267234,16.14000000,6.19300000,15.86
1749267234,16.15000000,0.82000000,15.86
1749267234,16.16000000,2.98500000,15.86
1749267234,16.18000000,0.66100000,15.86
1749267234,16.20000000,2.33600000,15.86
1749267234,16.21000000,2.70800000,15.86
1749267234,16.22000000,156.92400000,15.86
1749267234,16.27000000,1.65900000,15.86
1749267234,16.29000000,9.14900000,15.86
1749267234,16.30000000,2.82900000,15.86
1749267234,16.32000000,78.17100000,15.86
1749267234,16.33000000,2.63800000,15.86
1749267234,16.34000000,0.62100000,15.86
1749267234,16.36000000,0.66100000,15.86
1749267234,16.37000000,0.34200000,15.86
1749267234,16.44000000,3.02800000,15.86
1749267234,16.45000000,0.66100000,15.86
1749267234,16.48000000,0.71900000,15.86
1749267234,16.49000000,2.63800000,15.86
1749267234,16.50000000,2.82900000,15.86
1749267234,16.54000000,0.66100000,15.86
1749267234,16.58000000,2.33600000,15.86
1749267234,16.59000000,79.44700000,15.86
1749267234,16.60000000,0.68500000,15.86
1749267234,16.61000000,0.35000000,15.86
1749267234,16.64000000,1.74200000,15.86
1749267234,16.65000000,1.00000000,15.86
1749267234,16.66000000,3.43000000,15.86
1749267234,16.67000000,0.35000000,15.86
1749267234,16.68000000,0.47700000,15.86
1749267234,16.69000000,1.29600000,15.86
1749267234,16.71000000,3.54800000,15.86
1749267234,16.73000000,0.66100000,15.86
1749267234,16.77000000,0.47700000,15.86
1749267234,16.79000000,0.42700000,15.86
1749267234,16.80000000,5.99400000,15.86
1749267234,16.81000000,0.33300000,15.86
1749267234,16.82000000,0.66100000,15.86
1749267234,16.83000000,2.63800000,15.86
1749267234,16.85000000,0.36400000,15.86
1749267234,16.88000000,0.82000000,15.86
1749267234,16.89000000,59.55400000,15.86
1749267234,16.90000000,2.73600000,15.86
1749267234,16.92000000,3.49000000,15.86
1749267234,16.93000000,3.90800000,15.86
1749267234,16.94000000,0.35500000,15.86
1749267234,16.95000000,0.39300000,15.86
1749267234,16.96000000,3.30200000,15.86
1749267234,16.98000000,29.79700000,15.86
1749267234,16.99000000,85.57200000,15.86
1749267234,17.00000000,143.66800000,15.86
1749267234,17.01000000,10.65700000,15.86
1749267234,17.05000000,1.40900000,15.86
1749267234,17.06000000,1.12900000,15.86
1749267234,17.07000000,1.00000000,15.86
1749267234,17.08000000,0.32200000,15.86
1749267234,17.10000000,0.66100000,15.86
1749267234,17.12000000,0.98700000,15.86
1749267234,17.13000000,2.82900000,15.86
1749267234,17.15000000,1.47600000,15.86
1749267234,17.16000000,8.49500000,15.86
1749267234,17.17000000,2.05700000,15.86
1749267234,17.20000000,23.01900000,15.86
1749267234,17.22000000,1.89600000,15.86
1749267234,17.23000000,1.04400000,15.86
1749267234,17.24000000,0.35500000,15.86
1749267234,17.26000000,2.00000000,15.86
1749267234,17.27000000,1.58700000,15.86
1749267234,17.29000000,0.98500000,15.86
1749267234,17.31000000,9.14100000,15.86
1749267234,17.33000000,2.63800000,15.86
1749267234,17.35000000,2.82900000,15.86
1749267234,17.36000000,2.33600000,15.86
1749267234,17.39000000,0.66100000,15.86
1749267234,17.40000000,0.47800000,15.86
1749267535,15.88000000,21.67500000,15.87
1749267535,15.89000000,445.89200000,15.87
1749267535,15.90000000,451.95700000,15.87
1749267535,15.91000000,356.83300000,15.87
1749267535,15.92000000,231.41000000,15.87
1749267535,15.93000000,68.97000000,15.87
1749267535,15.94000000,112.35800000,15.87
1749267535,15.95000000,352.93400000,15.87
1749267535,15.96000000,198.43100000,15.87
1749267535,15.97000000,60.80200000,15.87
1749267535,15.98000000,52.43600000,15.87
1749267535,15.99000000,37.05900000,15.87
1749267535,16.00000000,46.68200000,15.87
1749267535,16.01000000,14.85000000,15.87
1749267535,16.02000000,63.59100000,15.87
1749267535,16.03000000,309.94000000,15.87
1749267535,16.05000000,1.68300000,15.87
1749267535,16.06000000,14.85000000,15.87
1749267535,16.07000000,15.33600000,15.87
1749267535,16.08000000,14.85000000,15.87
1749267535,16.09000000,0.66100000,15.87
1749267535,16.10000000,2.82900000,15.87
1749267535,16.11000000,14.85000000,15.87
1749267535,16.12000000,58.07200000,15.87
1749267535,16.13000000,187.42400000,15.87
1749267535,16.14000000,6.19300000,15.87
1749267535,16.15000000,0.82000000,15.87
1749267535,16.16000000,2.98500000,15.87
1749267535,16.18000000,0.66100000,15.87
1749267535,16.20000000,2.33600000,15.87
1749267535,16.22000000,156.92400000,15.87
1749267535,16.27000000,1.65900000,15.87
1749267535,16.28000000,2.77100000,15.87
1749267535,16.29000000,9.14900000,15.87
1749267535,16.30000000,2.82900000,15.87
1749267535,16.32000000,78.17100000,15.87
1749267535,16.33000000,2.63800000,15.87
1749267535,16.34000000,0.62100000,15.87
1749267535,16.36000000,0.66100000,15.87
1749267535,16.37000000,0.34200000,15.87
1749267535,16.44000000,3.02800000,15.87
1749267535,16.45000000,0.66100000,15.87
1749267535,16.48000000,0.71900000,15.87
1749267535,16.49000000,2.63800000,15.87
1749267535,16.50000000,2.82900000,15.87
1749267535,16.54000000,0.66100000,15.87
1749267535,16.58000000,2.33600000,15.87
1749267535,16.59000000,79.44700000,15.87
1749267535,16.60000000,0.68500000,15.87
1749267535,16.61000000,0.35000000,15.87
1749267535,16.64000000,1.74200000,15.87
1749267535,16.65000000,1.00000000,15.87
1749267535,16.66000000,3.43000000,15.87
1749267535,16.67000000,0.35000000,15.87
1749267535,16.68000000,0.47700000,15.87
1749267535,16.69000000,1.29600000,15.87
1749267535,16.71000000,3.54800000,15.87
1749267535,16.73000000,0.66100000,15.87
1749267535,16.77000000,0.47700000,15.87
1749267535,16.79000000,0.42700000,15.87
1749267535,16.80000000,5.99400000,15.87
1749267535,16.81000000,0.33300000,15.87
1749267535,16.82000000,0.66100000,15.87
1749267535,16.83000000,2.63800000,15.87
1749267535,16.85000000,0.36400000,15.87
1749267535,16.88000000,0.82000000,15.87
1749267535,16.89000000,59.55400000,15.87
1749267535,16.90000000,2.73600000,15.87
1749267535,16.92000000,3.49000000,15.87
1749267535,16.93000000,3.90800000,15.87
1749267535,16.94000000,0.35500000,15.87
1749267535,16.95000000,0.39300000,15.87
1749267535,16.96000000,3.30200000,15.87
1749267535,16.98000000,29.79700000,15.87
1749267535,16.99000000,85.57200000,15.87
1749267535,17.00000000,143.66800000,15.87
1749267535,17.01000000,10.65700000,15.87
1749267535,17.05000000,1.40900000,15.87
1749267535,17.06000000,1.12900000,15.87
1749267535,17.07000000,1.00000000,15.87
1749267535,17.08000000,0.32200000,15.87
1749267535,17.10000000,0.66100000,15.87
1749267535,17.12000000,0.98700000,15.87
1749267535,17.13000000,2.82900000,15.87
1749267535,17.15000000,1.47600000,15.87
1749267535,17.16000000,8.49500000,15.87
1749267535,17.17000000,2.05700000,15.87
1749267535,17.20000000,23.01900000,15.87
1749267535,17.22000000,1.89600000,15.87
1749267535,17.23000000,1.04400000,15.87
1749267535,17.24000000,0.35500000,15.87
1749267535,17.26000000,2.00000000,15.87
1749267535,17.27000000,1.58700000,15.87
1749267535,17.29000000,0.98500000,15.87
1749267535,17.31000000,9.14100000,15.87
1749267535,17.33000000,2.63800000,15.87
1749267535,17.35000000,2.82900000,15.87
1749267535,17.36000000,2.33600000,15.87
1749267535,17.39000000,0.66100000,15.87
1749267535,17.40000000,0.47800000,15.87
1749267837,15.90000000,14.85000000,15.89
1749267837,15.91000000,115.61600000,15.89
1749267837,15.92000000,369.05600000,15.89
1749267837,15.93000000,473.93600000,15.89
1749267837,15.94000000,181.26900000,15.89
1749267837,15.95000000,187.50900000,15.89
1749267837,15.96000000,55.21100000,15.89
1749267837,15.97000000,339.72200000,15.89
1749267837,15.98000000,95.89100000,15.89
1749267837,15.99000000,72.56800000,15.89
1749267837,16.00000000,205.92400000,15.89
1749267837,16.01000000,33.68800000,15.89
1749267837,16.02000000,72.53100000,15.89
1749267837,16.03000000,50.83100000,15.89
1749267837,16.05000000,1.68300000,15.89
1749267837,16.06000000,14.85000000,15.89
1749267837,16.07000000,315.06500000,15.89
1749267837,16.08000000,14.85000000,15.89
1749267837,16.09000000,0.66100000,15.89
1749267837,16.10000000,2.82900000,15.89
1749267837,16.11000000,14.85000000,15.89
1749267837,16.12000000,55.80400000,15.89
1749267837,16.13000000,187.42400000,15.89
1749267837,16.14000000,21.04300000,15.89
1749267837,16.15000000,0.82000000,15.89
1749267837,16.16000000,5.24900000,15.89
1749267837,16.18000000,0.66100000,15.89
1749267837,16.20000000,2.33600000,15.89
1749267837,16.22000000,153.22200000,15.89
1749267837,16.27000000,4.48900000,15.89
1749267837,16.29000000,9.14900000,15.89
1749267837,16.30000000,2.82900000,15.89
1749267837,16.32000000,78.17100000,15.89
1749267837,16.33000000,2.63800000,15.89
1749267837,16.34000000,0.62100000,15.89
1749267837,16.36000000,0.66100000,15.89
1749267837,16.37000000,0.34200000,15.89
1749267837,16.43000000,3.01900000,15.89
1749267837,16.45000000,0.66100000,15.89
1749267837,16.48000000,0.71900000,15.89
1749267837,16.49000000,2.63800000,15.89
1749267837,16.50000000,2.82900000,15.89
1749267837,16.54000000,0.66100000,15.89
1749267837,16.58000000,2.33600000,15.89
1749267837,16.59000000,79.44700000,15.89
1749267837,16.60000000,0.68500000,15.89
1749267837,16.61000000,0.35000000,15.89
1749267837,16.64000000,1.74200000,15.89
1749267837,16.65000000,1.00000000,15.89
1749267837,16.66000000,3.43000000,15.89
1749267837,16.67000000,0.35000000,15.89
1749267837,16.68000000,0.47700000,15.89
1749267837,16.69000000,1.29600000,15.89
1749267837,16.71000000,7.14200000,15.89
1749267837,16.73000000,0.66100000,15.89
1749267837,16.77000000,0.47700000,15.89
1749267837,16.79000000,0.42700000,15.89
1749267837,16.80000000,5.99400000,15.89
1749267837,16.81000000,0.33300000,15.89
1749267837,16.82000000,0.66100000,15.89
1749267837,16.83000000,2.63800000,15.89
1749267837,16.85000000,0.36400000,15.89
1749267837,16.88000000,0.82000000,15.89
1749267837,16.89000000,59.55400000,15.89
1749267837,16.90000000,2.73600000,15.89
1749267837,16.92000000,3.49000000,15.89
1749267837,16.93000000,3.90800000,15.89
1749267837,16.94000000,0.35500000,15.89
1749267837,16.95000000,0.39300000,15.89
1749267837,16.96000000,3.30200000,15.89
1749267837,16.98000000,29.79700000,15.89
1749267837,16.99000000,85.57200000,15.89
1749267837,17.00000000,143.66800000,15.89
1749267837,17.01000000,10.65700000,15.89
1749267837,17.05000000,1.40900000,15.89
1749267837,17.06000000,1.12900000,15.89
1749267837,17.07000000,1.00000000,15.89
1749267837,17.08000000,0.32200000,15.89
1749267837,17.10000000,0.66100000,15.89
1749267837,17.12000000,0.98700000,15.89
1749267837,17.13000000,2.82900000,15.89
1749267837,17.15000000,1.47600000,15.89
1749267837,17.16000000,8.49500000,15.89
1749267837,17.17000000,2.05700000,15.89
1749267837,17.20000000,23.01900000,15.89
1749267837,17.22000000,1.89600000,15.89
1749267837,17.23000000,1.04400000,15.89
1749267837,17.24000000,0.35500000,15.89
1749267837,17.26000000,2.00000000,15.89
1749267837,17.27000000,1.58700000,15.89
1749267837,17.29000000,0.98500000,15.89
1749267837,17.31000000,9.14100000,15.89
1749267837,17.33000000,2.63800000,15.89
1749267837,17.35000000,2.82900000,15.89
1749267837,17.36000000,2.33600000,15.89
1749267837,17.39000000,0.66100000,15.89
1749267837,17.40000000,0.47800000,15.89
1749267837,17.48000000,0.34900000,15.89
1749267837,17.49000000,3.29900000,15.89
1749267837,17.50000000,31.78400000,15.89
1749268139,15.92000000,20.67500000,15.91
1749268139,15.93000000,345.57700000,15.91
1749268139,15.94000000,479.13200000,15.91
1749268139,15.95000000,196.01300000,15.91
1749268139,15.96000000,174.63400000,15.91
1749268139,15.97000000,78.84400000,15.91
1749268139,15.98000000,361.55700000,15.91
1749268139,15.99000000,53.89000000,15.91
1749268139,16.00000000,189.72800000,15.91
1749268139,16.01000000,50.51000000,15.91
1749268139,16.02000000,61.08800000,15.91
1749268139,16.03000000,33.68200000,15.91
1749268139,16.04000000,18.81900000,15.91
1749268139,16.05000000,1.68300000,15.91
1749268139,16.06000000,14.85000000,15.91
1749268139,16.07000000,315.06500000,15.91
1749268139,16.08000000,50.83100000,15.91
1749268139,16.09000000,0.66100000,15.91
1749268139,16.10000000,2.82900000,15.91
1749268139,16.12000000,14.85000000,15.91
1749268139,16.13000000,24.76600000,15.91
1749268139,16.14000000,6.19300000,15.91
1749268139,16.15000000,15.67000000,15.91
