timestamp,price,volume,current_price
1749254677,15.50000000,9.70200000,15.5
1749254677,15.51000000,114.21000000,15.5
1749254677,15.52000000,456.91600000,15.5
1749254677,15.53000000,381.56300000,15.5
1749254677,15.54000000,264.03700000,15.5
1749254677,15.55000000,40.05700000,15.5
1749254677,15.56000000,50.85800000,15.5
1749254677,15.57000000,59.66500000,15.5
1749254677,15.58000000,461.54500000,15.5
1749254677,15.59000000,60.21000000,15.5
1749254677,15.60000000,20.96500000,15.5
1749254677,15.61000000,69.43900000,15.5
1749254677,15.62000000,20.93900000,15.5
1749254677,15.64000000,35.98100000,15.5
1749254677,15.65000000,0.66100000,15.5
1749254677,15.66000000,2.63800000,15.5
1749254677,15.67000000,261.81900000,15.5
1749254677,15.68000000,6.07200000,15.5
1749254677,15.70000000,2.82900000,15.5
1749254677,15.71000000,40.95400000,15.5
1749254677,15.72000000,2.14600000,15.5
1749254677,15.74000000,0.66100000,15.5
1749254677,15.77000000,2.12900000,15.5
1749254677,15.78000000,162.65800000,15.5
1749254677,15.79000000,16.45500000,15.5
1749254677,15.80000000,0.76000000,15.5
1749254677,15.82000000,0.35400000,15.5
1749254677,15.83000000,5.63500000,15.5
1749254677,15.84000000,2.71000000,15.5
1749254677,15.85000000,153.22200000,15.5
1749254677,15.86000000,9.14900000,15.5
1749254677,15.88000000,50.21500000,15.5
1749254677,15.90000000,2.82900000,15.5
1749254677,15.91000000,0.66100000,15.5
1749254677,15.93000000,78.17100000,15.5
1749254677,15.97000000,1.99700000,15.5
1749254677,15.99000000,3.35400000,15.5
1749254677,16.00000000,6.89600000,15.5
1749254677,16.03000000,0.37400000,15.5
1749254677,16.07000000,0.48600000,15.5
1749254677,16.09000000,0.66100000,15.5
1749254677,16.10000000,3.26400000,15.5
1749254677,16.11000000,1.55300000,15.5
1749254677,16.15000000,0.82000000,15.5
1749254677,16.16000000,2.98500000,15.5
1749254677,16.18000000,0.66100000,15.5
1749254677,16.19000000,0.49400000,15.5
1749254677,16.20000000,2.33600000,15.5
1749254677,16.22000000,3.70200000,15.5
1749254677,16.24000000,79.44700000,15.5
1749254677,16.27000000,1.65900000,15.5
1749254677,16.30000000,2.82900000,15.5
1749254677,16.33000000,2.63800000,15.5
1749254677,16.34000000,0.62100000,15.5
1749254677,16.35000000,1.04700000,15.5
1749254677,16.36000000,1.38300000,15.5
1749254677,16.37000000,0.34200000,15.5
1749254677,16.41000000,0.86200000,15.5
1749254677,16.42000000,1.94900000,15.5
1749254677,16.45000000,0.66100000,15.5
1749254677,16.48000000,0.71900000,15.5
1749254677,16.49000000,2.63800000,15.5
1749254677,16.50000000,2.82900000,15.5
1749254677,16.54000000,0.66100000,15.5
1749254677,16.58000000,2.33600000,15.5
1749254677,16.60000000,0.68500000,15.5
1749254677,16.61000000,0.35000000,15.5
1749254677,16.64000000,1.74200000,15.5
1749254677,16.65000000,1.00000000,15.5
1749254677,16.66000000,3.43000000,15.5
1749254677,16.68000000,0.47700000,15.5
1749254677,16.69000000,1.29600000,15.5
1749254677,16.71000000,3.89800000,15.5
1749254677,16.73000000,0.66100000,15.5
1749254677,16.77000000,0.47700000,15.5
1749254677,16.79000000,0.42700000,15.5
1749254677,16.80000000,5.99400000,15.5
1749254677,16.81000000,0.33300000,15.5
1749254677,16.82000000,0.66100000,15.5
1749254677,16.83000000,2.63800000,15.5
1749254677,16.85000000,0.36400000,15.5
1749254677,16.88000000,0.82000000,15.5
1749254677,16.89000000,59.55400000,15.5
1749254677,16.90000000,2.73600000,15.5
1749254677,16.92000000,4.45600000,15.5
1749254677,16.93000000,3.90800000,15.5
1749254677,16.94000000,0.35500000,15.5
1749254677,16.95000000,0.39300000,15.5
1749254677,16.96000000,2.33600000,15.5
1749254677,16.98000000,29.79700000,15.5
1749254677,16.99000000,2.63800000,15.5
1749254677,17.00000000,143.66800000,15.5
1749254677,17.01000000,10.65700000,15.5
1749254677,17.05000000,1.40900000,15.5
1749254677,17.06000000,1.12900000,15.5
1749254677,17.07000000,1.00000000,15.5
1749254677,17.08000000,0.32200000,15.5
1749254677,17.10000000,0.66100000,15.5
1749254677,17.12000000,0.98700000,15.5
1749254677,17.13000000,2.82900000,15.5
1749254996,15.51000000,11.76600000,15.51
1749254996,15.52000000,329.96600000,15.51
1749254996,15.53000000,561.45300000,15.51
1749254996,15.54000000,224.05400000,15.51
1749254996,15.55000000,149.37000000,15.51
1749254996,15.56000000,78.15400000,15.51
1749254996,15.57000000,55.75700000,15.51
1749254996,15.58000000,63.76300000,15.51
1749254996,15.59000000,57.36500000,15.51
1749254996,15.60000000,453.72400000,15.51
1749254996,15.61000000,105.83000000,15.51
1749254996,15.62000000,60.04000000,15.51
1749254996,15.63000000,19.30600000,15.51
1749254996,15.64000000,35.98100000,15.51
1749254996,15.65000000,0.66100000,15.51
1749254996,15.66000000,2.63800000,15.51
1749254996,15.68000000,6.07200000,15.51
1749254996,15.70000000,2.82900000,15.51
1749254996,15.71000000,259.79900000,15.51
1749254996,15.72000000,2.14600000,15.51
1749254996,15.74000000,41.61500000,15.51
1749254996,15.77000000,2.19100000,15.51
1749254996,15.78000000,162.65800000,15.51
1749254996,15.79000000,16.45500000,15.51
1749254996,15.80000000,0.76000000,15.51
1749254996,15.82000000,0.35400000,15.51
1749254996,15.83000000,5.63500000,15.51
1749254996,15.87000000,2.70600000,15.51
1749254996,15.88000000,50.21500000,15.51
1749254996,15.89000000,153.22200000,15.51
1749254996,15.90000000,11.97800000,15.51
1749254996,15.91000000,0.66100000,15.51
1749254996,15.97000000,80.16800000,15.51
1749254996,15.99000000,3.35400000,15.51
1749254996,16.00000000,3.67000000,15.51
1749254996,16.03000000,0.37400000,15.51
1749254996,16.07000000,0.48600000,15.51
1749254996,16.09000000,3.88300000,15.51
1749254996,16.10000000,3.26400000,15.51
1749254996,16.11000000,1.55300000,15.51
1749254996,16.15000000,0.82000000,15.51
1749254996,16.16000000,2.98500000,15.51
1749254996,16.18000000,0.66100000,15.51
1749254996,16.19000000,0.49400000,15.51
1749254996,16.20000000,2.33600000,15.51
1749254996,16.22000000,3.70200000,15.51
1749254996,16.24000000,79.44700000,15.51
1749254996,16.27000000,1.65900000,15.51
1749254996,16.30000000,2.82900000,15.51
1749254996,16.33000000,2.63800000,15.51
1749254996,16.34000000,0.62100000,15.51
1749254996,16.35000000,1.04700000,15.51
1749254996,16.36000000,1.38300000,15.51
1749254996,16.37000000,0.34200000,15.51
1749254996,16.41000000,0.86200000,15.51
1749254996,16.42000000,1.94900000,15.51
1749254996,16.45000000,0.66100000,15.51
1749254996,16.48000000,0.71900000,15.51
1749254996,16.49000000,2.63800000,15.51
1749254996,16.50000000,2.82900000,15.51
1749254996,16.54000000,0.66100000,15.51
1749254996,16.58000000,2.33600000,15.51
1749254996,16.60000000,0.68500000,15.51
1749254996,16.61000000,0.35000000,15.51
1749254996,16.64000000,1.74200000,15.51
1749254996,16.65000000,1.00000000,15.51
1749254996,16.66000000,3.43000000,15.51
1749254996,16.68000000,0.47700000,15.51
1749254996,16.69000000,1.29600000,15.51
1749254996,16.71000000,3.89800000,15.51
1749254996,16.73000000,0.66100000,15.51
1749254996,16.77000000,0.47700000,15.51
1749254996,16.79000000,0.42700000,15.51
1749254996,16.80000000,5.99400000,15.51
1749254996,16.81000000,0.33300000,15.51
1749254996,16.82000000,0.66100000,15.51
1749254996,16.83000000,2.63800000,15.51
1749254996,16.85000000,0.36400000,15.51
1749254996,16.88000000,0.82000000,15.51
1749254996,16.89000000,59.55400000,15.51
1749254996,16.90000000,2.73600000,15.51
1749254996,16.92000000,4.45600000,15.51
1749254996,16.93000000,3.90800000,15.51
1749254996,16.94000000,0.35500000,15.51
1749254996,16.95000000,0.39300000,15.51
1749254996,16.96000000,2.33600000,15.51
1749254996,16.98000000,29.79700000,15.51
1749254996,16.99000000,2.63800000,15.51
1749254996,17.00000000,143.66800000,15.51
1749254996,17.01000000,10.65700000,15.51
1749254996,17.05000000,1.40900000,15.51
1749254996,17.06000000,1.12900000,15.51
1749254996,17.07000000,1.00000000,15.51
1749254996,17.08000000,0.32200000,15.51
1749254996,17.10000000,0.66100000,15.51
1749254996,17.12000000,0.98700000,15.51
1749254996,17.13000000,2.82900000,15.51
1749254996,17.15000000,1.47600000,15.51
1749254996,17.16000000,8.49500000,15.51
1749254996,17.17000000,2.05700000,15.51
