timestamp,price,volume,current_price
1749258437,15.73000000,14.85000000,15.74
1749258437,15.74000000,102.41800000,15.74
1749258437,15.75000000,336.53700000,15.74
1749258437,15.76000000,449.23400000,15.74
1749258437,15.77000000,197.33200000,15.74
1749258437,15.78000000,130.70900000,15.74
1749258437,15.79000000,45.44700000,15.74
1749258437,15.80000000,38.39300000,15.74
1749258437,15.81000000,45.30500000,15.74
1749258437,15.82000000,467.94200000,15.74
1749258437,15.83000000,24.68200000,15.74
1749258437,15.84000000,19.03800000,15.74
1749258437,15.85000000,276.74600000,15.74
1749258437,15.86000000,38.53200000,15.74
1749258437,15.88000000,56.28700000,15.74
1749258437,15.90000000,2.82900000,15.74
1749258437,15.91000000,36.64200000,15.74
1749258437,15.93000000,257.01700000,15.74
1749258437,15.97000000,1.99700000,15.74
1749258437,15.99000000,44.30800000,15.74
1749258437,16.00000000,5.82900000,15.74
1749258437,16.03000000,163.03200000,15.74
1749258437,16.05000000,16.19500000,15.74
1749258437,16.07000000,38.51400000,15.74
1749258437,16.09000000,0.66100000,15.74
1749258437,16.10000000,3.26400000,15.74
1749258437,16.11000000,4.34700000,15.74
1749258437,16.12000000,153.22200000,15.74
1749258437,16.14000000,9.14900000,15.74
1749258437,16.15000000,0.82000000,15.74
1749258437,16.16000000,2.98500000,15.74
1749258437,16.17000000,78.17100000,15.74
1749258437,16.18000000,0.66100000,15.74
1749258437,16.19000000,0.49400000,15.74
1749258437,16.20000000,2.33600000,15.74
1749258437,16.22000000,3.70200000,15.74
1749258437,16.27000000,1.65900000,15.74
1749258437,16.29000000,3.05700000,15.74
1749258437,16.30000000,2.82900000,15.74
1749258437,16.33000000,2.63800000,15.74
1749258437,16.34000000,0.62100000,15.74
1749258437,16.35000000,0.61200000,15.74
1749258437,16.36000000,1.38300000,15.74
1749258437,16.37000000,0.34200000,15.74
1749258437,16.41000000,0.86200000,15.74
1749258437,16.42000000,1.94900000,15.74
1749258437,16.45000000,0.66100000,15.74
1749258437,16.48000000,0.71900000,15.74
1749258437,16.49000000,82.08500000,15.74
1749258437,16.50000000,2.82900000,15.74
1749258437,16.54000000,0.66100000,15.74
1749258437,16.58000000,2.33600000,15.74
1749258437,16.60000000,0.68500000,15.74
1749258437,16.61000000,0.35000000,15.74
1749258437,16.64000000,1.74200000,15.74
1749258437,16.65000000,1.00000000,15.74
1749258437,16.66000000,3.43000000,15.74
1749258437,16.68000000,0.47700000,15.74
1749258437,16.69000000,1.29600000,15.74
1749258437,16.71000000,3.89800000,15.74
1749258437,16.73000000,0.66100000,15.74
1749258437,16.77000000,0.47700000,15.74
1749258437,16.79000000,0.42700000,15.74
1749258437,16.80000000,5.99400000,15.74
1749258437,16.81000000,0.33300000,15.74
1749258437,16.82000000,0.66100000,15.74
1749258437,16.83000000,2.63800000,15.74
1749258437,16.85000000,0.36400000,15.74
1749258437,16.88000000,0.82000000,15.74
1749258437,16.89000000,59.55400000,15.74
1749258437,16.90000000,2.73600000,15.74
1749258437,16.92000000,4.45600000,15.74
1749258437,16.93000000,3.90800000,15.74
1749258437,16.94000000,0.35500000,15.74
1749258437,16.95000000,0.39300000,15.74
1749258437,16.96000000,2.33600000,15.74
1749258437,16.98000000,29.79700000,15.74
1749258437,16.99000000,2.63800000,15.74
1749258437,17.00000000,143.66800000,15.74
1749258437,17.01000000,10.65700000,15.74
1749258437,17.05000000,1.40900000,15.74
1749258437,17.06000000,1.12900000,15.74
1749258437,17.07000000,1.00000000,15.74
1749258437,17.08000000,0.32200000,15.74
1749258437,17.10000000,0.66100000,15.74
1749258437,17.12000000,0.98700000,15.74
1749258437,17.13000000,2.82900000,15.74
1749258437,17.15000000,1.47600000,15.74
1749258437,17.16000000,8.49500000,15.74
1749258437,17.17000000,2.05700000,15.74
1749258437,17.20000000,23.01900000,15.74
1749258437,17.22000000,1.89600000,15.74
1749258437,17.23000000,1.04400000,15.74
1749258437,17.24000000,0.35500000,15.74
1749258437,17.26000000,2.00000000,15.74
1749258437,17.27000000,1.58700000,15.74
1749258437,17.29000000,0.98500000,15.74
1749258437,17.31000000,9.14100000,15.74
1749258437,17.33000000,2.63800000,15.74
1749258437,17.35000000,2.82900000,15.74
1749258778,15.71000000,0.71400000,15.71
1749258778,15.72000000,76.62000000,15.71
1749258778,15.73000000,171.33000000,15.71
1749258778,15.74000000,382.40100000,15.71
1749258778,15.75000000,475.49000000,15.71
1749258778,15.76000000,98.35800000,15.71
1749258778,15.77000000,36.05800000,15.71
1749258778,15.78000000,293.08500000,15.71
1749258778,15.79000000,36.08000000,15.71
1749258778,15.80000000,188.06500000,15.71
1749258778,15.81000000,47.01700000,15.71
1749258778,15.82000000,25.78400000,15.71
1749258778,15.83000000,24.70400000,15.71
1749258778,15.84000000,1.59000000,15.71
1749258778,15.85000000,257.70800000,15.71
1749258778,15.86000000,38.53200000,15.71
1749258778,15.87000000,1.59000000,15.71
1749258778,15.88000000,312.28700000,15.71
1749258778,15.90000000,4.42000000,15.71
1749258778,15.91000000,36.64200000,15.71
1749258778,15.93000000,40.95400000,15.71
1749258778,15.97000000,42.55300000,15.71
1749258778,15.98000000,178.92400000,15.71
1749258778,15.99000000,3.35400000,15.71
1749258778,16.00000000,3.67000000,15.71
1749258778,16.03000000,0.37400000,15.71
1749258778,16.06000000,2.86400000,15.71
1749258778,16.07000000,153.70800000,15.71
1749258778,16.09000000,0.66100000,15.71
1749258778,16.10000000,3.26400000,15.71
1749258778,16.11000000,1.55300000,15.71
1749258778,16.14000000,9.14900000,15.71
1749258778,16.15000000,0.82000000,15.71
1749258778,16.16000000,2.98500000,15.71
1749258778,16.17000000,78.17100000,15.71
1749258778,16.18000000,0.66100000,15.71
1749258778,16.19000000,0.49400000,15.71
1749258778,16.20000000,2.33600000,15.71
1749258778,16.22000000,3.70200000,15.71
1749258778,16.26000000,2.92800000,15.71
1749258778,16.27000000,1.65900000,15.71
1749258778,16.30000000,2.82900000,15.71
1749258778,16.33000000,2.63800000,15.71
1749258778,16.34000000,0.62100000,15.71
1749258778,16.35000000,1.04700000,15.71
1749258778,16.36000000,1.38300000,15.71
1749258778,16.37000000,0.34200000,15.71
1749258778,16.41000000,0.86200000,15.71
1749258778,16.42000000,1.94900000,15.71
1749258778,16.44000000,79.44700000,15.71
1749258778,16.45000000,0.66100000,15.71
1749258778,16.48000000,0.71900000,15.71
1749258778,16.49000000,2.63800000,15.71
1749258778,16.50000000,2.82900000,15.71
1749258778,16.54000000,0.66100000,15.71
1749258778,16.58000000,2.33600000,15.71
1749258778,16.60000000,0.68500000,15.71
1749258778,16.61000000,0.35000000,15.71
1749258778,16.64000000,1.74200000,15.71
1749258778,16.65000000,1.00000000,15.71
1749258778,16.66000000,3.43000000,15.71
1749258778,16.68000000,0.47700000,15.71
1749258778,16.69000000,1.29600000,15.71
1749258778,16.71000000,3.89800000,15.71
1749258778,16.73000000,0.66100000,15.71
1749258778,16.77000000,0.47700000,15.71
1749258778,16.79000000,0.42700000,15.71
1749258778,16.80000000,5.99400000,15.71
1749258778,16.81000000,0.33300000,15.71
1749258778,16.82000000,0.66100000,15.71
1749258778,16.83000000,2.63800000,15.71
1749258778,16.85000000,0.36400000,15.71
1749258778,16.88000000,0.82000000,15.71
1749258778,16.89000000,59.55400000,15.71
1749258778,16.90000000,2.73600000,15.71
1749258778,16.92000000,4.45600000,15.71
1749258778,16.93000000,3.90800000,15.71
1749258778,16.94000000,0.35500000,15.71
1749258778,16.95000000,0.39300000,15.71
1749258778,16.96000000,2.33600000,15.71
1749258778,16.98000000,29.79700000,15.71
1749258778,16.99000000,2.63800000,15.71
1749258778,17.00000000,143.66800000,15.71
1749258778,17.01000000,10.65700000,15.71
1749258778,17.05000000,1.40900000,15.71
1749258778,17.06000000,1.12900000,15.71
1749258778,17.07000000,1.00000000,15.71
1749258778,17.08000000,0.32200000,15.71
1749258778,17.10000000,0.66100000,15.71
1749258778,17.12000000,0.98700000,15.71
1749258778,17.13000000,2.82900000,15.71
1749258778,17.15000000,1.47600000,15.71
1749258778,17.16000000,8.49500000,15.71
1749258778,17.17000000,2.05700000,15.71
1749258778,17.20000000,23.01900000,15.71
1749258778,17.22000000,1.89600000,15.71
1749258778,17.23000000,1.04400000,15.71
1749258778,17.24000000,0.35500000,15.71
1749258778,17.26000000,2.00000000,15.71
1749258778,17.27000000,1.58700000,15.71
1749259080,15.69000000,22.09400000,15.69
1749259080,15.70000000,119.31000000,15.69
1749259080,15.71000000,347.90200000,15.69
1749259080,15.72000000,641.19700000,15.69
1749259080,15.73000000,501.77800000,15.69
1749259080,15.74000000,116.94600000,15.69
1749259080,15.75000000,56.39700000,15.69
1749259080,15.76000000,175.70000000,15.69
1749259080,15.77000000,84.11400000,15.69
1749259080,15.78000000,20.70800000,15.69
1749259080,15.79000000,19.11500000,15.69
1749259080,15.80000000,19.86300000,15.69
1749259080,15.81000000,20.68100000,15.69
1749259080,15.82000000,6.71200000,15.69
1749259080,15.83000000,41.61600000,15.69
1749259080,15.84000000,1.59000000,15.69
1749259080,15.85000000,257.70800000,15.69
1749259080,15.87000000,265.36400000,15.69
1749259080,15.88000000,56.28700000,15.69
1749259080,15.90000000,4.42000000,15.69
1749259080,15.91000000,0.66100000,15.69
1749259080,15.92000000,2.28900000,15.69
1749259080,15.93000000,79.31700000,15.69
1749259080,15.97000000,1.99700000,15.69
1749259080,15.98000000,178.92400000,15.69
1749259080,15.99000000,3.35400000,15.69
1749259080,16.00000000,3.67000000,15.69
1749259080,16.03000000,0.37400000,15.69
1749259080,16.06000000,2.86400000,15.69
1749259080,16.07000000,153.70800000,15.69
1749259080,16.09000000,9.81000000,15.69
1749259080,16.10000000,3.26400000,15.69
1749259080,16.11000000,1.55300000,15.69
1749259080,16.12000000,63.16800000,15.69
1749259080,16.15000000,0.82000000,15.69
1749259080,16.16000000,2.98500000,15.69
1749259080,16.17000000,15.00300000,15.69
1749259080,16.18000000,0.66100000,15.69
1749259080,16.19000000,0.49400000,15.69
1749259080,16.20000000,2.33600000,15.69
1749259080,16.22000000,6.63000000,15.69
1749259080,16.27000000,1.65900000,15.69
1749259080,16.30000000,2.82900000,15.69
1749259080,16.33000000,2.63800000,15.69
1749259080,16.34000000,0.62100000,15.69
1749259080,16.35000000,1.04700000,15.69
1749259080,16.36000000,1.38300000,15.69
1749259080,16.37000000,0.34200000,15.69
1749259080,16.41000000,0.86200000,15.69
1749259080,16.42000000,1.94900000,15.69
1749259080,16.44000000,79.44700000,15.69
1749259080,16.45000000,0.66100000,15.69
1749259080,16.48000000,0.71900000,15.69
1749259080,16.49000000,2.63800000,15.69
1749259080,16.50000000,2.82900000,15.69
1749259080,16.54000000,0.66100000,15.69
1749259080,16.58000000,2.33600000,15.69
1749259080,16.60000000,0.68500000,15.69
1749259080,16.61000000,0.35000000,15.69
1749259080,16.64000000,1.74200000,15.69
1749259080,16.65000000,1.00000000,15.69
1749259080,16.66000000,3.43000000,15.69
1749259080,16.68000000,0.47700000,15.69
1749259080,16.69000000,1.29600000,15.69
1749259080,16.71000000,3.89800000,15.69
1749259080,16.73000000,0.66100000,15.69
1749259080,16.77000000,0.47700000,15.69
1749259080,16.79000000,0.42700000,15.69
1749259080,16.80000000,5.99400000,15.69
1749259080,16.81000000,0.33300000,15.69
1749259080,16.82000000,0.66100000,15.69
1749259080,16.83000000,2.63800000,15.69
1749259080,16.85000000,0.36400000,15.69
1749259080,16.88000000,0.82000000,15.69
1749259080,16.89000000,59.55400000,15.69
1749259080,16.90000000,2.73600000,15.69
1749259080,16.92000000,4.45600000,15.69
1749259080,16.93000000,3.90800000,15.69
1749259080,16.94000000,0.35500000,15.69
1749259080,16.95000000,0.39300000,15.69
1749259080,16.96000000,2.33600000,15.69
1749259080,16.98000000,29.79700000,15.69
1749259080,16.99000000,2.63800000,15.69
1749259080,17.00000000,143.66800000,15.69
1749259080,17.01000000,10.65700000,15.69
1749259080,17.05000000,1.40900000,15.69
1749259080,17.06000000,1.12900000,15.69
1749259080,17.07000000,1.00000000,15.69
1749259080,17.08000000,0.32200000,15.69
1749259080,17.10000000,0.66100000,15.69
1749259080,17.12000000,0.98700000,15.69
1749259080,17.13000000,2.82900000,15.69
1749259080,17.15000000,1.47600000,15.69
1749259080,17.16000000,8.49500000,15.69
1749259080,17.17000000,2.05700000,15.69
1749259080,17.20000000,23.01900000,15.69
1749259080,17.22000000,1.89600000,15.69
1749259080,17.23000000,1.04400000,15.69
1749259080,17.24000000,0.35500000,15.69
1749259080,17.26000000,2.00000000,15.69
