timestamp,price,volume,current_price
1749258276,0.78200000,25297.60000000,0.782
1749258276,0.78300000,49967.02000000,0.782
1749258276,0.78400000,53018.78000000,0.782
1749258276,0.78500000,46691.59000000,0.782
1749258276,0.78600000,25770.23000000,0.782
1749258276,0.78700000,19016.80000000,0.782
1749258276,0.78800000,10300.49000000,0.782
1749258276,0.78900000,12245.03000000,0.782
1749258276,0.79000000,21858.81000000,0.782
1749258276,0.79100000,4650.78000000,0.782
1749258276,0.79200000,7071.50000000,0.782
1749258276,0.79300000,3064.41000000,0.782
1749258276,0.79400000,8042.64000000,0.782
1749258276,0.79500000,2246.52000000,0.782
1749258276,0.79600000,8470.65000000,0.782
1749258276,0.79700000,51144.12000000,0.782
1749258276,0.79800000,3875.16000000,0.782
1749258276,0.79900000,8666.01000000,0.782
1749258276,0.80000000,4903.53000000,0.782
1749258276,0.80100000,1936.32000000,0.782
1749258276,0.80200000,1175.98000000,0.782
1749258276,0.80300000,2299.49000000,0.782
1749258276,0.80400000,1144.35000000,0.782
1749258276,0.80500000,1829.00000000,0.782
1749258276,0.80600000,1496.92000000,0.782
1749258276,0.80700000,1842.74000000,0.782
1749258276,0.80800000,3856.55000000,0.782
1749258276,0.80900000,3260.82000000,0.782
1749258276,0.81000000,3969.39000000,0.782
1749258276,0.81100000,7926.67000000,0.782
1749258276,0.81200000,1247.90000000,0.782
1749258276,0.81300000,1481.42000000,0.782
1749258276,0.81400000,89.97000000,0.782
1749258276,0.81500000,1946.45000000,0.782
1749258276,0.81600000,1099.33000000,0.782
1749258276,0.81700000,125.48000000,0.782
1749258276,0.81800000,7454.44000000,0.782
1749258276,0.81900000,2649.31000000,0.782
1749258276,0.82000000,3965.19000000,0.782
1749258276,0.82100000,2532.36000000,0.782
1749258276,0.82200000,3295.27000000,0.782
1749258276,0.82300000,1942.30000000,0.782
1749258276,0.82400000,439.65000000,0.782
1749258276,0.82500000,157.60000000,0.782
1749258276,0.82600000,4637.77000000,0.782
1749258276,0.82700000,130.19000000,0.782
1749258276,0.82800000,157.35000000,0.782
1749258276,0.82900000,1311.03000000,0.782
1749258276,0.83000000,3352.25000000,0.782
1749258276,0.83100000,64.26000000,0.782
1749258276,0.83200000,59.68000000,0.782
1749258276,0.83300000,434.97000000,0.782
1749258276,0.83400000,135.83000000,0.782
1749258276,0.83500000,21998.63000000,0.782
1749258276,0.83600000,132.75000000,0.782
1749258276,0.83700000,112.54000000,0.782
1749258276,0.83800000,878.95000000,0.782
1749258276,0.83900000,192.37000000,0.782
1749258276,0.84000000,27269.98000000,0.782
1749258276,0.84100000,391.20000000,0.782
1749258276,0.84200000,312.84000000,0.782
1749258276,0.84300000,173.47000000,0.782
1749258276,0.84400000,109.44000000,0.782
1749258276,0.84500000,961.42000000,0.782
1749258276,0.84600000,12.99000000,0.782
1749258276,0.84700000,116.17000000,0.782
1749258276,0.84800000,60349.66000000,0.782
1749258276,0.84900000,197.47000000,0.782
1749258276,0.85000000,16505.06000000,0.782
1749258276,0.85100000,80.38000000,0.782
1749258276,0.85200000,1724.99000000,0.782
1749258276,0.85300000,1031.71000000,0.782
1749258276,0.85400000,55.18000000,0.782
1749258276,0.85500000,862.03000000,0.782
1749258276,0.85600000,73.71000000,0.782
1749258276,0.85700000,145.32000000,0.782
1749258276,0.85800000,328.30000000,0.782
1749258276,0.85900000,2524.78000000,0.782
1749258276,0.86000000,15685.61000000,0.782
1749258276,0.86100000,3771.25000000,0.782
1749258276,0.86200000,10.21000000,0.782
1749258276,0.86300000,21.08000000,0.782
1749258276,0.86400000,380.59000000,0.782
1749258276,0.86500000,280.92000000,0.782
1749258276,0.86600000,4690.03000000,0.782
1749258276,0.86700000,70.63000000,0.782
1749258276,0.86800000,1448.37000000,0.782
1749258276,0.86900000,10.00000000,0.782
1749258276,0.87000000,8684.05000000,0.782
1749258276,0.87100000,21.23000000,0.782
1749258276,0.87200000,3671.64000000,0.782
1749258276,0.87300000,48.94000000,0.782
1749258276,0.87400000,71.55000000,0.782
1749258276,0.87500000,85.93000000,0.782
1749258276,0.87600000,899.19000000,0.782
1749258276,0.87700000,121.79000000,0.782
1749258276,0.87800000,9741.30000000,0.782
1749258276,0.87900000,96.64000000,0.782
1749258276,0.88000000,40920.44000000,0.782
1749258276,0.88100000,26.71000000,0.782
1749258584,0.78100000,12668.81000000,0.781
1749258584,0.78200000,43445.57000000,0.781
1749258584,0.78300000,37330.19000000,0.781
1749258584,0.78400000,30172.16000000,0.781
1749258584,0.78500000,30890.83000000,0.781
1749258584,0.78600000,17668.40000000,0.781
1749258584,0.78700000,17990.55000000,0.781
1749258584,0.78800000,12422.24000000,0.781
1749258584,0.78900000,7257.51000000,0.781
1749258584,0.79000000,15805.02000000,0.781
1749258584,0.79100000,8861.04000000,0.781
1749258584,0.79200000,7039.52000000,0.781
1749258584,0.79300000,3841.85000000,0.781
1749258584,0.79400000,4026.22000000,0.781
1749258584,0.79500000,6236.58000000,0.781
1749258584,0.79600000,6187.32000000,0.781
1749258584,0.79700000,51144.12000000,0.781
1749258584,0.79800000,3875.16000000,0.781
1749258584,0.79900000,8666.01000000,0.781
1749258584,0.80000000,5132.28000000,0.781
1749258584,0.80100000,1936.32000000,0.781
1749258584,0.80200000,1740.07000000,0.781
1749258584,0.80300000,2299.49000000,0.781
1749258584,0.80400000,1860.92000000,0.781
1749258584,0.80500000,1778.37000000,0.781
1749258584,0.80600000,2128.51000000,0.781
1749258584,0.80700000,1126.17000000,0.781
1749258584,0.80800000,3343.09000000,0.781
1749258584,0.80900000,2629.23000000,0.781
1749258584,0.81000000,3969.39000000,0.781
1749258584,0.81100000,7926.67000000,0.781
1749258584,0.81200000,1247.90000000,0.781
1749258584,0.81300000,1481.42000000,0.781
1749258584,0.81400000,89.97000000,0.781
1749258584,0.81500000,1946.45000000,0.781
1749258584,0.81600000,2247.95000000,0.781
1749258584,0.81700000,125.48000000,0.781
1749258584,0.81800000,7454.44000000,0.781
1749258584,0.81900000,1500.69000000,0.781
1749258584,0.82000000,3965.19000000,0.781
1749258584,0.82100000,1771.70000000,0.781
1749258584,0.82200000,3295.27000000,0.781
1749258584,0.82300000,1942.30000000,0.781
1749258584,0.82400000,120.31000000,0.781
1749258584,0.82500000,157.60000000,0.781
1749258584,0.82600000,5820.20000000,0.781
1749258584,0.82700000,130.19000000,0.781
1749258584,0.82800000,157.35000000,0.781
1749258584,0.82900000,128.60000000,0.781
1749258584,0.83000000,3661.49000000,0.781
1749258584,0.83100000,48.84000000,0.781
1749258584,0.83200000,75.10000000,0.781
1749258584,0.83300000,125.73000000,0.781
1749258584,0.83400000,135.83000000,0.781
1749258584,0.83500000,21998.63000000,0.781
1749258584,0.83600000,132.75000000,0.781
1749258584,0.83700000,112.54000000,0.781
1749258584,0.83800000,878.95000000,0.781
1749258584,0.83900000,192.37000000,0.781
1749258584,0.84000000,27269.98000000,0.781
1749258584,0.84100000,391.20000000,0.781
1749258584,0.84200000,312.84000000,0.781
1749258584,0.84300000,173.47000000,0.781
1749258584,0.84400000,109.44000000,0.781
1749258584,0.84500000,961.42000000,0.781
1749258584,0.84600000,12.99000000,0.781
1749258584,0.84700000,116.17000000,0.781
1749258584,0.84800000,60349.66000000,0.781
1749258584,0.84900000,197.47000000,0.781
1749258584,0.85000000,16505.06000000,0.781
1749258584,0.85100000,80.38000000,0.781
1749258584,0.85200000,1724.99000000,0.781
1749258584,0.85300000,1031.71000000,0.781
1749258584,0.85400000,55.18000000,0.781
1749258584,0.85500000,862.03000000,0.781
1749258584,0.85600000,73.71000000,0.781
1749258584,0.85700000,132.53000000,0.781
1749258584,0.85800000,328.30000000,0.781
1749258584,0.85900000,2524.78000000,0.781
1749258584,0.86000000,15685.61000000,0.781
1749258584,0.86100000,3771.25000000,0.781
1749258584,0.86200000,10.21000000,0.781
1749258584,0.86300000,21.08000000,0.781
1749258584,0.86400000,380.59000000,0.781
1749258584,0.86500000,280.92000000,0.781
1749258584,0.86600000,4690.03000000,0.781
1749258584,0.86700000,70.63000000,0.781
1749258584,0.86800000,1448.37000000,0.781
1749258584,0.86900000,10.00000000,0.781
1749258584,0.87000000,8684.05000000,0.781
1749258584,0.87100000,21.23000000,0.781
1749258584,0.87200000,3671.64000000,0.781
1749258584,0.87300000,48.94000000,0.781
1749258584,0.87400000,71.55000000,0.781
1749258584,0.87500000,85.93000000,0.781
1749258584,0.87600000,899.19000000,0.781
1749258584,0.87700000,121.79000000,0.781
1749258584,0.87800000,9741.30000000,0.781
1749258584,0.87900000,96.64000000,0.781
1749258584,0.88000000,40920.44000000,0.781
1749258909,0.78200000,10486.47000000,0.782
1749258909,0.78300000,37124.97000000,0.782
1749258909,0.78400000,56095.80000000,0.782
1749258909,0.78500000,35525.52000000,0.782
1749258909,0.78600000,27110.52000000,0.782
1749258909,0.78700000,14521.92000000,0.782
1749258909,0.78800000,15603.95000000,0.782
1749258909,0.78900000,9956.64000000,0.782
1749258909,0.79000000,20344.20000000,0.782
1749258909,0.79100000,8861.04000000,0.782
1749258909,0.79200000,7071.50000000,0.782
1749258909,0.79300000,3057.47000000,0.782
1749258909,0.79400000,3832.33000000,0.782
1749258909,0.79500000,2020.96000000,0.782
1749258909,0.79600000,11342.33000000,0.782
1749258909,0.79700000,51144.12000000,0.782
1749258909,0.79800000,3907.14000000,0.782
1749258909,0.79900000,8666.01000000,0.782
1749258909,0.80000000,5164.26000000,0.782
1749258909,0.80100000,1936.32000000,0.782
1749258909,0.80200000,1207.96000000,0.782
1749258909,0.80300000,2299.49000000,0.782
1749258909,0.80400000,1860.92000000,0.782
1749258909,0.80500000,2342.46000000,0.782
1749258909,0.80600000,1496.92000000,0.782
1749258909,0.80700000,1126.17000000,0.782
1749258909,0.80800000,3343.09000000,0.782
1749258909,0.80900000,3260.82000000,0.782
1749258909,0.81000000,3969.39000000,0.782
1749258909,0.81100000,7926.67000000,0.782
1749258909,0.81200000,1247.90000000,0.782
1749258909,0.81300000,1481.42000000,0.782
1749258909,0.81400000,89.97000000,0.782
1749258909,0.81500000,1946.45000000,0.782
1749258909,0.81600000,1099.33000000,0.782
1749258909,0.81700000,125.48000000,0.782
1749258909,0.81800000,7454.44000000,0.782
1749258909,0.81900000,2649.31000000,0.782
1749258909,0.82000000,3965.19000000,0.782
1749258909,0.82100000,1771.70000000,0.782
1749258909,0.82200000,3295.27000000,0.782
1749258909,0.82300000,1942.30000000,0.782
1749258909,0.82400000,120.31000000,0.782
1749258909,0.82500000,157.60000000,0.782
1749258909,0.82600000,5820.20000000,0.782
1749258909,0.82700000,130.19000000,0.782
1749258909,0.82800000,157.35000000,0.782
1749258909,0.82900000,249.22000000,0.782
1749258909,0.83000000,3661.49000000,0.782
1749258909,0.83100000,48.84000000,0.782
1749258909,0.83200000,75.10000000,0.782
1749258909,0.83300000,125.73000000,0.782
1749258909,0.83400000,135.83000000,0.782
1749258909,0.83500000,21998.63000000,0.782
1749258909,0.83600000,132.75000000,0.782
1749258909,0.83700000,112.54000000,0.782
1749258909,0.83800000,878.95000000,0.782
1749258909,0.83900000,171.84000000,0.782
1749258909,0.84000000,27269.98000000,0.782
1749258909,0.84100000,391.20000000,0.782
1749258909,0.84200000,194.08000000,0.782
1749258909,0.84300000,173.47000000,0.782
1749258909,0.84400000,109.44000000,0.782
1749258909,0.84500000,961.42000000,0.782
1749258909,0.84600000,12.99000000,0.782
1749258909,0.84700000,239.06000000,0.782
1749258909,0.84800000,60349.66000000,0.782
1749258909,0.84900000,197.47000000,0.782
1749258909,0.85000000,16505.06000000,0.782
1749258909,0.85100000,80.38000000,0.782
1749258909,0.85200000,1724.99000000,0.782
1749258909,0.85300000,1031.71000000,0.782
1749258909,0.85400000,55.18000000,0.782
1749258909,0.85500000,862.03000000,0.782
1749258909,0.85600000,73.71000000,0.782
1749258909,0.85700000,145.34000000,0.782
1749258909,0.85800000,328.30000000,0.782
1749258909,0.85900000,2524.78000000,0.782
1749258909,0.86000000,15685.61000000,0.782
1749258909,0.86100000,3771.25000000,0.782
1749258909,0.86200000,10.21000000,0.782
1749258909,0.86300000,21.08000000,0.782
1749258909,0.86400000,380.59000000,0.782
1749258909,0.86500000,280.92000000,0.782
1749258909,0.86600000,4690.03000000,0.782
1749258909,0.86700000,70.63000000,0.782
1749258909,0.86800000,1448.37000000,0.782
1749258909,0.86900000,10.00000000,0.782
1749258909,0.87000000,8684.05000000,0.782
1749258909,0.87100000,21.23000000,0.782
1749258909,0.87200000,3671.64000000,0.782
1749258909,0.87300000,48.94000000,0.782
1749258909,0.87400000,71.55000000,0.782
1749258909,0.87500000,85.93000000,0.782
1749258909,0.87600000,899.19000000,0.782
1749258909,0.87700000,121.79000000,0.782
1749258909,0.87800000,9741.30000000,0.782
1749258909,0.87900000,96.64000000,0.782
1749258909,0.88000000,40920.44000000,0.782
1749258909,0.88100000,26.71000000,0.782
1749259211,0.78000000,20657.76000000,0.779
1749259211,0.78100000,35255.35000000,0.779
1749259211,0.78200000,36256.70000000,0.779
1749259211,0.78300000,31663.53000000,0.779
1749259211,0.78400000,39871.14000000,0.779
1749259211,0.78500000,21624.30000000,0.779
1749259211,0.78600000,21246.00000000,0.779
1749259211,0.78700000,8905.40000000,0.779
1749259211,0.78800000,11411.60000000,0.779
1749259211,0.78900000,11244.54000000,0.779
1749259211,0.79000000,15837.00000000,0.779
1749259211,0.79100000,1147.65000000,0.779
1749259211,0.79200000,2990.46000000,0.779
1749259211,0.79300000,6491.15000000,0.779
1749259211,0.79400000,9561.90000000,0.779
1749259211,0.79500000,1236.58000000,0.779
1749259211,0.79600000,3286.87000000,0.779
1749259211,0.79700000,51144.12000000,0.779
1749259211,0.79800000,3405.96000000,0.779
1749259211,0.79900000,8666.01000000,0.779
1749259211,0.80000000,5164.39000000,0.779
1749259211,0.80100000,1936.32000000,0.779
1749259211,0.80200000,1740.07000000,0.779
1749259211,0.80300000,2299.49000000,0.779
1749259211,0.80400000,1860.92000000,0.779
1749259211,0.80500000,1778.37000000,0.779
1749259211,0.80600000,3360.59000000,0.779
1749259211,0.80700000,1126.17000000,0.779
1749259211,0.80800000,3635.52000000,0.779
1749259211,0.80900000,1407.16000000,0.779
1749259211,0.81000000,3969.39000000,0.779
1749259211,0.81100000,7634.24000000,0.779
1749259211,0.81200000,1247.90000000,0.779
1749259211,0.81300000,1481.42000000,0.779
1749259211,0.81400000,89.97000000,0.779
1749259211,0.81500000,1946.45000000,0.779
1749259211,0.81600000,2247.95000000,0.779
1749259211,0.81700000,125.48000000,0.779
1749259211,0.81800000,7454.44000000,0.779
1749259211,0.81900000,1500.69000000,0.779
1749259211,0.82000000,2885.19000000,0.779
1749259211,0.82100000,1771.70000000,0.779
1749259211,0.82200000,3295.27000000,0.779
1749259211,0.82300000,1942.30000000,0.779
1749259211,0.82400000,120.31000000,0.779
1749259211,0.82500000,157.60000000,0.779
1749259211,0.82600000,5820.20000000,0.779
1749259211,0.82700000,130.19000000,0.779
1749259211,0.82800000,157.35000000,0.779
1749259211,0.82900000,249.22000000,0.779
1749259211,0.83000000,3661.49000000,0.779
1749259211,0.83100000,48.84000000,0.779
1749259211,0.83200000,75.10000000,0.779
1749259211,0.83300000,125.73000000,0.779
1749259211,0.83400000,135.83000000,0.779
1749259211,0.83500000,21998.63000000,0.779
1749259211,0.83600000,132.75000000,0.779
1749259211,0.83700000,112.54000000,0.779
1749259211,0.83800000,878.95000000,0.779
1749259211,0.83900000,211.65000000,0.779
1749259211,0.84000000,27269.98000000,0.779
1749259211,0.84100000,391.20000000,0.779
1749259211,0.84200000,194.08000000,0.779
1749259211,0.84300000,173.47000000,0.779
1749259211,0.84400000,109.44000000,0.779
1749259211,0.84500000,961.42000000,0.779
1749259211,0.84600000,12.99000000,0.779
1749259211,0.84700000,545.19000000,0.779
1749259211,0.84800000,60349.66000000,0.779
1749259211,0.84900000,197.47000000,0.779
1749259211,0.85000000,16505.06000000,0.779
1749259211,0.85100000,80.38000000,0.779
1749259211,0.85200000,1724.99000000,0.779
1749259211,0.85300000,1031.71000000,0.779
1749259211,0.85400000,55.18000000,0.779
1749259211,0.85500000,862.03000000,0.779
1749259211,0.85600000,60.88000000,0.779
1749259211,0.85700000,132.53000000,0.779
1749259211,0.85800000,328.30000000,0.779
1749259211,0.85900000,2524.78000000,0.779
1749259211,0.86000000,15685.61000000,0.779
1749259211,0.86100000,3771.25000000,0.779
1749259211,0.86200000,10.21000000,0.779
1749259211,0.86300000,21.08000000,0.779
1749259211,0.86400000,380.59000000,0.779
1749259211,0.86500000,280.92000000,0.779
1749259211,0.86600000,4690.03000000,0.779
1749259211,0.86700000,70.63000000,0.779
1749259211,0.86800000,1448.37000000,0.779
1749259211,0.86900000,10.00000000,0.779
1749259211,0.87000000,8684.05000000,0.779
1749259211,0.87100000,21.23000000,0.779
1749259211,0.87200000,3671.64000000,0.779
1749259211,0.87300000,48.94000000,0.779
1749259211,0.87400000,71.55000000,0.779
1749259211,0.87500000,85.93000000,0.779
1749259211,0.87600000,899.19000000,0.779
1749259211,0.87700000,121.79000000,0.779
1749259211,0.87800000,9741.30000000,0.779
1749259211,0.87900000,96.64000000,0.779
