timestamp,price,volume,current_price
1749260694,0.77700000,20560.42000000,0.777
1749260694,0.77800000,56367.51000000,0.777
1749260694,0.77900000,24820.30000000,0.777
1749260694,0.78000000,27326.71000000,0.777
1749260694,0.78100000,16671.68000000,0.777
1749260694,0.78200000,27622.71000000,0.777
1749260694,0.78300000,10723.79000000,0.777
1749260694,0.78400000,15428.21000000,0.777
1749260694,0.78500000,16577.07000000,0.777
1749260694,0.78600000,8560.66000000,0.777
1749260694,0.78700000,3737.38000000,0.777
1749260694,0.78800000,2923.72000000,0.777
1749260694,0.78900000,4588.29000000,0.777
1749260694,0.79000000,23672.66000000,0.777
1749260694,0.79100000,1140.69000000,0.777
1749260694,0.79200000,2958.48000000,0.777
1749260694,0.79300000,3057.47000000,0.777
1749260694,0.79400000,3800.35000000,0.777
1749260694,0.79500000,1236.58000000,0.777
1749260694,0.79600000,2915.80000000,0.777
1749260694,0.79700000,1144.12000000,0.777
1749260694,0.79800000,3373.98000000,0.777
1749260694,0.79900000,9730.23000000,0.777
1749260694,0.80000000,8263.52000000,0.777
1749260694,0.80100000,1936.32000000,0.777
1749260694,0.80200000,1699.45000000,0.777
1749260694,0.80300000,3655.58000000,0.777
1749260694,0.80400000,1144.35000000,0.777
1749260694,0.80500000,1557.34000000,0.777
1749260694,0.80600000,1496.92000000,0.777
1749260694,0.80700000,1126.17000000,0.777
1749260694,0.80800000,3343.09000000,0.777
1749260694,0.80900000,1407.16000000,0.777
1749260694,0.81000000,3969.39000000,0.777
1749260694,0.81100000,7634.24000000,0.777
1749260694,0.81200000,1247.90000000,0.777
1749260694,0.81300000,1550.04000000,0.777
1749260694,0.81400000,89.97000000,0.777
1749260694,0.81500000,866.45000000,0.777
1749260694,0.81600000,19.33000000,0.777
1749260694,0.81700000,137.72000000,0.777
1749260694,0.81800000,6693.78000000,0.777
1749260694,0.81900000,420.69000000,0.777
1749260694,0.82000000,3590.33000000,0.777
1749260694,0.82100000,1452.36000000,0.777
1749260694,0.82200000,3283.11000000,0.777
1749260694,0.82300000,3124.73000000,0.777
1749260694,0.82400000,120.31000000,0.777
1749260694,0.82500000,2608.86000000,0.777
1749260694,0.82600000,4637.77000000,0.777
1749260694,0.82700000,439.43000000,0.777
1749260694,0.82800000,157.35000000,0.777
1749260694,0.82900000,249.22000000,0.777
1749260694,0.83000000,3427.25000000,0.777
1749260694,0.83100000,48.84000000,0.777
1749260694,0.83200000,75.10000000,0.777
1749260694,0.83300000,125.73000000,0.777
1749260694,0.83400000,135.83000000,0.777
1749260694,0.83500000,21998.63000000,0.777
1749260694,0.83600000,132.75000000,0.777
1749260694,0.83700000,112.54000000,0.777
1749260694,0.83800000,878.95000000,0.777
1749260694,0.83900000,1172.84000000,0.777
1749260694,0.84000000,27269.98000000,0.777
1749260694,0.84100000,391.20000000,0.777
1749260694,0.84200000,194.08000000,0.777
1749260694,0.84300000,173.47000000,0.777
1749260694,0.84400000,109.44000000,0.777
1749260694,0.84500000,961.42000000,0.777
1749260694,0.84600000,12.99000000,0.777
1749260694,0.84700000,116.17000000,0.777
1749260694,0.84800000,60349.66000000,0.777
1749260694,0.84900000,197.47000000,0.777
1749260694,0.85000000,19031.33000000,0.777
1749260694,0.85100000,80.38000000,0.777
1749260694,0.85200000,1724.99000000,0.777
1749260694,0.85300000,1018.83000000,0.777
1749260694,0.85400000,42.32000000,0.777
1749260694,0.85500000,849.19000000,0.777
1749260694,0.85600000,60.88000000,0.777
1749260694,0.85700000,132.53000000,0.777
1749260694,0.85800000,328.30000000,0.777
1749260694,0.85900000,2524.78000000,0.777
1749260694,0.86000000,15685.61000000,0.777
1749260694,0.86100000,3771.25000000,0.777
1749260694,0.86200000,10.21000000,0.777
1749260694,0.86300000,21.08000000,0.777
1749260694,0.86400000,380.59000000,0.777
1749260694,0.86500000,280.92000000,0.777
1749260694,0.86600000,4690.03000000,0.777
1749260694,0.86700000,70.63000000,0.777
1749260694,0.86800000,1448.37000000,0.777
1749260694,0.86900000,10.00000000,0.777
1749260694,0.87000000,8684.05000000,0.777
1749260694,0.87100000,21.23000000,0.777
1749260694,0.87200000,3671.64000000,0.777
1749260694,0.87300000,48.94000000,0.777
1749260694,0.87400000,71.55000000,0.777
1749260694,0.87500000,85.93000000,0.777
1749260694,0.87600000,899.19000000,0.777
1749261013,0.77700000,10436.93000000,0.777
1749261013,0.77800000,33106.01000000,0.777
1749261013,0.77900000,38172.86000000,0.777
1749261013,0.78000000,38397.27000000,0.777
1749261013,0.78100000,25954.42000000,0.777
1749261013,0.78200000,14853.86000000,0.777
1749261013,0.78300000,17511.95000000,0.777
1749261013,0.78400000,21120.65000000,0.777
1749261013,0.78500000,16278.81000000,0.777
1749261013,0.78600000,8969.12000000,0.777
1749261013,0.78700000,3744.37000000,0.777
1749261013,0.78800000,2930.70000000,0.777
1749261013,0.78900000,4588.29000000,0.777
1749261013,0.79000000,18672.42000000,0.777
1749261013,0.79100000,1140.69000000,0.777
1749261013,0.79200000,7958.48000000,0.777
1749261013,0.79300000,3057.47000000,0.777
1749261013,0.79400000,3800.35000000,0.777
1749261013,0.79500000,1236.58000000,0.777
1749261013,0.79600000,2915.80000000,0.777
1749261013,0.79700000,1144.12000000,0.777
1749261013,0.79800000,3373.98000000,0.777
1749261013,0.79900000,9166.14000000,0.777
1749261013,0.80000000,8263.52000000,0.777
1749261013,0.80100000,1936.32000000,0.777
1749261013,0.80200000,1750.08000000,0.777
1749261013,0.80300000,1801.92000000,0.777
1749261013,0.80400000,1144.35000000,0.777
1749261013,0.80500000,1778.37000000,0.777
1749261013,0.80600000,3350.58000000,0.777
1749261013,0.80700000,1126.17000000,0.777
1749261013,0.80800000,3635.52000000,0.777
1749261013,0.80900000,1407.16000000,0.777
1749261013,0.81000000,3969.39000000,0.777
1749261013,0.81100000,7634.24000000,0.777
1749261013,0.81200000,1247.90000000,0.777
1749261013,0.81300000,1481.42000000,0.777
1749261013,0.81400000,89.97000000,0.777
1749261013,0.81500000,866.45000000,0.777
1749261013,0.81600000,1167.95000000,0.777
1749261013,0.81700000,137.72000000,0.777
1749261013,0.81800000,6693.78000000,0.777
1749261013,0.81900000,420.69000000,0.777
1749261013,0.82000000,3590.33000000,0.777
1749261013,0.82100000,1452.36000000,0.777
1749261013,0.82200000,3283.11000000,0.777
1749261013,0.82300000,3124.73000000,0.777
1749261013,0.82400000,120.31000000,0.777
1749261013,0.82500000,2608.86000000,0.777
1749261013,0.82600000,4637.77000000,0.777
1749261013,0.82700000,130.19000000,0.777
1749261013,0.82800000,157.35000000,0.777
1749261013,0.82900000,249.22000000,0.777
1749261013,0.83000000,3736.49000000,0.777
1749261013,0.83100000,48.84000000,0.777
1749261013,0.83200000,75.10000000,0.777
1749261013,0.83300000,125.73000000,0.777
1749261013,0.83400000,135.83000000,0.777
1749261013,0.83500000,21998.63000000,0.777
1749261013,0.83600000,132.75000000,0.777
1749261013,0.83700000,112.54000000,0.777
1749261013,0.83800000,878.95000000,0.777
1749261013,0.83900000,1172.84000000,0.777
1749261013,0.84000000,27269.98000000,0.777
1749261013,0.84100000,391.20000000,0.777
1749261013,0.84200000,194.08000000,0.777
1749261013,0.84300000,173.47000000,0.777
1749261013,0.84400000,109.44000000,0.777
1749261013,0.84500000,961.42000000,0.777
1749261013,0.84600000,12.99000000,0.777
1749261013,0.84700000,116.17000000,0.777
1749261013,0.84800000,60349.66000000,0.777
1749261013,0.84900000,197.47000000,0.777
1749261013,0.85000000,19031.33000000,0.777
1749261013,0.85100000,80.38000000,0.777
1749261013,0.85200000,1724.99000000,0.777
1749261013,0.85300000,1018.83000000,0.777
1749261013,0.85400000,42.32000000,0.777
1749261013,0.85500000,849.19000000,0.777
1749261013,0.85600000,60.88000000,0.777
1749261013,0.85700000,132.53000000,0.777
1749261013,0.85800000,328.30000000,0.777
1749261013,0.85900000,2524.78000000,0.777
1749261013,0.86000000,15685.61000000,0.777
1749261013,0.86100000,3771.25000000,0.777
1749261013,0.86200000,10.21000000,0.777
1749261013,0.86300000,21.08000000,0.777
1749261013,0.86400000,380.59000000,0.777
1749261013,0.86500000,280.92000000,0.777
1749261013,0.86600000,4690.03000000,0.777
1749261013,0.86700000,70.63000000,0.777
1749261013,0.86800000,1448.37000000,0.777
1749261013,0.86900000,10.00000000,0.777
1749261013,0.87000000,8684.05000000,0.777
1749261013,0.87100000,21.23000000,0.777
1749261013,0.87200000,3671.64000000,0.777
1749261013,0.87300000,48.94000000,0.777
1749261013,0.87400000,71.55000000,0.777
1749261013,0.87500000,85.93000000,0.777
1749261013,0.87600000,899.19000000,0.777
1749261320,0.77600000,17838.72000000,0.776
1749261320,0.77700000,29050.73000000,0.776
1749261320,0.77800000,38983.29000000,0.776
1749261320,0.77900000,31414.10000000,0.776
1749261320,0.78000000,32454.47000000,0.776
1749261320,0.78100000,17298.08000000,0.776
1749261320,0.78200000,19096.15000000,0.776
1749261320,0.78300000,21167.09000000,0.776
1749261320,0.78400000,10884.63000000,0.776
1749261320,0.78500000,16278.81000000,0.776
1749261320,0.78600000,8969.12000000,0.776
1749261320,0.78700000,3744.37000000,0.776
1749261320,0.78800000,2923.72000000,0.776
1749261320,0.78900000,9815.56000000,0.776
1749261320,0.79000000,18445.38000000,0.776
1749261320,0.79100000,1140.69000000,0.776
1749261320,0.79200000,2958.48000000,0.776
1749261320,0.79300000,3057.47000000,0.776
1749261320,0.79400000,3800.35000000,0.776
1749261320,0.79500000,1236.58000000,0.776
1749261320,0.79600000,2915.80000000,0.776
1749261320,0.79700000,1144.12000000,0.776
1749261320,0.79800000,3373.98000000,0.776
1749261320,0.79900000,9730.23000000,0.776
1749261320,0.80000000,8263.52000000,0.776
1749261320,0.80100000,1936.32000000,0.776
1749261320,0.80200000,1175.98000000,0.776
1749261320,0.80300000,2433.51000000,0.776
1749261320,0.80400000,1144.35000000,0.776
1749261320,0.80500000,2070.80000000,0.776
1749261320,0.80600000,2718.99000000,0.776
1749261320,0.80700000,1126.17000000,0.776
1749261320,0.80800000,3343.09000000,0.776
1749261320,0.80900000,1407.16000000,0.776
1749261320,0.81000000,3969.39000000,0.776
1749261320,0.81100000,7634.24000000,0.776
1749261320,0.81200000,1247.90000000,0.776
1749261320,0.81300000,2630.04000000,0.776
1749261320,0.81400000,89.97000000,0.776
1749261320,0.81500000,866.45000000,0.776
1749261320,0.81600000,19.33000000,0.776
1749261320,0.81700000,137.72000000,0.776
1749261320,0.81800000,6693.78000000,0.776
1749261320,0.81900000,420.69000000,0.776
1749261320,0.82000000,3590.33000000,0.776
1749261320,0.82100000,1452.36000000,0.776
1749261320,0.82200000,3283.11000000,0.776
1749261320,0.82300000,3124.73000000,0.776
1749261320,0.82400000,120.31000000,0.776
1749261320,0.82500000,2608.86000000,0.776
1749261320,0.82600000,4637.77000000,0.776
1749261320,0.82700000,439.43000000,0.776
1749261320,0.82800000,157.35000000,0.776
1749261320,0.82900000,249.22000000,0.776
1749261320,0.83000000,3427.25000000,0.776
1749261320,0.83100000,48.84000000,0.776
1749261320,0.83200000,75.10000000,0.776
1749261320,0.83300000,125.73000000,0.776
1749261320,0.83400000,135.83000000,0.776
1749261320,0.83500000,21998.63000000,0.776
1749261320,0.83600000,132.75000000,0.776
1749261320,0.83700000,112.54000000,0.776
1749261320,0.83800000,878.95000000,0.776
1749261320,0.83900000,1172.84000000,0.776
1749261320,0.84000000,27269.98000000,0.776
1749261320,0.84100000,391.20000000,0.776
1749261320,0.84200000,194.08000000,0.776
1749261320,0.84300000,173.47000000,0.776
1749261320,0.84400000,109.44000000,0.776
1749261320,0.84500000,961.42000000,0.776
1749261320,0.84600000,12.99000000,0.776
1749261320,0.84700000,116.17000000,0.776
1749261320,0.84800000,60349.66000000,0.776
1749261320,0.84900000,197.47000000,0.776
1749261320,0.85000000,19031.33000000,0.776
1749261320,0.85100000,80.38000000,0.776
1749261320,0.85200000,1712.10000000,0.776
1749261320,0.85300000,1018.83000000,0.776
1749261320,0.85400000,42.32000000,0.776
1749261320,0.85500000,849.19000000,0.776
1749261320,0.85600000,60.88000000,0.776
1749261320,0.85700000,132.53000000,0.776
1749261320,0.85800000,328.30000000,0.776
1749261320,0.85900000,2524.78000000,0.776
1749261320,0.86000000,15685.61000000,0.776
1749261320,0.86100000,3771.25000000,0.776
1749261320,0.86200000,10.21000000,0.776
1749261320,0.86300000,21.08000000,0.776
1749261320,0.86400000,380.59000000,0.776
1749261320,0.86500000,280.92000000,0.776
1749261320,0.86600000,4690.03000000,0.776
1749261320,0.86700000,70.63000000,0.776
1749261320,0.86800000,1448.37000000,0.776
1749261320,0.86900000,10.00000000,0.776
1749261320,0.87000000,8684.05000000,0.776
1749261320,0.87100000,21.23000000,0.776
1749261320,0.87200000,3671.64000000,0.776
1749261320,0.87300000,48.94000000,0.776
1749261320,0.87400000,71.55000000,0.776
1749261320,0.87500000,85.93000000,0.776
1749261621,0.77600000,25712.05000000,0.775
1749261621,0.77700000,44174.36000000,0.775
1749261621,0.77800000,41164.83000000,0.775
1749261621,0.77900000,16106.06000000,0.775
1749261621,0.78000000,22750.09000000,0.775
1749261621,0.78100000,16512.60000000,0.775
1749261621,0.78200000,22816.46000000,0.775
1749261621,0.78300000,14960.31000000,0.775
1749261621,0.78400000,10240.31000000,0.775
1749261621,0.78500000,16278.81000000,0.775
1749261621,0.78600000,8969.12000000,0.775
1749261621,0.78700000,4521.76000000,0.775
1749261621,0.78800000,2923.72000000,0.775
1749261621,0.78900000,9031.19000000,0.775
1749261621,0.79000000,18445.38000000,0.775
1749261621,0.79100000,1140.69000000,0.775
1749261621,0.79200000,2958.48000000,0.775
1749261621,0.79300000,3057.47000000,0.775
1749261621,0.79400000,3800.35000000,0.775
1749261621,0.79500000,1236.58000000,0.775
1749261621,0.79600000,2915.80000000,0.775
1749261621,0.79700000,1144.12000000,0.775
1749261621,0.79800000,4090.55000000,0.775
1749261621,0.79900000,9730.23000000,0.775
1749261621,0.80000000,7546.95000000,0.775
1749261621,0.80100000,1936.32000000,0.775
1749261621,0.80200000,1689.44000000,0.775
1749261621,0.80300000,3655.58000000,0.775
1749261621,0.80400000,1144.35000000,0.775
1749261621,0.80500000,1557.34000000,0.775
1749261621,0.80600000,1496.92000000,0.775
1749261621,0.80700000,1126.17000000,0.775
1749261621,0.80800000,3343.09000000,0.775
1749261621,0.80900000,1407.16000000,0.775
1749261621,0.81000000,3969.39000000,0.775
1749261621,0.81100000,7634.24000000,0.775
1749261621,0.81200000,1247.90000000,0.775
1749261621,0.81300000,2630.04000000,0.775
1749261621,0.81400000,89.97000000,0.775
1749261621,0.81500000,866.45000000,0.775
1749261621,0.81600000,31.58000000,0.775
1749261621,0.81700000,137.72000000,0.775
1749261621,0.81800000,6693.78000000,0.775
1749261621,0.81900000,420.69000000,0.775
1749261621,0.82000000,3590.33000000,0.775
1749261621,0.82100000,1440.18000000,0.775
1749261621,0.82200000,3283.11000000,0.775
1749261621,0.82300000,3124.73000000,0.775
1749261621,0.82400000,120.31000000,0.775
1749261621,0.82500000,2608.86000000,0.775
1749261621,0.82600000,4637.77000000,0.775
1749261621,0.82700000,439.43000000,0.775
1749261621,0.82800000,157.35000000,0.775
1749261621,0.82900000,249.22000000,0.775
1749261621,0.83000000,3427.25000000,0.775
1749261621,0.83100000,48.84000000,0.775
1749261621,0.83200000,75.10000000,0.775
1749261621,0.83300000,125.73000000,0.775
1749261621,0.83400000,135.83000000,0.775
1749261621,0.83500000,21998.63000000,0.775
1749261621,0.83600000,132.75000000,0.775
1749261621,0.83700000,112.54000000,0.775
1749261621,0.83800000,878.95000000,0.775
1749261621,0.83900000,1172.84000000,0.775
1749261621,0.84000000,27269.98000000,0.775
1749261621,0.84100000,391.20000000,0.775
1749261621,0.84200000,194.08000000,0.775
1749261621,0.84300000,173.47000000,0.775
1749261621,0.84400000,109.44000000,0.775
1749261621,0.84500000,961.42000000,0.775
1749261621,0.84600000,12.99000000,0.775
1749261621,0.84700000,116.17000000,0.775
1749261621,0.84800000,60349.66000000,0.775
1749261621,0.84900000,197.47000000,0.775
1749261621,0.85000000,19031.33000000,0.775
1749261621,0.85100000,80.36000000,0.775
1749261621,0.85200000,1712.10000000,0.775
1749261621,0.85300000,1018.83000000,0.775
1749261621,0.85400000,42.32000000,0.775
1749261621,0.85500000,849.19000000,0.775
1749261621,0.85600000,60.88000000,0.775
1749261621,0.85700000,132.53000000,0.775
1749261621,0.85800000,328.30000000,0.775
1749261621,0.85900000,2524.78000000,0.775
1749261621,0.86000000,15685.61000000,0.775
1749261621,0.86100000,3771.25000000,0.775
1749261621,0.86200000,10.21000000,0.775
1749261621,0.86300000,21.08000000,0.775
1749261621,0.86400000,380.59000000,0.775
1749261621,0.86500000,280.92000000,0.775
1749261621,0.86600000,4690.03000000,0.775
1749261621,0.86700000,70.63000000,0.775
1749261621,0.86800000,1448.37000000,0.775
1749261621,0.86900000,10.00000000,0.775
1749261621,0.87000000,8684.05000000,0.775
1749261621,0.87100000,21.23000000,0.775
1749261621,0.87200000,3671.64000000,0.775
1749261621,0.87300000,48.94000000,0.775
1749261621,0.87400000,71.55000000,0.775
1749261621,0.87500000,85.93000000,0.775
1749261922,0.77600000,12957.49000000,0.775
1749261922,0.77700000,55115.82000000,0.775
1749261922,0.77800000,37860.69000000,0.775
1749261922,0.77900000,22673.16000000,0.775
1749261922,0.78000000,20511.58000000,0.775
1749261922,0.78100000,24995.80000000,0.775
1749261922,0.78200000,10777.24000000,0.775
1749261922,0.78300000,10844.99000000,0.775
1749261922,0.78400000,4788.61000000,0.775
1749261922,0.78500000,10827.11000000,0.775
1749261922,0.78600000,8969.12000000,0.775
1749261922,0.78700000,4521.76000000,0.775
1749261922,0.78800000,2923.72000000,0.775
1749261922,0.78900000,9031.32000000,0.775
1749261922,0.79000000,18445.38000000,0.775
1749261922,0.79100000,1140.69000000,0.775
1749261922,0.79200000,2958.48000000,0.775
1749261922,0.79300000,3057.47000000,0.775
1749261922,0.79400000,3800.35000000,0.775
1749261922,0.79500000,1236.58000000,0.775
1749261922,0.79600000,2915.80000000,0.775
1749261922,0.79700000,1708.21000000,0.775
1749261922,0.79800000,4090.55000000,0.775
1749261922,0.79900000,9166.14000000,0.775
1749261922,0.80000000,7546.95000000,0.775
1749261922,0.80100000,1946.33000000,0.775
1749261922,0.80200000,1689.44000000,0.775
1749261922,0.80300000,3655.58000000,0.775
1749261922,0.80400000,1144.35000000,0.775
1749261922,0.80500000,1557.34000000,0.775
1749261922,0.80600000,1496.92000000,0.775
1749261922,0.80700000,1126.17000000,0.775
1749261922,0.80800000,3343.09000000,0.775
1749261922,0.80900000,1407.16000000,0.775
1749261922,0.81000000,3969.39000000,0.775
1749261922,0.81100000,7634.24000000,0.775
1749261922,0.81200000,1247.90000000,0.775
1749261922,0.81300000,1550.04000000,0.775
1749261922,0.81400000,89.97000000,0.775
1749261922,0.81500000,866.45000000,0.775
1749261922,0.81600000,31.58000000,0.775
1749261922,0.81700000,137.72000000,0.775
1749261922,0.81800000,6693.78000000,0.775
1749261922,0.81900000,420.69000000,0.775
1749261922,0.82000000,3590.33000000,0.775
1749261922,0.82100000,1440.18000000,0.775
1749261922,0.82200000,3283.11000000,0.775
1749261922,0.82300000,3124.73000000,0.775
1749261922,0.82400000,120.31000000,0.775
1749261922,0.82500000,2608.86000000,0.775
1749261922,0.82600000,4637.77000000,0.775
1749261922,0.82700000,439.43000000,0.775
1749261922,0.82800000,157.35000000,0.775
1749261922,0.82900000,249.22000000,0.775
1749261922,0.83000000,3427.25000000,0.775
1749261922,0.83100000,48.84000000,0.775
1749261922,0.83200000,75.10000000,0.775
1749261922,0.83300000,125.73000000,0.775
1749261922,0.83400000,258.72000000,0.775
1749261922,0.83500000,21998.63000000,0.775
1749261922,0.83600000,132.75000000,0.775
1749261922,0.83700000,112.54000000,0.775
1749261922,0.83800000,878.95000000,0.775
1749261922,0.83900000,1049.95000000,0.775
1749261922,0.84000000,27269.98000000,0.775
1749261922,0.84100000,391.20000000,0.775
1749261922,0.84200000,194.08000000,0.775
1749261922,0.84300000,173.47000000,0.775
1749261922,0.84400000,109.44000000,0.775
1749261922,0.84500000,961.42000000,0.775
1749261922,0.84600000,12.99000000,0.775
1749261922,0.84700000,116.17000000,0.775
1749261922,0.84800000,60349.66000000,0.775
1749261922,0.84900000,197.47000000,0.775
1749261922,0.85000000,19031.33000000,0.775
1749261922,0.85100000,80.38000000,0.775
1749261922,0.85200000,1712.10000000,0.775
1749261922,0.85300000,1018.83000000,0.775
1749261922,0.85400000,42.32000000,0.775
1749261922,0.85500000,849.19000000,0.775
1749261922,0.85600000,60.88000000,0.775
1749261922,0.85700000,132.53000000,0.775
1749261922,0.85800000,328.30000000,0.775
1749261922,0.85900000,2524.78000000,0.775
1749261922,0.86000000,15685.61000000,0.775
1749261922,0.86100000,3771.25000000,0.775
1749261922,0.86200000,10.21000000,0.775
1749261922,0.86300000,21.08000000,0.775
1749261922,0.86400000,380.59000000,0.775
1749261922,0.86500000,280.92000000,0.775
1749261922,0.86600000,4690.03000000,0.775
1749261922,0.86700000,70.63000000,0.775
1749261922,0.86800000,1448.37000000,0.775
1749261922,0.86900000,10.00000000,0.775
1749261922,0.87000000,8684.05000000,0.775
1749261922,0.87100000,21.23000000,0.775
1749261922,0.87200000,3671.64000000,0.775
1749261922,0.87300000,48.94000000,0.775
1749261922,0.87400000,71.55000000,0.775
1749261922,0.87500000,85.93000000,0.775
1749262229,0.77500000,1298.75000000,0.775
1749262229,0.77600000,44451.80000000,0.775
1749262229,0.77700000,54626.81000000,0.775
1749262229,0.77800000,22962.58000000,0.775
1749262229,0.77900000,16829.80000000,0.775
1749262229,0.78000000,19249.36000000,0.775
1749262229,0.78100000,23676.93000000,0.775
1749262229,0.78200000,14742.69000000,0.775
1749262229,0.78300000,6295.89000000,0.775
1749262229,0.78400000,4823.67000000,0.775
1749262229,0.78500000,10827.11000000,0.775
1749262229,0.78600000,8952.46000000,0.775
1749262229,0.78700000,4521.76000000,0.775
1749262229,0.78800000,3151.15000000,0.775
1749262229,0.78900000,8803.91000000,0.775
1749262229,0.79000000,18445.38000000,0.775
1749262229,0.79100000,1140.69000000,0.775
1749262229,0.79200000,2958.48000000,0.775
1749262229,0.79300000,3057.47000000,0.775
1749262229,0.79400000,3800.35000000,0.775
1749262229,0.79500000,1236.58000000,0.775
1749262229,0.79600000,2915.80000000,0.775
1749262229,0.79700000,1708.21000000,0.775
1749262229,0.79800000,4090.55000000,0.775
1749262229,0.79900000,9166.14000000,0.775
1749262229,0.80000000,7546.95000000,0.775
1749262229,0.80100000,1936.32000000,0.775
1749262229,0.80200000,1689.44000000,0.775
1749262229,0.80300000,3655.58000000,0.775
1749262229,0.80400000,1144.35000000,0.775
1749262229,0.80500000,1557.34000000,0.775
1749262229,0.80600000,1496.92000000,0.775
1749262229,0.80700000,1126.17000000,0.775
1749262229,0.80800000,3343.09000000,0.775
1749262229,0.80900000,1407.16000000,0.775
1749262229,0.81000000,3969.39000000,0.775
1749262229,0.81100000,7634.24000000,0.775
1749262229,0.81200000,1247.90000000,0.775
1749262229,0.81300000,1550.04000000,0.775
1749262229,0.81400000,89.97000000,0.775
1749262229,0.81500000,866.45000000,0.775
1749262229,0.81600000,31.58000000,0.775
1749262229,0.81700000,137.72000000,0.775
1749262229,0.81800000,6693.78000000,0.775
1749262229,0.81900000,420.69000000,0.775
1749262229,0.82000000,3590.33000000,0.775
1749262229,0.82100000,1440.18000000,0.775
1749262229,0.82200000,3283.11000000,0.775
1749262229,0.82300000,3124.73000000,0.775
1749262229,0.82400000,120.31000000,0.775
1749262229,0.82500000,2608.86000000,0.775
1749262229,0.82600000,4637.77000000,0.775
1749262229,0.82700000,439.43000000,0.775
1749262229,0.82800000,157.35000000,0.775
1749262229,0.82900000,249.22000000,0.775
1749262229,0.83000000,3427.25000000,0.775
1749262229,0.83100000,48.84000000,0.775
1749262229,0.83200000,75.10000000,0.775
1749262229,0.83300000,125.73000000,0.775
1749262229,0.83400000,258.72000000,0.775
1749262229,0.83500000,21998.63000000,0.775
1749262229,0.83600000,132.75000000,0.775
1749262229,0.83700000,112.54000000,0.775
1749262229,0.83800000,878.95000000,0.775
1749262229,0.83900000,1049.95000000,0.775
1749262229,0.84000000,27269.98000000,0.775
1749262229,0.84100000,391.20000000,0.775
1749262229,0.84200000,194.08000000,0.775
1749262229,0.84300000,173.47000000,0.775
1749262229,0.84400000,109.44000000,0.775
1749262229,0.84500000,961.42000000,0.775
1749262229,0.84600000,12.99000000,0.775
1749262229,0.84700000,116.17000000,0.775
1749262229,0.84800000,60349.66000000,0.775
1749262229,0.84900000,197.47000000,0.775
1749262229,0.85000000,19031.33000000,0.775
1749262229,0.85100000,67.47000000,0.775
1749262229,0.85200000,1712.10000000,0.775
1749262229,0.85300000,1018.83000000,0.775
1749262229,0.85400000,42.32000000,0.775
1749262229,0.85500000,849.19000000,0.775
1749262229,0.85600000,60.88000000,0.775
1749262229,0.85700000,132.53000000,0.775
1749262229,0.85800000,328.30000000,0.775
1749262229,0.85900000,2524.78000000,0.775
1749262229,0.86000000,15685.61000000,0.775
1749262229,0.86100000,3771.25000000,0.775
1749262229,0.86200000,10.21000000,0.775
1749262229,0.86300000,21.08000000,0.775
1749262229,0.86400000,380.59000000,0.775
1749262229,0.86500000,280.92000000,0.775
1749262229,0.86600000,4690.03000000,0.775
1749262229,0.86700000,70.63000000,0.775
1749262229,0.86800000,1448.37000000,0.775
1749262229,0.86900000,10.00000000,0.775
1749262229,0.87000000,8684.05000000,0.775
1749262229,0.87100000,21.23000000,0.775
1749262229,0.87200000,3671.64000000,0.775
1749262229,0.87300000,48.94000000,0.775
1749262229,0.87400000,71.55000000,0.775
1749262531,0.77700000,6252.45000000,0.777
1749262531,0.77800000,44708.62000000,0.777
1749262531,0.77900000,38958.49000000,0.777
1749262531,0.78000000,26768.93000000,0.777
1749262531,0.78100000,33630.21000000,0.777
1749262531,0.78200000,18842.93000000,0.777
1749262531,0.78300000,7770.50000000,0.777
1749262531,0.78400000,9366.01000000,0.777
1749262531,0.78500000,10849.11000000,0.777
1749262531,0.78600000,8952.46000000,0.777
1749262531,0.78700000,3737.38000000,0.777
1749262531,0.78800000,2923.72000000,0.777
1749262531,0.78900000,4588.29000000,0.777
1749262531,0.79000000,23445.38000000,0.777
1749262531,0.79100000,1367.75000000,0.777
1749262531,0.79200000,2958.48000000,0.777
1749262531,0.79300000,3057.47000000,0.777
1749262531,0.79400000,3800.35000000,0.777
1749262531,0.79500000,1236.58000000,0.777
1749262531,0.79600000,2915.80000000,0.777
1749262531,0.79700000,1144.12000000,0.777
1749262531,0.79800000,3373.98000000,0.777
1749262531,0.79900000,9730.23000000,0.777
1749262531,0.80000000,8263.52000000,0.777
1749262531,0.80100000,1936.32000000,0.777
1749262531,0.80200000,1689.44000000,0.777
1749262531,0.80300000,3655.58000000,0.777
1749262531,0.80400000,1144.35000000,0.777
1749262531,0.80500000,1557.34000000,0.777
1749262531,0.80600000,1496.92000000,0.777
1749262531,0.80700000,1126.17000000,0.777
1749262531,0.80800000,3343.09000000,0.777
1749262531,0.80900000,1407.16000000,0.777
1749262531,0.81000000,3969.39000000,0.777
1749262531,0.81100000,7634.24000000,0.777
1749262531,0.81200000,1247.90000000,0.777
1749262531,0.81300000,2630.04000000,0.777
1749262531,0.81400000,89.97000000,0.777
1749262531,0.81500000,866.45000000,0.777
1749262531,0.81600000,31.58000000,0.777
1749262531,0.81700000,137.72000000,0.777
1749262531,0.81800000,6693.78000000,0.777
1749262531,0.81900000,420.69000000,0.777
1749262531,0.82000000,3590.33000000,0.777
1749262531,0.82100000,1440.18000000,0.777
1749262531,0.82200000,3283.11000000,0.777
1749262531,0.82300000,3124.73000000,0.777
1749262531,0.82400000,120.31000000,0.777
1749262531,0.82500000,2608.86000000,0.777
1749262531,0.82600000,4637.77000000,0.777
1749262531,0.82700000,439.43000000,0.777
1749262531,0.82800000,157.35000000,0.777
1749262531,0.82900000,249.22000000,0.777
1749262531,0.83000000,3427.25000000,0.777
1749262531,0.83100000,48.84000000,0.777
1749262531,0.83200000,75.10000000,0.777
1749262531,0.83300000,125.73000000,0.777
1749262531,0.83400000,258.72000000,0.777
1749262531,0.83500000,21998.63000000,0.777
1749262531,0.83600000,132.75000000,0.777
1749262531,0.83700000,112.54000000,0.777
1749262531,0.83800000,878.95000000,0.777
1749262531,0.83900000,1049.95000000,0.777
1749262531,0.84000000,27269.98000000,0.777
1749262531,0.84100000,391.20000000,0.777
1749262531,0.84200000,194.08000000,0.777
1749262531,0.84300000,173.47000000,0.777
1749262531,0.84400000,109.44000000,0.777
1749262531,0.84500000,961.42000000,0.777
1749262531,0.84600000,12.99000000,0.777
1749262531,0.84700000,116.17000000,0.777
1749262531,0.84800000,60349.66000000,0.777
1749262531,0.84900000,197.47000000,0.777
1749262531,0.85000000,19031.33000000,0.777
1749262531,0.85100000,80.38000000,0.777
1749262531,0.85200000,1724.99000000,0.777
1749262531,0.85300000,1018.83000000,0.777
1749262531,0.85400000,42.32000000,0.777
1749262531,0.85500000,849.19000000,0.777
1749262531,0.85600000,60.88000000,0.777
1749262531,0.85700000,132.53000000,0.777
1749262531,0.85800000,328.30000000,0.777
1749262531,0.85900000,2524.78000000,0.777
1749262531,0.86000000,15685.61000000,0.777
1749262531,0.86100000,3771.25000000,0.777
1749262531,0.86200000,10.21000000,0.777
1749262531,0.86300000,21.08000000,0.777
1749262531,0.86400000,380.59000000,0.777
1749262531,0.86500000,280.92000000,0.777
1749262531,0.86600000,4690.03000000,0.777
1749262531,0.86700000,70.63000000,0.777
1749262531,0.86800000,1448.37000000,0.777
1749262531,0.86900000,10.00000000,0.777
1749262531,0.87000000,8684.05000000,0.777
1749262531,0.87100000,21.23000000,0.777
1749262531,0.87200000,3671.64000000,0.777
1749262531,0.87300000,48.94000000,0.777
1749262531,0.87400000,71.55000000,0.777
1749262531,0.87500000,85.93000000,0.777
1749262531,0.87600000,899.19000000,0.777
1749262832,0.77700000,21559.68000000,0.777
1749262832,0.77800000,44224.13000000,0.777
1749262832,0.77900000,35841.79000000,0.777
1749262832,0.78000000,32784.56000000,0.777
1749262832,0.78100000,20666.86000000,0.777
1749262832,0.78200000,13218.36000000,0.777
1749262832,0.78300000,15909.21000000,0.777
1749262832,0.78400000,10825.24000000,0.777
1749262832,0.78500000,10849.11000000,0.777
1749262832,0.78600000,9125.33000000,0.777
1749262832,0.78700000,3744.37000000,0.777
1749262832,0.78800000,2930.70000000,0.777
1749262832,0.78900000,4588.29000000,0.777
1749262832,0.79000000,18672.43000000,0.777
1749262832,0.79100000,6140.69000000,0.777
1749262832,0.79200000,2958.48000000,0.777
1749262832,0.79300000,3057.47000000,0.777
1749262832,0.79400000,3800.35000000,0.777
1749262832,0.79500000,1236.58000000,0.777
1749262832,0.79600000,2915.80000000,0.777
1749262832,0.79700000,1144.12000000,0.777
1749262832,0.79800000,3373.98000000,0.777
1749262832,0.79900000,9730.23000000,0.777
1749262832,0.80000000,8263.52000000,0.777
1749262832,0.80100000,1936.32000000,0.777
1749262832,0.80200000,1175.98000000,0.777
1749262832,0.80300000,2433.51000000,0.777
1749262832,0.80400000,1144.35000000,0.777
1749262832,0.80500000,2070.80000000,0.777
1749262832,0.80600000,2718.99000000,0.777
1749262832,0.80700000,1126.17000000,0.777
1749262832,0.80800000,3343.09000000,0.777
1749262832,0.80900000,1407.16000000,0.777
1749262832,0.81000000,3969.39000000,0.777
1749262832,0.81100000,7634.24000000,0.777
1749262832,0.81200000,1247.90000000,0.777
1749262832,0.81300000,1550.04000000,0.777
1749262832,0.81400000,89.97000000,0.777
1749262832,0.81500000,866.45000000,0.777
1749262832,0.81600000,31.58000000,0.777
1749262832,0.81700000,137.72000000,0.777
1749262832,0.81800000,6693.78000000,0.777
1749262832,0.81900000,420.69000000,0.777
1749262832,0.82000000,3590.33000000,0.777
1749262832,0.82100000,1440.18000000,0.777
1749262832,0.82200000,3283.11000000,0.777
1749262832,0.82300000,3124.73000000,0.777
1749262832,0.82400000,120.31000000,0.777
1749262832,0.82500000,2608.86000000,0.777
1749262832,0.82600000,4637.77000000,0.777
1749262832,0.82700000,130.19000000,0.777
1749262832,0.82800000,157.35000000,0.777
1749262832,0.82900000,249.22000000,0.777
1749262832,0.83000000,3736.49000000,0.777
1749262832,0.83100000,48.84000000,0.777
1749262832,0.83200000,75.10000000,0.777
1749262832,0.83300000,125.73000000,0.777
1749262832,0.83400000,135.83000000,0.777
1749262832,0.83500000,21998.63000000,0.777
1749262832,0.83600000,132.75000000,0.777
1749262832,0.83700000,112.54000000,0.777
1749262832,0.83800000,878.95000000,0.777
1749262832,0.83900000,1172.84000000,0.777
1749262832,0.84000000,27269.98000000,0.777
1749262832,0.84100000,391.20000000,0.777
1749262832,0.84200000,194.08000000,0.777
1749262832,0.84300000,173.47000000,0.777
1749262832,0.84400000,109.44000000,0.777
1749262832,0.84500000,961.42000000,0.777
1749262832,0.84600000,12.99000000,0.777
1749262832,0.84700000,116.17000000,0.777
1749262832,0.84800000,60349.66000000,0.777
1749262832,0.84900000,197.47000000,0.777
1749262832,0.85000000,19031.33000000,0.777
1749262832,0.85100000,80.38000000,0.777
1749262832,0.85200000,1724.99000000,0.777
1749262832,0.85300000,1018.83000000,0.777
1749262832,0.85400000,42.32000000,0.777
1749262832,0.85500000,849.19000000,0.777
1749262832,0.85600000,60.88000000,0.777
1749262832,0.85700000,132.53000000,0.777
1749262832,0.85800000,328.30000000,0.777
1749262832,0.85900000,2524.78000000,0.777
1749262832,0.86000000,15685.61000000,0.777
1749262832,0.86100000,3771.25000000,0.777
1749262832,0.86200000,10.21000000,0.777
1749262832,0.86300000,21.08000000,0.777
1749262832,0.86400000,380.59000000,0.777
1749262832,0.86500000,280.92000000,0.777
1749262832,0.86600000,4690.03000000,0.777
1749262832,0.86700000,70.63000000,0.777
1749262832,0.86800000,1448.37000000,0.777
1749262832,0.86900000,10.00000000,0.777
1749262832,0.87000000,8684.05000000,0.777
1749262832,0.87100000,21.23000000,0.777
1749262832,0.87200000,3671.64000000,0.777
1749262832,0.87300000,48.94000000,0.777
1749262832,0.87400000,71.55000000,0.777
1749262832,0.87500000,85.93000000,0.777
1749262832,0.87600000,899.19000000,0.777
1749263134,0.77900000,15461.40000000,0.779
1749263134,0.78000000,42885.48000000,0.779
1749263134,0.78100000,41891.75000000,0.779
1749263134,0.78200000,21675.07000000,0.779
1749263134,0.78300000,19677.75000000,0.779
1749263134,0.78400000,8199.89000000,0.779
1749263134,0.78500000,12988.60000000,0.779
1749263134,0.78600000,12805.95000000,0.779
1749263134,0.78700000,7105.57000000,0.779
1749263134,0.78800000,6694.26000000,0.779
1749263134,0.78900000,3049.29000000,0.779
1749263134,0.79000000,16439.48000000,0.779
1749263134,0.79100000,1925.07000000,0.779
1749263134,0.79200000,2958.48000000,0.779
1749263134,0.79300000,10990.62000000,0.779
1749263134,0.79400000,4304.10000000,0.779
1749263134,0.79500000,1236.58000000,0.779
1749263134,0.79600000,2915.80000000,0.779
1749263134,0.79700000,1144.12000000,0.779
1749263134,0.79800000,3373.98000000,0.779
1749263134,0.79900000,9166.14000000,0.779
1749263134,0.80000000,7546.95000000,0.779
1749263134,0.80100000,1936.32000000,0.779
1749263134,0.80200000,1740.07000000,0.779
1749263134,0.80300000,2528.50000000,0.779
1749263134,0.80400000,1144.35000000,0.779
1749263134,0.80500000,1778.37000000,0.779
1749263134,0.80600000,3350.58000000,0.779
1749263134,0.80700000,1126.17000000,0.779
1749263134,0.80800000,3635.52000000,0.779
1749263134,0.80900000,1407.16000000,0.779
1749263134,0.81000000,3969.39000000,0.779
1749263134,0.81100000,7634.24000000,0.779
1749263134,0.81200000,1247.90000000,0.779
1749263134,0.81300000,1481.42000000,0.779
1749263134,0.81400000,89.97000000,0.779
1749263134,0.81500000,866.45000000,0.779
1749263134,0.81600000,1180.20000000,0.779
1749263134,0.81700000,137.72000000,0.779
1749263134,0.81800000,6730.44000000,0.779
1749263134,0.81900000,420.69000000,0.779
1749263134,0.82000000,3578.14000000,0.779
1749263134,0.82100000,1415.82000000,0.779
1749263134,0.82200000,3283.11000000,0.779
1749263134,0.82300000,3124.73000000,0.779
1749263134,0.82400000,120.31000000,0.779
1749263134,0.82500000,2608.86000000,0.779
1749263134,0.82600000,4637.77000000,0.779
1749263134,0.82700000,130.19000000,0.779
1749263134,0.82800000,157.35000000,0.779
1749263134,0.82900000,249.22000000,0.779
1749263134,0.83000000,3736.49000000,0.779
1749263134,0.83100000,48.84000000,0.779
1749263134,0.83200000,75.10000000,0.779
1749263134,0.83300000,125.73000000,0.779
1749263134,0.83400000,668.00000000,0.779
1749263134,0.83500000,21998.63000000,0.779
1749263134,0.83600000,132.75000000,0.779
1749263134,0.83700000,112.54000000,0.779
1749263134,0.83800000,878.95000000,0.779
1749263134,0.83900000,640.67000000,0.779
1749263134,0.84000000,27269.98000000,0.779
1749263134,0.84100000,391.20000000,0.779
1749263134,0.84200000,194.08000000,0.779
1749263134,0.84300000,173.47000000,0.779
1749263134,0.84400000,109.44000000,0.779
1749263134,0.84500000,961.42000000,0.779
1749263134,0.84600000,12.99000000,0.779
1749263134,0.84700000,116.17000000,0.779
1749263134,0.84800000,60349.66000000,0.779
1749263134,0.84900000,197.47000000,0.779
1749263134,0.85000000,19031.33000000,0.779
1749263134,0.85100000,80.38000000,0.779
1749263134,0.85200000,1724.99000000,0.779
1749263134,0.85300000,1031.71000000,0.779
1749263134,0.85400000,55.18000000,0.779
1749263134,0.85500000,849.19000000,0.779
1749263134,0.85600000,60.88000000,0.779
1749263134,0.85700000,132.53000000,0.779
1749263134,0.85800000,328.30000000,0.779
1749263134,0.85900000,2524.78000000,0.779
1749263134,0.86000000,15685.61000000,0.779
1749263134,0.86100000,3771.25000000,0.779
1749263134,0.86200000,10.21000000,0.779
1749263134,0.86300000,21.08000000,0.779
1749263134,0.86400000,380.59000000,0.779
1749263134,0.86500000,280.92000000,0.779
1749263134,0.86600000,4690.03000000,0.779
1749263134,0.86700000,70.63000000,0.779
1749263134,0.86800000,1448.37000000,0.779
1749263134,0.86900000,10.00000000,0.779
1749263134,0.87000000,8684.05000000,0.779
1749263134,0.87100000,21.23000000,0.779
1749263134,0.87200000,3671.64000000,0.779
1749263134,0.87300000,48.94000000,0.779
1749263134,0.87400000,71.55000000,0.779
1749263134,0.87500000,85.93000000,0.779
1749263134,0.87600000,899.19000000,0.779
1749263134,0.87700000,121.79000000,0.779
1749263134,0.87800000,9741.30000000,0.779
1749263435,0.77800000,22371.32000000,0.777
1749263435,0.77900000,27003.58000000,0.777
1749263435,0.78000000,45057.89000000,0.777
1749263435,0.78100000,31900.77000000,0.777
1749263435,0.78200000,22399.29000000,0.777
1749263435,0.78300000,10559.42000000,0.777
1749263435,0.78400000,9094.34000000,0.777
1749263435,0.78500000,13899.72000000,0.777
1749263435,0.78600000,6802.39000000,0.777
1749263435,0.78700000,7105.57000000,0.777
1749263435,0.78800000,6694.26000000,0.777
1749263435,0.78900000,3833.67000000,0.777
1749263435,0.79000000,15798.05000000,0.777
1749263435,0.79100000,3291.91000000,0.777
1749263435,0.79200000,7958.48000000,0.777
1749263435,0.79300000,5764.40000000,0.777
1749263435,0.79400000,4304.10000000,0.777
1749263435,0.79500000,1236.58000000,0.777
1749263435,0.79600000,2915.80000000,0.777
1749263435,0.79700000,1144.12000000,0.777
1749263435,0.79800000,3373.98000000,0.777
1749263435,0.79900000,9166.14000000,0.777
1749263435,0.80000000,8263.52000000,0.777
1749263435,0.80100000,1936.32000000,0.777
1749263435,0.80200000,1740.07000000,0.777
1749263435,0.80300000,1811.93000000,0.777
1749263435,0.80400000,1144.35000000,0.777
1749263435,0.80500000,1778.37000000,0.777
1749263435,0.80600000,3350.58000000,0.777
1749263435,0.80700000,1126.17000000,0.777
1749263435,0.80800000,3635.52000000,0.777
1749263435,0.80900000,1407.16000000,0.777
1749263435,0.81000000,3969.39000000,0.777
1749263435,0.81100000,7634.24000000,0.777
1749263435,0.81200000,1247.90000000,0.777
1749263435,0.81300000,1481.42000000,0.777
1749263435,0.81400000,89.97000000,0.777
1749263435,0.81500000,1946.45000000,0.777
1749263435,0.81600000,1167.95000000,0.777
1749263435,0.81700000,125.48000000,0.777
1749263435,0.81800000,6742.66000000,0.777
1749263435,0.81900000,445.11000000,0.777
1749263435,0.82000000,3565.95000000,0.777
1749263435,0.82100000,1415.82000000,0.777
1749263435,0.82200000,3283.11000000,0.777
1749263435,0.82300000,3124.73000000,0.777
1749263435,0.82400000,120.31000000,0.777
1749263435,0.82500000,2608.86000000,0.777
1749263435,0.82600000,4637.77000000,0.777
1749263435,0.82700000,130.19000000,0.777
1749263435,0.82800000,157.35000000,0.777
1749263435,0.82900000,249.22000000,0.777
1749263435,0.83000000,3736.49000000,0.777
1749263435,0.83100000,48.84000000,0.777
1749263435,0.83200000,75.10000000,0.777
1749263435,0.83300000,125.73000000,0.777
1749263435,0.83400000,1165.62000000,0.777
1749263435,0.83500000,21998.63000000,0.777
1749263435,0.83600000,132.75000000,0.777
1749263435,0.83700000,112.54000000,0.777
1749263435,0.83800000,878.95000000,0.777
1749263435,0.83900000,143.06000000,0.777
1749263435,0.84000000,27269.98000000,0.777
1749263435,0.84100000,391.20000000,0.777
1749263435,0.84200000,194.08000000,0.777
1749263435,0.84300000,173.47000000,0.777
1749263435,0.84400000,109.44000000,0.777
1749263435,0.84500000,961.42000000,0.777
1749263435,0.84600000,12.99000000,0.777
1749263435,0.84700000,116.17000000,0.777
1749263435,0.84800000,60349.66000000,0.777
1749263435,0.84900000,197.47000000,0.777
1749263435,0.85000000,19031.33000000,0.777
1749263435,0.85100000,80.38000000,0.777
1749263435,0.85200000,1724.99000000,0.777
1749263435,0.85300000,1031.71000000,0.777
1749263435,0.85400000,42.32000000,0.777
1749263435,0.85500000,849.19000000,0.777
1749263435,0.85600000,60.88000000,0.777
1749263435,0.85700000,132.53000000,0.777
1749263435,0.85800000,328.30000000,0.777
1749263435,0.85900000,2524.78000000,0.777
1749263435,0.86000000,15685.61000000,0.777
1749263435,0.86100000,3771.25000000,0.777
1749263435,0.86200000,10.21000000,0.777
1749263435,0.86300000,21.08000000,0.777
1749263435,0.86400000,380.59000000,0.777
1749263435,0.86500000,280.92000000,0.777
1749263435,0.86600000,4690.03000000,0.777
1749263435,0.86700000,70.63000000,0.777
1749263435,0.86800000,1448.37000000,0.777
1749263435,0.86900000,10.00000000,0.777
1749263435,0.87000000,8684.05000000,0.777
1749263435,0.87100000,21.23000000,0.777
1749263435,0.87200000,3671.64000000,0.777
1749263435,0.87300000,48.94000000,0.777
1749263435,0.87400000,71.55000000,0.777
1749263435,0.87500000,85.93000000,0.777
1749263435,0.87600000,899.19000000,0.777
1749263435,0.87700000,121.79000000,0.777
1749263737,0.77900000,8379.82000000,0.779
1749263737,0.78000000,43161.82000000,0.779
1749263737,0.78100000,42046.87000000,0.779
1749263737,0.78200000,20303.98000000,0.779
1749263737,0.78300000,19457.09000000,0.779
1749263737,0.78400000,10406.26000000,0.779
1749263737,0.78500000,8828.99000000,0.779
1749263737,0.78600000,13822.71000000,0.779
1749263737,0.78700000,7105.57000000,0.779
1749263737,0.78800000,7336.52000000,0.779
1749263737,0.78900000,3049.29000000,0.779
1749263737,0.79000000,15787.92000000,0.779
1749263737,0.79100000,1925.07000000,0.779
1749263737,0.79200000,3184.74000000,0.779
1749263737,0.79300000,10764.40000000,0.779
1749263737,0.79400000,4304.10000000,0.779
1749263737,0.79500000,1236.58000000,0.779
1749263737,0.79600000,2908.26000000,0.779
1749263737,0.79700000,1144.12000000,0.779
1749263737,0.79800000,3373.98000000,0.779
1749263737,0.79900000,9166.14000000,0.779
1749263737,0.80000000,7546.95000000,0.779
1749263737,0.80100000,1936.32000000,0.779
1749263737,0.80200000,1740.07000000,0.779
1749263737,0.80300000,2509.77000000,0.779
1749263737,0.80400000,1134.40000000,0.779
1749263737,0.80500000,1775.96000000,0.779
1749263737,0.80600000,3350.58000000,0.779
1749263737,0.80700000,1126.17000000,0.779
1749263737,0.80800000,3635.52000000,0.779
1749263737,0.80900000,1407.16000000,0.779
1749263737,0.81000000,3969.39000000,0.779
1749263737,0.81100000,7624.38000000,0.779
1749263737,0.81200000,1235.58000000,0.779
1749263737,0.81300000,1481.42000000,0.779
1749263737,0.81400000,89.97000000,0.779
1749263737,0.81500000,1946.45000000,0.779
1749263737,0.81600000,1167.95000000,0.779
1749263737,0.81700000,125.48000000,0.779
1749263737,0.81800000,6413.54000000,0.779
1749263737,0.81900000,445.11000000,0.779
1749263737,0.82000000,3565.95000000,0.779
1749263737,0.82100000,1735.16000000,0.779
1749263737,0.82200000,3283.11000000,0.779
1749263737,0.82300000,1942.30000000,0.779
1749263737,0.82400000,120.31000000,0.779
1749263737,0.82500000,2608.86000000,0.779
1749263737,0.82600000,5820.20000000,0.779
1749263737,0.82700000,130.19000000,0.779
1749263737,0.82800000,157.35000000,0.779
1749263737,0.82900000,249.22000000,0.779
1749263737,0.83000000,3736.49000000,0.779
1749263737,0.83100000,48.84000000,0.779
1749263737,0.83200000,75.10000000,0.779
1749263737,0.83300000,125.73000000,0.779
1749263737,0.83400000,903.80000000,0.779
1749263737,0.83500000,21998.63000000,0.779
1749263737,0.83600000,132.75000000,0.779
1749263737,0.83700000,112.54000000,0.779
1749263737,0.83800000,878.95000000,0.779
1749263737,0.83900000,404.87000000,0.779
1749263737,0.84000000,27269.98000000,0.779
1749263737,0.84100000,391.20000000,0.779
1749263737,0.84200000,194.08000000,0.779
1749263737,0.84300000,173.47000000,0.779
1749263737,0.84400000,109.44000000,0.779
1749263737,0.84500000,961.42000000,0.779
1749263737,0.84600000,12.99000000,0.779
1749263737,0.84700000,116.17000000,0.779
1749263737,0.84800000,60349.66000000,0.779
1749263737,0.84900000,197.47000000,0.779
1749263737,0.85000000,19031.33000000,0.779
1749263737,0.85100000,80.38000000,0.779
1749263737,0.85200000,1724.99000000,0.779
1749263737,0.85300000,1031.71000000,0.779
1749263737,0.85400000,55.18000000,0.779
1749263737,0.85500000,849.19000000,0.779
1749263737,0.85600000,60.88000000,0.779
1749263737,0.85700000,132.53000000,0.779
1749263737,0.85800000,328.30000000,0.779
1749263737,0.85900000,2524.78000000,0.779
1749263737,0.86000000,15685.61000000,0.779
1749263737,0.86100000,3771.25000000,0.779
1749263737,0.86200000,10.21000000,0.779
1749263737,0.86300000,21.08000000,0.779
1749263737,0.86400000,380.59000000,0.779
1749263737,0.86500000,280.92000000,0.779
1749263737,0.86600000,4690.03000000,0.779
1749263737,0.86700000,70.63000000,0.779
1749263737,0.86800000,1448.37000000,0.779
1749263737,0.86900000,10.00000000,0.779
1749263737,0.87000000,8684.05000000,0.779
1749263737,0.87100000,21.23000000,0.779
1749263737,0.87200000,3671.64000000,0.779
1749263737,0.87300000,48.94000000,0.779
1749263737,0.87400000,71.55000000,0.779
1749263737,0.87500000,85.93000000,0.779
1749263737,0.87600000,899.19000000,0.779
1749263737,0.87700000,121.79000000,0.779
1749263737,0.87800000,9741.30000000,0.779
1749264039,0.78100000,19019.68000000,0.78
1749264039,0.78200000,35847.44000000,0.78
1749264039,0.78300000,40599.08000000,0.78
1749264039,0.78400000,12619.80000000,0.78
1749264039,0.78500000,21509.47000000,0.78
1749264039,0.78600000,11885.27000000,0.78
1749264039,0.78700000,16758.55000000,0.78
1749264039,0.78800000,9725.60000000,0.78
1749264039,0.78900000,6559.55000000,0.78
1749264039,0.79000000,15794.89000000,0.78
1749264039,0.79100000,1147.65000000,0.78
1749264039,0.79200000,2958.48000000,0.78
1749264039,0.79300000,6774.70000000,0.78
1749264039,0.79400000,4304.10000000,0.78
1749264039,0.79500000,6236.58000000,0.78
1749264039,0.79600000,2908.26000000,0.78
1749264039,0.79700000,1144.12000000,0.78
1749264039,0.79800000,3373.98000000,0.78
1749264039,0.79900000,8666.01000000,0.78
1749264039,0.80000000,7546.95000000,0.78
1749264039,0.80100000,1936.32000000,0.78
1749264039,0.80200000,1740.07000000,0.78
1749264039,0.80300000,3007.34000000,0.78
1749264039,0.80400000,1134.40000000,0.78
1749264039,0.80500000,1775.96000000,0.78
1749264039,0.80600000,2128.51000000,0.78
1749264039,0.80700000,1126.17000000,0.78
1749264039,0.80800000,3343.09000000,0.78
1749264039,0.80900000,2629.23000000,0.78
1749264039,0.81000000,3969.39000000,0.78
1749264039,0.81100000,7916.81000000,0.78
1749264039,0.81200000,1235.58000000,0.78
1749264039,0.81300000,1481.42000000,0.78
1749264039,0.81400000,89.97000000,0.78
1749264039,0.81500000,1946.45000000,0.78
1749264039,0.81600000,2247.95000000,0.78
1749264039,0.81700000,125.48000000,0.78
1749264039,0.81800000,6413.54000000,0.78
1749264039,0.81900000,445.11000000,0.78
1749264039,0.82000000,3565.95000000,0.78
1749264039,0.82100000,1735.16000000,0.78
1749264039,0.82200000,3283.11000000,0.78
1749264039,0.82300000,1942.30000000,0.78
1749264039,0.82400000,120.31000000,0.78
1749264039,0.82500000,2598.87000000,0.78
1749264039,0.82600000,5820.20000000,0.78
1749264039,0.82700000,130.19000000,0.78
1749264039,0.82800000,157.35000000,0.78
1749264039,0.82900000,249.22000000,0.78
1749264039,0.83000000,3736.49000000,0.78
1749264039,0.83100000,48.84000000,0.78
1749264039,0.83200000,75.10000000,0.78
1749264039,0.83300000,125.73000000,0.78
1749264039,0.83400000,1239.20000000,0.78
1749264039,0.83500000,21998.63000000,0.78
1749264039,0.83600000,132.75000000,0.78
1749264039,0.83700000,112.54000000,0.78
1749264039,0.83800000,878.95000000,0.78
1749264039,0.83900000,69.48000000,0.78
1749264039,0.84000000,27269.98000000,0.78
1749264039,0.84100000,391.20000000,0.78
1749264039,0.84200000,194.08000000,0.78
1749264039,0.84300000,173.47000000,0.78
1749264039,0.84400000,109.44000000,0.78
1749264039,0.84500000,961.42000000,0.78
1749264039,0.84600000,12.99000000,0.78
1749264039,0.84700000,116.17000000,0.78
1749264039,0.84800000,60349.66000000,0.78
1749264039,0.84900000,197.47000000,0.78
1749264039,0.85000000,19031.33000000,0.78
1749264039,0.85100000,80.38000000,0.78
1749264039,0.85200000,1724.99000000,0.78
1749264039,0.85300000,1031.71000000,0.78
1749264039,0.85400000,55.18000000,0.78
1749264039,0.85500000,862.03000000,0.78
1749264039,0.85600000,73.71000000,0.78
1749264039,0.85700000,132.53000000,0.78
1749264039,0.85800000,328.30000000,0.78
1749264039,0.85900000,2524.78000000,0.78
1749264039,0.86000000,15685.61000000,0.78
1749264039,0.86100000,3771.25000000,0.78
1749264039,0.86200000,10.21000000,0.78
1749264039,0.86300000,21.08000000,0.78
1749264039,0.86400000,380.59000000,0.78
1749264039,0.86500000,280.92000000,0.78
1749264039,0.86600000,4690.03000000,0.78
1749264039,0.86700000,70.63000000,0.78
1749264039,0.86800000,1448.37000000,0.78
1749264039,0.86900000,10.00000000,0.78
1749264039,0.87000000,8684.05000000,0.78
1749264039,0.87100000,21.23000000,0.78
1749264039,0.87200000,3671.64000000,0.78
1749264039,0.87300000,48.94000000,0.78
1749264039,0.87400000,71.55000000,0.78
1749264039,0.87500000,85.93000000,0.78
1749264039,0.87600000,899.19000000,0.78
1749264039,0.87700000,121.79000000,0.78
1749264039,0.87800000,9741.30000000,0.78
1749264039,0.87900000,96.64000000,0.78
1749264039,0.88000000,40920.44000000,0.78
1749264341,0.78100000,12742.56000000,0.781
1749264341,0.78200000,39664.87000000,0.781
1749264341,0.78300000,43975.46000000,0.781
1749264341,0.78400000,19720.69000000,0.781
1749264341,0.78500000,14527.48000000,0.781
1749264341,0.78600000,14105.33000000,0.781
1749264341,0.78700000,8581.69000000,0.781
1749264341,0.78800000,11976.92000000,0.781
1749264341,0.78900000,6559.55000000,0.781
1749264341,0.79000000,15794.89000000,0.781
1749264341,0.79100000,1147.65000000,0.781
1749264341,0.79200000,2958.48000000,0.781
1749264341,0.79300000,6548.78000000,0.781
1749264341,0.79400000,9530.02000000,0.781
1749264341,0.79500000,1236.58000000,0.781
1749264341,0.79600000,2908.26000000,0.781
1749264341,0.79700000,1144.12000000,0.781
1749264341,0.79800000,3373.98000000,0.781
1749264341,0.79900000,8666.01000000,0.781
1749264341,0.80000000,7546.95000000,0.781
1749264341,0.80100000,1936.32000000,0.781
1749264341,0.80200000,1740.07000000,0.781
1749264341,0.80300000,3007.34000000,0.781
1749264341,0.80400000,1134.40000000,0.781
1749264341,0.80500000,1775.96000000,0.781
1749264341,0.80600000,3350.58000000,0.781
1749264341,0.80700000,1126.17000000,0.781
1749264341,0.80800000,3635.52000000,0.781
1749264341,0.80900000,1407.16000000,0.781
1749264341,0.81000000,3969.39000000,0.781
1749264341,0.81100000,7624.38000000,0.781
1749264341,0.81200000,1235.58000000,0.781
1749264341,0.81300000,401.42000000,0.781
1749264341,0.81400000,1169.97000000,0.781
1749264341,0.81500000,1946.45000000,0.781
1749264341,0.81600000,2247.95000000,0.781
1749264341,0.81700000,125.48000000,0.781
1749264341,0.81800000,6401.32000000,0.781
1749264341,0.81900000,445.11000000,0.781
1749264341,0.82000000,3578.14000000,0.781
1749264341,0.82100000,1735.16000000,0.781
1749264341,0.82200000,3283.11000000,0.781
1749264341,0.82300000,1942.30000000,0.781
1749264341,0.82400000,120.31000000,0.781
1749264341,0.82500000,2598.87000000,0.781
1749264341,0.82600000,5820.20000000,0.781
1749264341,0.82700000,130.19000000,0.781
1749264341,0.82800000,157.35000000,0.781
1749264341,0.82900000,249.22000000,0.781
1749264341,0.83000000,3736.49000000,0.781
1749264341,0.83100000,48.84000000,0.781
1749264341,0.83200000,75.10000000,0.781
1749264341,0.83300000,125.73000000,0.781
1749264341,0.83400000,1239.20000000,0.781
1749264341,0.83500000,21998.63000000,0.781
1749264341,0.83600000,132.75000000,0.781
1749264341,0.83700000,112.54000000,0.781
1749264341,0.83800000,878.95000000,0.781
1749264341,0.83900000,69.48000000,0.781
1749264341,0.84000000,27269.98000000,0.781
1749264341,0.84100000,391.20000000,0.781
1749264341,0.84200000,194.08000000,0.781
1749264341,0.84300000,173.47000000,0.781
1749264341,0.84400000,109.44000000,0.781
1749264341,0.84500000,961.42000000,0.781
1749264341,0.84600000,12.99000000,0.781
1749264341,0.84700000,116.17000000,0.781
1749264341,0.84800000,60349.66000000,0.781
1749264341,0.84900000,197.47000000,0.781
1749264341,0.85000000,19031.33000000,0.781
1749264341,0.85100000,80.38000000,0.781
1749264341,0.85200000,1724.99000000,0.781
1749264341,0.85300000,1031.71000000,0.781
1749264341,0.85400000,55.18000000,0.781
1749264341,0.85500000,862.03000000,0.781
1749264341,0.85600000,73.71000000,0.781
1749264341,0.85700000,132.53000000,0.781
1749264341,0.85800000,328.30000000,0.781
1749264341,0.85900000,2524.78000000,0.781
1749264341,0.86000000,15685.61000000,0.781
1749264341,0.86100000,3771.25000000,0.781
1749264341,0.86200000,10.21000000,0.781
1749264341,0.86300000,21.08000000,0.781
1749264341,0.86400000,380.59000000,0.781
1749264341,0.86500000,280.92000000,0.781
1749264341,0.86600000,4690.03000000,0.781
1749264341,0.86700000,70.63000000,0.781
1749264341,0.86800000,1448.37000000,0.781
1749264341,0.86900000,10.00000000,0.781
1749264341,0.87000000,8684.05000000,0.781
1749264341,0.87100000,21.23000000,0.781
1749264341,0.87200000,3671.64000000,0.781
1749264341,0.87300000,48.94000000,0.781
1749264341,0.87400000,71.55000000,0.781
1749264341,0.87500000,85.93000000,0.781
1749264341,0.87600000,899.19000000,0.781
1749264341,0.87700000,121.79000000,0.781
1749264341,0.87800000,9741.30000000,0.781
1749264341,0.87900000,96.64000000,0.781
1749264341,0.88000000,40920.44000000,0.781
1749264642,0.78200000,11461.18000000,0.782
1749264642,0.78300000,48164.54000000,0.782
1749264642,0.78400000,32214.64000000,0.782
1749264642,0.78500000,26428.47000000,0.782
1749264642,0.78600000,14410.58000000,0.782
1749264642,0.78700000,17476.80000000,0.782
1749264642,0.78800000,8679.27000000,0.782
1749264642,0.78900000,6645.02000000,0.782
1749264642,0.79000000,15794.89000000,0.782
1749264642,0.79100000,1556.11000000,0.782
1749264642,0.79200000,2965.43000000,0.782
1749264642,0.79300000,6774.47000000,0.782
1749264642,0.79400000,4304.10000000,0.782
1749264642,0.79500000,6236.58000000,0.782
1749264642,0.79600000,2908.26000000,0.782
1749264642,0.79700000,1144.12000000,0.782
1749264642,0.79800000,3373.98000000,0.782
1749264642,0.79900000,8666.01000000,0.782
1749264642,0.80000000,7546.95000000,0.782
1749264642,0.80100000,1936.32000000,0.782
1749264642,0.80200000,1740.07000000,0.782
1749264642,0.80300000,3007.34000000,0.782
1749264642,0.80400000,1134.40000000,0.782
1749264642,0.80500000,1775.96000000,0.782
1749264642,0.80600000,2128.51000000,0.782
1749264642,0.80700000,1126.17000000,0.782
1749264642,0.80800000,3343.09000000,0.782
1749264642,0.80900000,2629.23000000,0.782
1749264642,0.81000000,3969.39000000,0.782
1749264642,0.81100000,7916.81000000,0.782
1749264642,0.81200000,1235.58000000,0.782
1749264642,0.81300000,401.42000000,0.782
1749264642,0.81400000,89.97000000,0.782
1749264642,0.81500000,866.45000000,0.782
1749264642,0.81600000,1167.95000000,0.782
1749264642,0.81700000,125.48000000,0.782
1749264642,0.81800000,6389.10000000,0.782
1749264642,0.81900000,445.11000000,0.782
1749264642,0.82000000,3578.14000000,0.782
1749264642,0.82100000,1747.34000000,0.782
1749264642,0.82200000,3283.11000000,0.782
1749264642,0.82300000,1942.30000000,0.782
1749264642,0.82400000,120.31000000,0.782
1749264642,0.82500000,2598.87000000,0.782
1749264642,0.82600000,5820.20000000,0.782
1749264642,0.82700000,130.19000000,0.782
1749264642,0.82800000,157.35000000,0.782
1749264642,0.82900000,249.22000000,0.782
1749264642,0.83000000,3736.49000000,0.782
1749264642,0.83100000,48.84000000,0.782
1749264642,0.83200000,75.10000000,0.782
1749264642,0.83300000,125.73000000,0.782
1749264642,0.83400000,1239.20000000,0.782
1749264642,0.83500000,21998.63000000,0.782
1749264642,0.83600000,132.75000000,0.782
1749264642,0.83700000,112.54000000,0.782
1749264642,0.83800000,878.95000000,0.782
1749264642,0.83900000,69.48000000,0.782
1749264642,0.84000000,27269.98000000,0.782
1749264642,0.84100000,391.20000000,0.782
1749264642,0.84200000,194.08000000,0.782
1749264642,0.84300000,173.47000000,0.782
1749264642,0.84400000,109.44000000,0.782
1749264642,0.84500000,961.42000000,0.782
1749264642,0.84600000,12.99000000,0.782
1749264642,0.84700000,116.17000000,0.782
1749264642,0.84800000,60349.66000000,0.782
1749264642,0.84900000,197.47000000,0.782
1749264642,0.85000000,19031.33000000,0.782
1749264642,0.85100000,80.38000000,0.782
1749264642,0.85200000,1724.99000000,0.782
1749264642,0.85300000,1031.71000000,0.782
1749264642,0.85400000,55.18000000,0.782
1749264642,0.85500000,862.03000000,0.782
1749264642,0.85600000,73.71000000,0.782
1749264642,0.85700000,145.34000000,0.782
1749264642,0.85800000,328.30000000,0.782
1749264642,0.85900000,2524.78000000,0.782
1749264642,0.86000000,15685.61000000,0.782
1749264642,0.86100000,3771.25000000,0.782
1749264642,0.86200000,10.21000000,0.782
1749264642,0.86300000,21.08000000,0.782
1749264642,0.86400000,380.59000000,0.782
1749264642,0.86500000,280.92000000,0.782
1749264642,0.86600000,4690.03000000,0.782
1749264642,0.86700000,70.63000000,0.782
1749264642,0.86800000,1448.37000000,0.782
1749264642,0.86900000,10.00000000,0.782
1749264642,0.87000000,8684.05000000,0.782
1749264642,0.87100000,21.23000000,0.782
1749264642,0.87200000,3671.64000000,0.782
1749264642,0.87300000,48.94000000,0.782
1749264642,0.87400000,71.55000000,0.782
1749264642,0.87500000,85.93000000,0.782
1749264642,0.87600000,899.19000000,0.782
1749264642,0.87700000,121.79000000,0.782
1749264642,0.87800000,9741.30000000,0.782
1749264642,0.87900000,96.64000000,0.782
1749264642,0.88000000,40920.44000000,0.782
1749264642,0.88100000,26.71000000,0.782
1749264944,0.78700000,13674.54000000,0.787
1749264944,0.78800000,31443.27000000,0.787
1749264944,0.78900000,48338.39000000,0.787
1749264944,0.79000000,24531.92000000,0.787
1749264944,0.79100000,9861.31000000,0.787
1749264944,0.79200000,16820.92000000,0.787
1749264944,0.79300000,9380.68000000,0.787
1749264944,0.79400000,10816.99000000,0.787
1749264944,0.79500000,4998.30000000,0.787
1749264944,0.79600000,6689.42000000,0.787
1749264944,0.79700000,1160.57000000,0.787
1749264944,0.79800000,4174.80000000,0.787
1749264944,0.79900000,13832.06000000,0.787
1749264944,0.80000000,9336.15000000,0.787
1749264944,0.80100000,1936.32000000,0.787
1749264944,0.80200000,2965.18000000,0.787
1749264944,0.80300000,6793.20000000,0.787
1749264944,0.80400000,1134.40000000,0.787
1749264944,0.80500000,1252.49000000,0.787
1749264944,0.80600000,2070.56000000,0.787
1749264944,0.80700000,1135.71000000,0.787
1749264944,0.80800000,3847.67000000,0.787
1749264944,0.80900000,1407.16000000,0.787
1749264944,0.81000000,4677.77000000,0.787
1749264944,0.81100000,7050.30000000,0.787
1749264944,0.81200000,1387.66000000,0.787
1749264944,0.81300000,1024.65000000,0.787
1749264944,0.81400000,382.40000000,0.787
1749264944,0.81500000,866.45000000,0.787
1749264944,0.81600000,19.33000000,0.787
1749264944,0.81700000,125.48000000,0.787
1749264944,0.81800000,6376.88000000,0.787
1749264944,0.81900000,420.69000000,0.787
1749264944,0.82000000,3578.14000000,0.787
1749264944,0.82100000,1428.00000000,0.787
1749264944,0.82200000,3283.11000000,0.787
1749264944,0.82300000,3090.92000000,0.787
1749264944,0.82400000,439.65000000,0.787
1749264944,0.82500000,2598.87000000,0.787
1749264944,0.82600000,4649.87000000,0.787
1749264944,0.82700000,142.28000000,0.787
1749264944,0.82800000,169.43000000,0.787
1749264944,0.82900000,1431.65000000,0.787
1749264944,0.83000000,3427.25000000,0.787
1749264944,0.83100000,48.84000000,0.787
1749264944,0.83200000,83.46000000,0.787
1749264944,0.83300000,434.97000000,0.787
1749264944,0.83400000,1116.31000000,0.787
1749264944,0.83500000,21998.63000000,0.787
1749264944,0.83600000,132.75000000,0.787
1749264944,0.83700000,112.54000000,0.787
1749264944,0.83800000,878.95000000,0.787
1749264944,0.83900000,192.37000000,0.787
1749264944,0.84000000,27269.98000000,0.787
1749264944,0.84100000,391.20000000,0.787
1749264944,0.84200000,194.08000000,0.787
1749264944,0.84300000,173.47000000,0.787
1749264944,0.84400000,109.44000000,0.787
1749264944,0.84500000,961.42000000,0.787
1749264944,0.84600000,12.99000000,0.787
1749264944,0.84700000,116.17000000,0.787
1749264944,0.84800000,60349.66000000,0.787
1749264944,0.84900000,197.47000000,0.787
1749264944,0.85000000,19031.33000000,0.787
1749264944,0.85100000,80.38000000,0.787
1749264944,0.85200000,1724.99000000,0.787
1749264944,0.85300000,1031.71000000,0.787
1749264944,0.85400000,55.18000000,0.787
1749264944,0.85500000,862.03000000,0.787
1749264944,0.85600000,73.71000000,0.787
1749264944,0.85700000,145.34000000,0.787
1749264944,0.85800000,341.09000000,0.787
1749264944,0.85900000,2537.56000000,0.787
1749264944,0.86000000,15698.39000000,0.787
1749264944,0.86100000,3783.98000000,0.787
1749264944,0.86200000,22.94000000,0.787
1749264944,0.86300000,21.08000000,0.787
1749264944,0.86400000,380.59000000,0.787
1749264944,0.86500000,280.92000000,0.787
1749264944,0.86600000,4690.03000000,0.787
1749264944,0.86700000,70.63000000,0.787
1749264944,0.86800000,1448.37000000,0.787
1749264944,0.86900000,10.00000000,0.787
1749264944,0.87000000,8684.05000000,0.787
1749264944,0.87100000,21.23000000,0.787
1749264944,0.87200000,3671.64000000,0.787
1749264944,0.87300000,48.94000000,0.787
1749264944,0.87400000,71.55000000,0.787
1749264944,0.87500000,85.93000000,0.787
1749264944,0.87600000,899.19000000,0.787
1749264944,0.87700000,121.79000000,0.787
1749264944,0.87800000,9741.30000000,0.787
1749264944,0.87900000,96.64000000,0.787
1749264944,0.88000000,40920.44000000,0.787
1749264944,0.88100000,26.71000000,0.787
1749264944,0.88200000,90.26000000,0.787
1749264944,0.88300000,1610.68000000,0.787
1749264944,0.88400000,769.98000000,0.787
1749264944,0.88500000,3917.87000000,0.787
1749264944,0.88600000,19.89000000,0.787
1749265246,0.78600000,20821.10000000,0.785
1749265246,0.78700000,29532.35000000,0.785
1749265246,0.78800000,36794.25000000,0.785
1749265246,0.78900000,24820.37000000,0.785
1749265246,0.79000000,23804.57000000,0.785
1749265246,0.79100000,14162.59000000,0.785
1749265246,0.79200000,13656.93000000,0.785
1749265246,0.79300000,6998.15000000,0.785
1749265246,0.79400000,8042.92000000,0.785
1749265246,0.79500000,5889.82000000,0.785
1749265246,0.79600000,6944.42000000,0.785
1749265246,0.79700000,2048.52000000,0.785
1749265246,0.79800000,4167.90000000,0.785
1749265246,0.79900000,18607.68000000,0.785
1749265246,0.80000000,9336.15000000,0.785
1749265246,0.80100000,1936.32000000,0.785
1749265246,0.80200000,2965.18000000,0.785
1749265246,0.80300000,1793.20000000,0.785
1749265246,0.80400000,1134.40000000,0.785
1749265246,0.80500000,172.49000000,0.785
1749265246,0.80600000,990.56000000,0.785
1749265246,0.80700000,772.28000000,0.785
1749265246,0.80800000,2767.67000000,0.785
1749265246,0.80900000,327.16000000,0.785
1749265246,0.81000000,2881.20000000,0.785
1749265246,0.81100000,7050.30000000,0.785
1749265246,0.81200000,1387.66000000,0.785
1749265246,0.81300000,1024.65000000,0.785
1749265246,0.81400000,364.97000000,0.785
1749265246,0.81500000,866.45000000,0.785
1749265246,0.81600000,19.33000000,0.785
1749265246,0.81700000,125.48000000,0.785
1749265246,0.81800000,6376.88000000,0.785
1749265246,0.81900000,420.69000000,0.785
1749265246,0.82000000,3578.14000000,0.785
1749265246,0.82100000,1428.00000000,0.785
1749265246,0.82200000,3283.11000000,0.785
1749265246,0.82300000,3090.92000000,0.785
1749265246,0.82400000,439.65000000,0.785
1749265246,0.82500000,2598.87000000,0.785
1749265246,0.82600000,4649.87000000,0.785
1749265246,0.82700000,142.28000000,0.785
1749265246,0.82800000,169.43000000,0.785
1749265246,0.82900000,1431.65000000,0.785
1749265246,0.83000000,3427.25000000,0.785
1749265246,0.83100000,48.84000000,0.785
1749265246,0.83200000,59.68000000,0.785
1749265246,0.83300000,434.97000000,0.785
1749265246,0.83400000,1116.31000000,0.785
1749265246,0.83500000,21998.63000000,0.785
1749265246,0.83600000,132.75000000,0.785
1749265246,0.83700000,112.54000000,0.785
1749265246,0.83800000,878.95000000,0.785
1749265246,0.83900000,69.48000000,0.785
1749265246,0.84000000,27269.98000000,0.785
1749265246,0.84100000,374.20000000,0.785
1749265246,0.84200000,194.08000000,0.785
1749265246,0.84300000,173.47000000,0.785
1749265246,0.84400000,109.44000000,0.785
1749265246,0.84500000,961.42000000,0.785
1749265246,0.84600000,12.99000000,0.785
1749265246,0.84700000,239.06000000,0.785
1749265246,0.84800000,60349.66000000,0.785
1749265246,0.84900000,197.47000000,0.785
1749265246,0.85000000,19031.33000000,0.785
1749265246,0.85100000,80.38000000,0.785
1749265246,0.85200000,1724.99000000,0.785
1749265246,0.85300000,1031.71000000,0.785
1749265246,0.85400000,55.18000000,0.785
1749265246,0.85500000,862.03000000,0.785
1749265246,0.85600000,73.71000000,0.785
1749265246,0.85700000,145.34000000,0.785
1749265246,0.85800000,341.09000000,0.785
1749265246,0.85900000,2537.56000000,0.785
1749265246,0.86000000,15698.39000000,0.785
1749265246,0.86100000,3783.98000000,0.785
1749265246,0.86200000,10.21000000,0.785
1749265246,0.86300000,21.08000000,0.785
1749265246,0.86400000,380.59000000,0.785
1749265246,0.86500000,280.92000000,0.785
1749265246,0.86600000,4690.03000000,0.785
1749265246,0.86700000,70.63000000,0.785
1749265246,0.86800000,1448.37000000,0.785
1749265246,0.86900000,10.00000000,0.785
1749265246,0.87000000,8684.05000000,0.785
1749265246,0.87100000,21.23000000,0.785
1749265246,0.87200000,3671.64000000,0.785
1749265246,0.87300000,48.94000000,0.785
1749265246,0.87400000,47.71000000,0.785
1749265246,0.87500000,85.93000000,0.785
1749265246,0.87600000,899.19000000,0.785
1749265246,0.87700000,121.79000000,0.785
1749265246,0.87800000,9741.30000000,0.785
1749265246,0.87900000,96.64000000,0.785
1749265246,0.88000000,40920.44000000,0.785
1749265246,0.88100000,26.71000000,0.785
1749265246,0.88200000,90.26000000,0.785
1749265246,0.88300000,1610.68000000,0.785
1749265246,0.88400000,769.98000000,0.785
1749265246,0.88500000,3917.87000000,0.785
1749265547,0.78800000,12559.56000000,0.787
1749265547,0.78900000,42217.45000000,0.787
1749265547,0.79000000,52524.52000000,0.787
1749265547,0.79100000,15905.33000000,0.787
1749265547,0.79200000,12827.46000000,0.787
1749265547,0.79300000,17470.57000000,0.787
1749265547,0.79400000,10632.83000000,0.787
1749265547,0.79500000,5661.76000000,0.787
1749265547,0.79600000,6944.42000000,0.787
1749265547,0.79700000,1415.57000000,0.787
1749265547,0.79800000,4289.19000000,0.787
1749265547,0.79900000,11355.45000000,0.787
1749265547,0.80000000,15344.67000000,0.787
1749265547,0.80100000,1936.32000000,0.787
1749265547,0.80200000,5643.39000000,0.787
1749265547,0.80300000,7291.20000000,0.787
1749265547,0.80400000,1134.40000000,0.787
1749265547,0.80500000,172.49000000,0.787
1749265547,0.80600000,1506.47000000,0.787
1749265547,0.80700000,1135.71000000,0.787
1749265547,0.80800000,3847.67000000,0.787
1749265547,0.80900000,900.77000000,0.787
1749265547,0.81000000,3597.77000000,0.787
1749265547,0.81100000,7696.03000000,0.787
1749265547,0.81200000,2011.76000000,0.787
1749265547,0.81300000,1024.65000000,0.787
1749265547,0.81400000,364.97000000,0.787
1749265547,0.81500000,866.45000000,0.787
1749265547,0.81600000,19.33000000,0.787
1749265547,0.81700000,125.48000000,0.787
1749265547,0.81800000,6376.88000000,0.787
1749265547,0.81900000,420.69000000,0.787
1749265547,0.82000000,3578.14000000,0.787
1749265547,0.82100000,1428.00000000,0.787
1749265547,0.82200000,3283.11000000,0.787
1749265547,0.82300000,3090.92000000,0.787
1749265547,0.82400000,120.31000000,0.787
1749265547,0.82500000,2598.87000000,0.787
1749265547,0.82600000,4649.87000000,0.787
1749265547,0.82700000,461.62000000,0.787
1749265547,0.82800000,169.43000000,0.787
1749265547,0.82900000,1082.67000000,0.787
1749265547,0.83000000,23901.62000000,0.787
1749265547,0.83100000,48.84000000,0.787
1749265547,0.83200000,1242.11000000,0.787
1749265547,0.83300000,125.73000000,0.787
1749265547,0.83400000,282.85000000,0.787
1749265547,0.83500000,21998.63000000,0.787
1749265547,0.83600000,441.99000000,0.787
1749265547,0.83700000,112.54000000,0.787
1749265547,0.83800000,878.95000000,0.787
1749265547,0.83900000,69.48000000,0.787
1749265547,0.84000000,27269.98000000,0.787
1749265547,0.84100000,374.20000000,0.787
1749265547,0.84200000,194.08000000,0.787
1749265547,0.84300000,173.47000000,0.787
1749265547,0.84400000,158.87000000,0.787
1749265547,0.84500000,961.42000000,0.787
1749265547,0.84600000,12.99000000,0.787
1749265547,0.84700000,239.06000000,0.787
1749265547,0.84800000,60349.66000000,0.787
1749265547,0.84900000,197.47000000,0.787
1749265547,0.85000000,19031.33000000,0.787
1749265547,0.85100000,80.38000000,0.787
1749265547,0.85200000,1724.99000000,0.787
1749265547,0.85300000,1031.71000000,0.787
1749265547,0.85400000,55.18000000,0.787
1749265547,0.85500000,862.03000000,0.787
1749265547,0.85600000,73.71000000,0.787
1749265547,0.85700000,145.34000000,0.787
1749265547,0.85800000,341.09000000,0.787
1749265547,0.85900000,2537.56000000,0.787
1749265547,0.86000000,15698.39000000,0.787
1749265547,0.86100000,3784.00000000,0.787
1749265547,0.86200000,22.94000000,0.787
1749265547,0.86300000,33.79000000,0.787
1749265547,0.86400000,380.59000000,0.787
1749265547,0.86500000,280.92000000,0.787
1749265547,0.86600000,4690.03000000,0.787
1749265547,0.86700000,70.63000000,0.787
1749265547,0.86800000,1448.37000000,0.787
1749265547,0.86900000,10.00000000,0.787
1749265547,0.87000000,8684.05000000,0.787
1749265547,0.87100000,21.23000000,0.787
1749265547,0.87200000,3671.64000000,0.787
1749265547,0.87300000,48.94000000,0.787
1749265547,0.87400000,47.71000000,0.787
1749265547,0.87500000,85.93000000,0.787
1749265547,0.87600000,899.19000000,0.787
1749265547,0.87700000,121.79000000,0.787
1749265547,0.87800000,9741.30000000,0.787
1749265547,0.87900000,96.64000000,0.787
1749265547,0.88000000,40920.44000000,0.787
1749265547,0.88100000,26.71000000,0.787
1749265547,0.88200000,90.26000000,0.787
1749265547,0.88300000,1610.68000000,0.787
1749265547,0.88400000,769.98000000,0.787
1749265547,0.88500000,3917.87000000,0.787
1749265547,0.88600000,19.89000000,0.787
1749265547,0.88700000,50.49000000,0.787
1749265848,0.78900000,1746.20000000,0.789
1749265848,0.79000000,49781.66000000,0.789
1749265848,0.79100000,41208.93000000,0.789
1749265848,0.79200000,19153.63000000,0.789
1749265848,0.79300000,14059.17000000,0.789
1749265848,0.79400000,12818.59000000,0.789
1749265848,0.79500000,12320.80000000,0.789
1749265848,0.79600000,7066.19000000,0.789
1749265848,0.79700000,5461.11000000,0.789
1749265848,0.79800000,4697.65000000,0.789
1749265848,0.79900000,11443.69000000,0.789
1749265848,0.80000000,15385.03000000,0.789
1749265848,0.80100000,2159.91000000,0.789
1749265848,0.80200000,5643.39000000,0.789
1749265848,0.80300000,7291.20000000,0.789
1749265848,0.80400000,1134.40000000,0.789
1749265848,0.80500000,172.49000000,0.789
1749265848,0.80600000,1506.47000000,0.789
1749265848,0.80700000,1135.71000000,0.789
1749265848,0.80800000,3847.67000000,0.789
1749265848,0.80900000,1980.77000000,0.789
1749265848,0.81000000,4687.27000000,0.789
1749265848,0.81100000,7686.02000000,0.789
1749265848,0.81200000,789.69000000,0.789
1749265848,0.81300000,1024.65000000,0.789
1749265848,0.81400000,72.54000000,0.789
1749265848,0.81500000,2098.53000000,0.789
1749265848,0.81600000,19.33000000,0.789
1749265848,0.81700000,417.91000000,0.789
1749265848,0.81800000,6376.88000000,0.789
1749265848,0.81900000,420.69000000,0.789
1749265848,0.82000000,3578.14000000,0.789
1749265848,0.82100000,1428.00000000,0.789
1749265848,0.82200000,3283.11000000,0.789
1749265848,0.82300000,3090.92000000,0.789
1749265848,0.82400000,120.31000000,0.789
1749265848,0.82500000,2598.87000000,0.789
1749265848,0.82600000,4649.87000000,0.789
1749265848,0.82700000,461.62000000,0.789
1749265848,0.82800000,161.67000000,0.789
1749265848,0.82900000,919.38000000,0.789
1749265848,0.83000000,23901.62000000,0.789
1749265848,0.83100000,48.84000000,0.789
1749265848,0.83200000,1242.11000000,0.789
1749265848,0.83300000,125.73000000,0.789
1749265848,0.83400000,446.14000000,0.789
1749265848,0.83500000,21998.63000000,0.789
1749265848,0.83600000,441.99000000,0.789
1749265848,0.83700000,112.54000000,0.789
1749265848,0.83800000,878.95000000,0.789
1749265848,0.83900000,69.48000000,0.789
1749265848,0.84000000,27269.98000000,0.789
1749265848,0.84100000,374.20000000,0.789
1749265848,0.84200000,194.08000000,0.789
1749265848,0.84300000,173.47000000,0.789
1749265848,0.84400000,109.44000000,0.789
1749265848,0.84500000,961.42000000,0.789
1749265848,0.84600000,12.99000000,0.789
1749265848,0.84700000,239.06000000,0.789
1749265848,0.84800000,60349.66000000,0.789
1749265848,0.84900000,197.47000000,0.789
1749265848,0.85000000,19031.33000000,0.789
1749265848,0.85100000,80.38000000,0.789
1749265848,0.85200000,1724.99000000,0.789
1749265848,0.85300000,1031.71000000,0.789
1749265848,0.85400000,55.18000000,0.789
1749265848,0.85500000,862.03000000,0.789
1749265848,0.85600000,73.71000000,0.789
1749265848,0.85700000,145.34000000,0.789
1749265848,0.85800000,341.09000000,0.789
1749265848,0.85900000,2537.56000000,0.789
1749265848,0.86000000,15698.39000000,0.789
1749265848,0.86100000,3784.00000000,0.789
1749265848,0.86200000,22.94000000,0.789
1749265848,0.86300000,33.79000000,0.789
1749265848,0.86400000,393.29000000,0.789
1749265848,0.86500000,280.92000000,0.789
1749265848,0.86600000,4690.03000000,0.789
1749265848,0.86700000,70.63000000,0.789
1749265848,0.86800000,1448.37000000,0.789
1749265848,0.86900000,10.00000000,0.789
1749265848,0.87000000,8684.05000000,0.789
1749265848,0.87100000,21.23000000,0.789
1749265848,0.87200000,3671.64000000,0.789
1749265848,0.87300000,48.94000000,0.789
1749265848,0.87400000,47.71000000,0.789
1749265848,0.87500000,85.93000000,0.789
1749265848,0.87600000,899.19000000,0.789
1749265848,0.87700000,121.79000000,0.789
1749265848,0.87800000,9741.30000000,0.789
1749265848,0.87900000,96.64000000,0.789
1749265848,0.88000000,40920.44000000,0.789
1749265848,0.88100000,26.71000000,0.789
1749265848,0.88200000,90.26000000,0.789
1749265848,0.88300000,1610.68000000,0.789
1749265848,0.88400000,769.98000000,0.789
1749265848,0.88500000,3917.87000000,0.789
1749265848,0.88600000,19.89000000,0.789
1749265848,0.88700000,50.49000000,0.789
1749265848,0.88800000,55.65000000,0.789
1749266150,0.79100000,22509.02000000,0.79
1749266150,0.79200000,47755.71000000,0.79
1749266150,0.79300000,26413.21000000,0.79
1749266150,0.79400000,18884.69000000,0.79
1749266150,0.79500000,8697.91000000,0.79
1749266150,0.79600000,15804.44000000,0.79
1749266150,0.79700000,8589.17000000,0.79
1749266150,0.79800000,9467.68000000,0.79
1749266150,0.79900000,11443.69000000,0.79
1749266150,0.80000000,15391.91000000,0.79
1749266150,0.80100000,2200.81000000,0.79
1749266150,0.80200000,6499.20000000,0.79
1749266150,0.80300000,2291.20000000,0.79
1749266150,0.80400000,2923.60000000,0.79
1749266150,0.80500000,6252.49000000,0.79
1749266150,0.80600000,2215.67000000,0.79
1749266150,0.80700000,55.71000000,0.79
1749266150,0.80800000,2272.63000000,0.79
1749266150,0.80900000,336.68000000,0.79
1749266150,0.81000000,2890.70000000,0.79
1749266150,0.81100000,7182.05000000,0.79
1749266150,0.81200000,1846.31000000,0.79
1749266150,0.81300000,1109.63000000,0.79
1749266150,0.81400000,586.00000000,0.79
1749266150,0.81500000,2090.68000000,0.79
1749266150,0.81600000,650.92000000,0.79
1749266150,0.81700000,417.91000000,0.79
1749266150,0.81800000,6376.88000000,0.79
1749266150,0.81900000,420.69000000,0.79
1749266150,0.82000000,3578.14000000,0.79
1749266150,0.82100000,1428.00000000,0.79
1749266150,0.82200000,3283.11000000,0.79
1749266150,0.82300000,1942.30000000,0.79
1749266150,0.82400000,120.31000000,0.79
1749266150,0.82500000,2598.87000000,0.79
1749266150,0.82600000,5798.49000000,0.79
1749266150,0.82700000,461.62000000,0.79
1749266150,0.82800000,173.75000000,0.79
1749266150,0.82900000,425.02000000,0.79
1749266150,0.83000000,3427.25000000,0.79
1749266150,0.83100000,48.84000000,0.79
1749266150,0.83200000,1242.11000000,0.79
1749266150,0.83300000,125.73000000,0.79
1749266150,0.83400000,135.83000000,0.79
1749266150,0.83500000,20587.84000000,0.79
1749266150,0.83600000,441.99000000,0.79
1749266150,0.83700000,112.54000000,0.79
1749266150,0.83800000,878.95000000,0.79
1749266150,0.83900000,874.15000000,0.79
1749266150,0.84000000,27269.98000000,0.79
1749266150,0.84100000,374.20000000,0.79
1749266150,0.84200000,194.08000000,0.79
1749266150,0.84300000,173.47000000,0.79
1749266150,0.84400000,109.44000000,0.79
1749266150,0.84500000,968.42000000,0.79
1749266150,0.84600000,66.95000000,0.79
1749266150,0.84700000,239.06000000,0.79
1749266150,0.84800000,60349.66000000,0.79
1749266150,0.84900000,197.47000000,0.79
1749266150,0.85000000,10904.30000000,0.79
1749266150,0.85100000,80.38000000,0.79
1749266150,0.85200000,1724.99000000,0.79
1749266150,0.85300000,1031.71000000,0.79
1749266150,0.85400000,55.18000000,0.79
1749266150,0.85500000,862.03000000,0.79
1749266150,0.85600000,73.71000000,0.79
1749266150,0.85700000,145.34000000,0.79
1749266150,0.85800000,341.09000000,0.79
1749266150,0.85900000,2537.56000000,0.79
1749266150,0.86000000,15698.39000000,0.79
1749266150,0.86100000,3784.00000000,0.79
1749266150,0.86200000,22.94000000,0.79
1749266150,0.86300000,33.79000000,0.79
1749266150,0.86400000,393.29000000,0.79
1749266150,0.86500000,293.60000000,0.79
1749266150,0.86600000,4702.70000000,0.79
1749266150,0.86700000,70.63000000,0.79
1749266150,0.86800000,1448.37000000,0.79
1749266150,0.86900000,10.00000000,0.79
1749266150,0.87000000,8684.05000000,0.79
1749266150,0.87100000,21.23000000,0.79
1749266150,0.87200000,3671.64000000,0.79
1749266150,0.87300000,48.94000000,0.79
1749266150,0.87400000,47.71000000,0.79
1749266150,0.87500000,85.93000000,0.79
1749266150,0.87600000,899.19000000,0.79
1749266150,0.87700000,121.79000000,0.79
1749266150,0.87800000,9741.30000000,0.79
1749266150,0.87900000,96.64000000,0.79
1749266150,0.88000000,40920.44000000,0.79
1749266150,0.88100000,26.71000000,0.79
1749266150,0.88200000,90.26000000,0.79
1749266150,0.88300000,1610.68000000,0.79
1749266150,0.88400000,769.98000000,0.79
1749266150,0.88500000,3917.87000000,0.79
1749266150,0.88600000,19.89000000,0.79
1749266150,0.88700000,50.49000000,0.79
1749266150,0.88800000,55.65000000,0.79
1749266150,0.88900000,549.85000000,0.79
1749266150,0.89000000,6657.69000000,0.79
1749266452,0.78900000,4105.67000000,0.788
1749266452,0.79000000,30715.42000000,0.788
1749266452,0.79100000,32158.30000000,0.788
1749266452,0.79200000,26227.41000000,0.788
1749266452,0.79300000,19958.31000000,0.788
1749266452,0.79400000,19339.95000000,0.788
1749266452,0.79500000,9261.80000000,0.788
1749266452,0.79600000,7066.19000000,0.788
1749266452,0.79700000,5468.64000000,0.788
1749266452,0.79800000,9552.17000000,0.788
1749266452,0.79900000,11362.34000000,0.788
1749266452,0.80000000,15391.91000000,0.788
1749266452,0.80100000,2462.50000000,0.788
1749266452,0.80200000,6514.37000000,0.788
1749266452,0.80300000,6211.20000000,0.788
1749266452,0.80400000,1843.60000000,0.788
1749266452,0.80500000,172.49000000,0.788
1749266452,0.80600000,2215.67000000,0.788
1749266452,0.80700000,55.71000000,0.788
1749266452,0.80800000,2272.63000000,0.788
1749266452,0.80900000,900.77000000,0.788
1749266452,0.81000000,3607.27000000,0.788
1749266452,0.81100000,7182.05000000,0.788
1749266452,0.81200000,1291.70000000,0.788
1749266452,0.81300000,393.06000000,0.788
1749266452,0.81400000,586.00000000,0.788
1749266452,0.81500000,2080.67000000,0.788
1749266452,0.81600000,650.92000000,0.788
1749266452,0.81700000,417.91000000,0.788
1749266452,0.81800000,6386.89000000,0.788
1749266452,0.81900000,420.69000000,0.788
1749266452,0.82000000,3578.14000000,0.788
1749266452,0.82100000,1428.00000000,0.788
1749266452,0.82200000,3283.11000000,0.788
1749266452,0.82300000,1942.30000000,0.788
1749266452,0.82400000,120.31000000,0.788
1749266452,0.82500000,2598.87000000,0.788
1749266452,0.82600000,5798.49000000,0.788
1749266452,0.82700000,461.62000000,0.788
1749266452,0.82800000,173.75000000,0.788
1749266452,0.82900000,249.22000000,0.788
1749266452,0.83000000,3427.25000000,0.788
1749266452,0.83100000,48.84000000,0.788
1749266452,0.83200000,1242.11000000,0.788
1749266452,0.83300000,125.73000000,0.788
1749266452,0.83400000,1116.31000000,0.788
1749266452,0.83500000,20587.84000000,0.788
1749266452,0.83600000,441.99000000,0.788
1749266452,0.83700000,112.54000000,0.788
1749266452,0.83800000,878.95000000,0.788
1749266452,0.83900000,69.48000000,0.788
1749266452,0.84000000,27269.98000000,0.788
1749266452,0.84100000,374.20000000,0.788
1749266452,0.84200000,194.08000000,0.788
1749266452,0.84300000,173.47000000,0.788
1749266452,0.84400000,109.44000000,0.788
1749266452,0.84500000,968.42000000,0.788
1749266452,0.84600000,66.95000000,0.788
1749266452,0.84700000,239.06000000,0.788
1749266452,0.84800000,60349.66000000,0.788
1749266452,0.84900000,197.47000000,0.788
1749266452,0.85000000,10904.30000000,0.788
1749266452,0.85100000,80.38000000,0.788
1749266452,0.85200000,1724.99000000,0.788
1749266452,0.85300000,1031.71000000,0.788
1749266452,0.85400000,55.18000000,0.788
1749266452,0.85500000,862.03000000,0.788
1749266452,0.85600000,73.71000000,0.788
1749266452,0.85700000,145.34000000,0.788
1749266452,0.85800000,341.09000000,0.788
1749266452,0.85900000,2537.56000000,0.788
1749266452,0.86000000,15698.39000000,0.788
1749266452,0.86100000,3784.00000000,0.788
1749266452,0.86200000,22.94000000,0.788
1749266452,0.86300000,33.79000000,0.788
1749266452,0.86400000,393.29000000,0.788
1749266452,0.86500000,20755.29000000,0.788
1749266452,0.86600000,4690.03000000,0.788
1749266452,0.86700000,70.63000000,0.788
1749266452,0.86800000,1448.37000000,0.788
1749266452,0.86900000,10.00000000,0.788
1749266452,0.87000000,8684.05000000,0.788
1749266452,0.87100000,21.23000000,0.788
1749266452,0.87200000,3671.64000000,0.788
1749266452,0.87300000,48.94000000,0.788
1749266452,0.87400000,47.71000000,0.788
1749266452,0.87500000,85.93000000,0.788
1749266452,0.87600000,899.19000000,0.788
1749266452,0.87700000,121.79000000,0.788
1749266452,0.87800000,9741.30000000,0.788
1749266452,0.87900000,96.64000000,0.788
1749266452,0.88000000,41068.35000000,0.788
1749266452,0.88100000,26.71000000,0.788
1749266452,0.88200000,90.26000000,0.788
1749266452,0.88300000,1610.68000000,0.788
1749266452,0.88400000,769.98000000,0.788
1749266452,0.88500000,3917.87000000,0.788
1749266452,0.88600000,19.89000000,0.788
1749266452,0.88700000,50.49000000,0.788
1749266452,0.88800000,55.65000000,0.788
1749266753,0.79200000,11501.31000000,0.791
1749266753,0.79300000,50971.58000000,0.791
1749266753,0.79400000,28999.16000000,0.791
1749266753,0.79500000,17216.32000000,0.791
1749266753,0.79600000,11703.04000000,0.791
1749266753,0.79700000,12672.10000000,0.791
1749266753,0.79800000,14471.88000000,0.791
1749266753,0.79900000,11487.49000000,0.791
1749266753,0.80000000,14607.53000000,0.791
1749266753,0.80100000,2245.61000000,0.791
1749266753,0.80200000,3862.17000000,0.791
1749266753,0.80300000,3330.58000000,0.791
1749266753,0.80400000,3146.39000000,0.791
1749266753,0.80500000,3902.32000000,0.791
1749266753,0.80600000,8295.67000000,0.791
1749266753,0.80700000,55.71000000,0.791
1749266753,0.80800000,4061.83000000,0.791
1749266753,0.80900000,336.68000000,0.791
1749266753,0.81000000,2890.70000000,0.791
1749266753,0.81100000,7182.05000000,0.791
1749266753,0.81200000,1855.79000000,0.791
1749266753,0.81300000,1109.63000000,0.791
1749266753,0.81400000,586.00000000,0.791
1749266753,0.81500000,858.60000000,0.791
1749266753,0.81600000,650.92000000,0.791
1749266753,0.81700000,132.83000000,0.791
1749266753,0.81800000,7608.96000000,0.791
1749266753,0.81900000,420.69000000,0.791
1749266753,0.82000000,3916.90000000,0.791
1749266753,0.82100000,1428.00000000,0.791
1749266753,0.82200000,3283.11000000,0.791
1749266753,0.82300000,1942.30000000,0.791
1749266753,0.82400000,120.31000000,0.791
1749266753,0.82500000,2598.87000000,0.791
1749266753,0.82600000,5798.49000000,0.791
1749266753,0.82700000,142.28000000,0.791
1749266753,0.82800000,173.75000000,0.791
1749266753,0.82900000,249.22000000,0.791
1749266753,0.83000000,3746.59000000,0.791
1749266753,0.83100000,48.84000000,0.791
1749266753,0.83200000,59.68000000,0.791
1749266753,0.83300000,125.73000000,0.791
1749266753,0.83400000,940.37000000,0.791
1749266753,0.83500000,21770.27000000,0.791
1749266753,0.83600000,132.75000000,0.791
1749266753,0.83700000,112.54000000,0.791
1749266753,0.83800000,878.95000000,0.791
1749266753,0.83900000,554.66000000,0.791
1749266753,0.84000000,27269.98000000,0.791
1749266753,0.84100000,374.20000000,0.791
1749266753,0.84200000,194.08000000,0.791
1749266753,0.84300000,173.47000000,0.791
1749266753,0.84400000,109.44000000,0.791
1749266753,0.84500000,968.42000000,0.791
1749266753,0.84600000,12.99000000,0.791
1749266753,0.84700000,239.06000000,0.791
1749266753,0.84800000,60366.15000000,0.791
1749266753,0.84900000,197.47000000,0.791
1749266753,0.85000000,10904.30000000,0.791
1749266753,0.85100000,80.38000000,0.791
1749266753,0.85200000,1724.99000000,0.791
1749266753,0.85300000,1031.71000000,0.791
1749266753,0.85400000,55.18000000,0.791
1749266753,0.85500000,862.03000000,0.791
1749266753,0.85600000,73.71000000,0.791
1749266753,0.85700000,145.34000000,0.791
1749266753,0.85800000,341.09000000,0.791
1749266753,0.85900000,2537.56000000,0.791
1749266753,0.86000000,15698.39000000,0.791
1749266753,0.86100000,3784.00000000,0.791
1749266753,0.86200000,22.94000000,0.791
1749266753,0.86300000,33.79000000,0.791
1749266753,0.86400000,393.29000000,0.791
1749266753,0.86500000,20767.97000000,0.791
1749266753,0.86600000,4702.70000000,0.791
1749266753,0.86700000,83.28000000,0.791
1749266753,0.86800000,1448.37000000,0.791
1749266753,0.86900000,10.00000000,0.791
1749266753,0.87000000,8684.05000000,0.791
1749266753,0.87100000,21.23000000,0.791
1749266753,0.87200000,3671.64000000,0.791
1749266753,0.87300000,48.94000000,0.791
1749266753,0.87400000,47.71000000,0.791
1749266753,0.87500000,85.93000000,0.791
1749266753,0.87600000,899.19000000,0.791
1749266753,0.87700000,121.79000000,0.791
1749266753,0.87800000,9741.30000000,0.791
1749266753,0.87900000,96.64000000,0.791
1749266753,0.88000000,40982.56000000,0.791
1749266753,0.88100000,26.71000000,0.791
1749266753,0.88200000,90.26000000,0.791
1749266753,0.88300000,1610.68000000,0.791
1749266753,0.88400000,769.98000000,0.791
1749266753,0.88500000,3917.87000000,0.791
1749266753,0.88600000,19.89000000,0.791
1749266753,0.88700000,50.49000000,0.791
1749266753,0.88800000,55.65000000,0.791
1749266753,0.88900000,549.85000000,0.791
1749266753,0.89000000,6657.69000000,0.791
1749266753,0.89100000,27.22000000,0.791
1749267055,0.79100000,18641.94000000,0.79
1749267055,0.79200000,38199.18000000,0.79
1749267055,0.79300000,38652.42000000,0.79
1749267055,0.79400000,15654.60000000,0.79
1749267055,0.79500000,12520.23000000,0.79
1749267055,0.79600000,17493.13000000,0.79
1749267055,0.79700000,8847.53000000,0.79
1749267055,0.79800000,10391.56000000,0.79
1749267055,0.79900000,11487.49000000,0.79
1749267055,0.80000000,14607.53000000,0.79
1749267055,0.80100000,2245.61000000,0.79
1749267055,0.80200000,4493.87000000,0.79
1749267055,0.80300000,3553.54000000,0.79
1749267055,0.80400000,2923.60000000,0.79
1749267055,0.80500000,3902.32000000,0.79
1749267055,0.80600000,7215.67000000,0.79
1749267055,0.80700000,66.86000000,0.79
1749267055,0.80800000,4061.83000000,0.79
1749267055,0.80900000,336.68000000,0.79
1749267055,0.81000000,2890.70000000,0.79
1749267055,0.81100000,7182.05000000,0.79
1749267055,0.81200000,1855.79000000,0.79
1749267055,0.81300000,1109.63000000,0.79
1749267055,0.81400000,586.00000000,0.79
1749267055,0.81500000,858.60000000,0.79
1749267055,0.81600000,650.92000000,0.79
1749267055,0.81700000,125.48000000,0.79
1749267055,0.81800000,7598.95000000,0.79
1749267055,0.81900000,420.69000000,0.79
1749267055,0.82000000,3916.90000000,0.79
1749267055,0.82100000,1428.00000000,0.79
1749267055,0.82200000,3283.11000000,0.79
1749267055,0.82300000,1956.88000000,0.79
1749267055,0.82400000,120.31000000,0.79
1749267055,0.82500000,2598.87000000,0.79
1749267055,0.82600000,5798.49000000,0.79
1749267055,0.82700000,142.28000000,0.79
1749267055,0.82800000,173.75000000,0.79
1749267055,0.82900000,249.22000000,0.79
1749267055,0.83000000,3746.59000000,0.79
1749267055,0.83100000,48.84000000,0.79
1749267055,0.83200000,59.68000000,0.79
1749267055,0.83300000,125.73000000,0.79
1749267055,0.83400000,1042.73000000,0.79
1749267055,0.83500000,21770.27000000,0.79
1749267055,0.83600000,132.75000000,0.79
1749267055,0.83700000,112.54000000,0.79
1749267055,0.83800000,896.85000000,0.79
1749267055,0.83900000,575.19000000,0.79
1749267055,0.84000000,27269.98000000,0.79
1749267055,0.84100000,374.20000000,0.79
1749267055,0.84200000,194.08000000,0.79
1749267055,0.84300000,173.47000000,0.79
1749267055,0.84400000,109.44000000,0.79
1749267055,0.84500000,968.42000000,0.79
1749267055,0.84600000,12.99000000,0.79
1749267055,0.84700000,116.17000000,0.79
1749267055,0.84800000,60366.15000000,0.79
1749267055,0.84900000,197.47000000,0.79
1749267055,0.85000000,10904.30000000,0.79
1749267055,0.85100000,80.38000000,0.79
1749267055,0.85200000,1724.99000000,0.79
1749267055,0.85300000,1031.71000000,0.79
1749267055,0.85400000,55.18000000,0.79
1749267055,0.85500000,862.03000000,0.79
1749267055,0.85600000,73.71000000,0.79
1749267055,0.85700000,145.34000000,0.79
1749267055,0.85800000,341.09000000,0.79
1749267055,0.85900000,2537.56000000,0.79
1749267055,0.86000000,15698.39000000,0.79
1749267055,0.86100000,3784.00000000,0.79
1749267055,0.86200000,22.94000000,0.79
1749267055,0.86300000,33.79000000,0.79
1749267055,0.86400000,393.29000000,0.79
1749267055,0.86500000,20767.97000000,0.79
1749267055,0.86600000,4702.70000000,0.79
1749267055,0.86700000,70.63000000,0.79
1749267055,0.86800000,1448.37000000,0.79
1749267055,0.86900000,10.00000000,0.79
1749267055,0.87000000,8684.05000000,0.79
1749267055,0.87100000,21.23000000,0.79
1749267055,0.87200000,3671.64000000,0.79
1749267055,0.87300000,48.94000000,0.79
1749267055,0.87400000,47.71000000,0.79
1749267055,0.87500000,85.93000000,0.79
1749267055,0.87600000,899.19000000,0.79
1749267055,0.87700000,121.79000000,0.79
1749267055,0.87800000,9741.30000000,0.79
1749267055,0.87900000,96.64000000,0.79
1749267055,0.88000000,40982.56000000,0.79
1749267055,0.88100000,26.71000000,0.79
1749267055,0.88200000,90.26000000,0.79
1749267055,0.88300000,1610.68000000,0.79
1749267055,0.88400000,769.98000000,0.79
1749267055,0.88500000,3917.87000000,0.79
1749267055,0.88600000,19.89000000,0.79
1749267055,0.88700000,50.49000000,0.79
1749267055,0.88800000,55.65000000,0.79
1749267055,0.88900000,549.85000000,0.79
1749267055,0.89000000,6657.69000000,0.79
1749267356,0.79100000,9772.45000000,0.79
1749267356,0.79200000,38820.44000000,0.79
1749267356,0.79300000,37640.57000000,0.79
1749267356,0.79400000,17430.83000000,0.79
1749267356,0.79500000,13162.99000000,0.79
1749267356,0.79600000,13061.58000000,0.79
1749267356,0.79700000,12021.91000000,0.79
1749267356,0.79800000,8919.67000000,0.79
1749267356,0.79900000,11487.49000000,0.79
1749267356,0.80000000,15391.91000000,0.79
1749267356,0.80100000,3505.36000000,0.79
1749267356,0.80200000,7190.80000000,0.79
1749267356,0.80300000,2514.45000000,0.79
1749267356,0.80400000,2923.60000000,0.79
1749267356,0.80500000,5172.49000000,0.79
1749267356,0.80600000,2215.67000000,0.79
1749267356,0.80700000,66.86000000,0.79
1749267356,0.80800000,4061.83000000,0.79
1749267356,0.80900000,900.77000000,0.79
1749267356,0.81000000,3607.27000000,0.79
1749267356,0.81100000,7182.05000000,0.79
1749267356,0.81200000,1291.70000000,0.79
1749267356,0.81300000,393.06000000,0.79
1749267356,0.81400000,586.00000000,0.79
1749267356,0.81500000,2080.67000000,0.79
1749267356,0.81600000,650.92000000,0.79
1749267356,0.81700000,417.91000000,0.79
1749267356,0.81800000,6376.88000000,0.79
1749267356,0.81900000,420.69000000,0.79
1749267356,0.82000000,3624.47000000,0.79
1749267356,0.82100000,1428.00000000,0.79
1749267356,0.82200000,3283.11000000,0.79
1749267356,0.82300000,1956.88000000,0.79
1749267356,0.82400000,120.31000000,0.79
1749267356,0.82500000,2598.87000000,0.79
1749267356,0.82600000,5798.49000000,0.79
1749267356,0.82700000,461.62000000,0.79
1749267356,0.82800000,173.75000000,0.79
1749267356,0.82900000,249.22000000,0.79
1749267356,0.83000000,3427.25000000,0.79
1749267356,0.83100000,48.84000000,0.79
1749267356,0.83200000,1242.11000000,0.79
1749267356,0.83300000,125.73000000,0.79
1749267356,0.83400000,238.19000000,0.79
1749267356,0.83500000,20587.84000000,0.79
1749267356,0.83600000,441.99000000,0.79
1749267356,0.83700000,112.54000000,0.79
1749267356,0.83800000,896.85000000,0.79
1749267356,0.83900000,1070.48000000,0.79
1749267356,0.84000000,27269.98000000,0.79
1749267356,0.84100000,374.20000000,0.79
1749267356,0.84200000,194.08000000,0.79
1749267356,0.84300000,173.47000000,0.79
1749267356,0.84400000,109.44000000,0.79
1749267356,0.84500000,968.42000000,0.79
1749267356,0.84600000,12.99000000,0.79
1749267356,0.84700000,116.17000000,0.79
1749267356,0.84800000,60366.15000000,0.79
1749267356,0.84900000,197.47000000,0.79
1749267356,0.85000000,10904.30000000,0.79
1749267356,0.85100000,80.38000000,0.79
1749267356,0.85200000,1724.99000000,0.79
1749267356,0.85300000,1031.71000000,0.79
1749267356,0.85400000,55.18000000,0.79
1749267356,0.85500000,862.03000000,0.79
1749267356,0.85600000,73.71000000,0.79
1749267356,0.85700000,145.34000000,0.79
1749267356,0.85800000,341.09000000,0.79
1749267356,0.85900000,2537.56000000,0.79
1749267356,0.86000000,15698.39000000,0.79
1749267356,0.86100000,3784.00000000,0.79
1749267356,0.86200000,22.94000000,0.79
1749267356,0.86300000,33.79000000,0.79
1749267356,0.86400000,393.29000000,0.79
1749267356,0.86500000,20767.97000000,0.79
1749267356,0.86600000,4702.70000000,0.79
1749267356,0.86700000,70.63000000,0.79
1749267356,0.86800000,1448.37000000,0.79
1749267356,0.86900000,10.00000000,0.79
1749267356,0.87000000,8684.05000000,0.79
1749267356,0.87100000,21.23000000,0.79
1749267356,0.87200000,3671.64000000,0.79
1749267356,0.87300000,48.94000000,0.79
1749267356,0.87400000,47.71000000,0.79
1749267356,0.87500000,85.93000000,0.79
1749267356,0.87600000,899.19000000,0.79
1749267356,0.87700000,121.79000000,0.79
1749267356,0.87800000,9741.30000000,0.79
1749267356,0.87900000,96.64000000,0.79
1749267356,0.88000000,40927.89000000,0.79
1749267356,0.88100000,26.71000000,0.79
1749267356,0.88200000,90.26000000,0.79
1749267356,0.88300000,1610.68000000,0.79
1749267356,0.88400000,769.98000000,0.79
1749267356,0.88500000,3917.87000000,0.79
1749267356,0.88600000,19.89000000,0.79
1749267356,0.88700000,50.49000000,0.79
1749267356,0.88800000,55.65000000,0.79
1749267356,0.88900000,549.85000000,0.79
1749267356,0.89000000,6657.69000000,0.79
1749267658,0.79100000,13518.58000000,0.791
1749267658,0.79200000,43751.88000000,0.791
1749267658,0.79300000,53849.31000000,0.791
1749267658,0.79400000,17388.69000000,0.791
1749267658,0.79500000,14772.05000000,0.791
1749267658,0.79600000,15085.15000000,0.791
1749267658,0.79700000,13998.92000000,0.791
1749267658,0.79800000,9804.06000000,0.791
1749267658,0.79900000,10851.77000000,0.791
1749267658,0.80000000,15391.91000000,0.791
1749267658,0.80100000,2245.61000000,0.791
1749267658,0.80200000,3229.66000000,0.791
1749267658,0.80300000,2291.20000000,0.791
1749267658,0.80400000,3778.27000000,0.791
1749267658,0.80500000,3890.44000000,0.791
1749267658,0.80600000,8295.67000000,0.791
1749267658,0.80700000,66.86000000,0.791
1749267658,0.80800000,5141.83000000,0.791
1749267658,0.80900000,336.68000000,0.791
1749267658,0.81000000,3970.70000000,0.791
1749267658,0.81100000,6423.03000000,0.791
1749267658,0.81200000,1221.68000000,0.791
1749267658,0.81300000,1109.63000000,0.791
1749267658,0.81400000,586.00000000,0.791
1749267658,0.81500000,2080.67000000,0.791
1749267658,0.81600000,650.92000000,0.791
1749267658,0.81700000,417.91000000,0.791
1749267658,0.81800000,6376.88000000,0.791
1749267658,0.81900000,420.69000000,0.791
1749267658,0.82000000,3624.47000000,0.791
1749267658,0.82100000,1428.00000000,0.791
1749267658,0.82200000,3283.11000000,0.791
1749267658,0.82300000,1956.88000000,0.791
1749267658,0.82400000,120.31000000,0.791
1749267658,0.82500000,2598.87000000,0.791
1749267658,0.82600000,5798.49000000,0.791
1749267658,0.82700000,142.28000000,0.791
1749267658,0.82800000,173.75000000,0.791
1749267658,0.82900000,249.22000000,0.791
1749267658,0.83000000,3746.59000000,0.791
1749267658,0.83100000,48.84000000,0.791
1749267658,0.83200000,59.68000000,0.791
1749267658,0.83300000,125.73000000,0.791
1749267658,0.83400000,135.83000000,0.791
1749267658,0.83500000,21770.27000000,0.791
1749267658,0.83600000,441.99000000,0.791
1749267658,0.83700000,112.54000000,0.791
1749267658,0.83800000,896.85000000,0.791
1749267658,0.83900000,1049.95000000,0.791
1749267658,0.84000000,27269.98000000,0.791
1749267658,0.84100000,374.20000000,0.791
1749267658,0.84200000,194.08000000,0.791
1749267658,0.84300000,173.47000000,0.791
1749267658,0.84400000,109.44000000,0.791
1749267658,0.84500000,968.42000000,0.791
1749267658,0.84600000,12.99000000,0.791
1749267658,0.84700000,239.06000000,0.791
1749267658,0.84800000,60366.15000000,0.791
1749267658,0.84900000,197.47000000,0.791
