timestamp,price,volume,current_price
1749254507,0.77300000,31895.38000000,0.773
1749254507,0.77400000,41583.36000000,0.773
1749254507,0.77500000,35846.93000000,0.773
1749254507,0.77600000,22595.54000000,0.773
1749254507,0.77700000,10732.06000000,0.773
1749254507,0.77800000,31826.29000000,0.773
1749254507,0.77900000,13603.75000000,0.773
1749254507,0.78000000,12343.83000000,0.773
1749254507,0.78100000,4791.19000000,0.773
1749254507,0.78200000,6441.90000000,0.773
1749254507,0.78300000,5033.00000000,0.773
1749254507,0.78400000,2934.83000000,0.773
1749254507,0.78500000,2691.51000000,0.773
1749254507,0.78600000,10754.39000000,0.773
1749254507,0.78700000,1922.50000000,0.773
1749254507,0.78800000,2914.07000000,0.773
1749254507,0.78900000,3010.98000000,0.773
1749254507,0.79000000,15788.42000000,0.773
1749254507,0.79100000,1131.08000000,0.773
1749254507,0.79200000,2925.02000000,0.773
1749254507,0.79300000,1258.68000000,0.773
1749254507,0.79400000,3790.77000000,0.773
1749254507,0.79500000,2781.03000000,0.773
1749254507,0.79600000,1727.51000000,0.773
1749254507,0.79700000,51144.12000000,0.773
1749254507,0.79800000,2932.94000000,0.773
1749254507,0.79900000,8656.37000000,0.773
1749254507,0.80000000,6115.97000000,0.773
1749254507,0.80100000,1926.71000000,0.773
1749254507,0.80200000,1458.81000000,0.773
1749254507,0.80300000,1792.33000000,0.773
1749254507,0.80400000,1134.77000000,0.773
1749254507,0.80500000,99.82000000,0.773
1749254507,0.80600000,1496.92000000,0.773
1749254507,0.80700000,2274.79000000,0.773
1749254507,0.80800000,3343.09000000,0.773
1749254507,0.80900000,1407.16000000,0.773
1749254507,0.81000000,3961.20000000,0.773
1749254507,0.81100000,6591.23000000,0.773
1749254507,0.81200000,499.55000000,0.773
1749254507,0.81300000,401.42000000,0.773
1749254507,0.81400000,114.53000000,0.773
1749254507,0.81500000,866.45000000,0.773
1749254507,0.81600000,19.33000000,0.773
1749254507,0.81700000,1307.91000000,0.773
1749254507,0.81800000,6374.44000000,0.773
1749254507,0.81900000,420.69000000,0.773
1749254507,0.82000000,3859.81000000,0.773
1749254507,0.82100000,1725.06000000,0.773
1749254507,0.82200000,3283.11000000,0.773
1749254507,0.82300000,1942.30000000,0.773
1749254507,0.82400000,120.31000000,0.773
1749254507,0.82500000,157.60000000,0.773
1749254507,0.82600000,4637.77000000,0.773
1749254507,0.82700000,122.45000000,0.773
1749254507,0.82800000,157.35000000,0.773
1749254507,0.82900000,128.60000000,0.773
1749254507,0.83000000,3352.25000000,0.773
1749254507,0.83100000,64.26000000,0.773
1749254507,0.83200000,59.68000000,0.773
1749254507,0.83300000,125.73000000,0.773
1749254507,0.83400000,135.83000000,0.773
1749254507,0.83500000,21998.63000000,0.773
1749254507,0.83600000,132.75000000,0.773
1749254507,0.83700000,112.54000000,0.773
1749254507,0.83800000,878.95000000,0.773
1749254507,0.83900000,571.94000000,0.773
1749254507,0.84000000,27269.98000000,0.773
1749254507,0.84100000,374.20000000,0.773
1749254507,0.84200000,312.84000000,0.773
1749254507,0.84300000,173.47000000,0.773
1749254507,0.84400000,109.44000000,0.773
1749254507,0.84500000,961.42000000,0.773
1749254507,0.84600000,12.99000000,0.773
1749254507,0.84700000,116.17000000,0.773
1749254507,0.84800000,60349.66000000,0.773
1749254507,0.84900000,184.54000000,0.773
1749254507,0.85000000,16492.13000000,0.773
1749254507,0.85100000,67.47000000,0.773
1749254507,0.85200000,1712.10000000,0.773
1749254507,0.85300000,1018.83000000,0.773
1749254507,0.85400000,42.32000000,0.773
1749254507,0.85500000,849.19000000,0.773
1749254507,0.85600000,60.88000000,0.773
1749254507,0.85700000,132.53000000,0.773
1749254507,0.85800000,328.30000000,0.773
1749254507,0.85900000,2524.78000000,0.773
1749254507,0.86000000,14686.61000000,0.773
1749254507,0.86100000,3771.25000000,0.773
1749254507,0.86200000,10.21000000,0.773
1749254507,0.86300000,21.08000000,0.773
1749254507,0.86400000,380.59000000,0.773
1749254507,0.86500000,280.92000000,0.773
1749254507,0.86600000,4690.03000000,0.773
1749254507,0.86700000,70.63000000,0.773
1749254507,0.86800000,1448.37000000,0.773
1749254507,0.86900000,10.00000000,0.773
1749254507,0.87000000,8684.05000000,0.773
1749254507,0.87100000,21.23000000,0.773
1749254507,0.87200000,3671.64000000,0.773
1749254814,0.77400000,7234.24000000,0.773
1749254814,0.77500000,27617.67000000,0.773
1749254814,0.77600000,42224.33000000,0.773
1749254814,0.77700000,24964.34000000,0.773
1749254814,0.77800000,25410.22000000,0.773
1749254814,0.77900000,12648.57000000,0.773
1749254814,0.78000000,20302.79000000,0.773
1749254814,0.78100000,16797.71000000,0.773
1749254814,0.78200000,6409.54000000,0.773
1749254814,0.78300000,5000.64000000,0.773
1749254814,0.78400000,2941.85000000,0.773
1749254814,0.78500000,1678.86000000,0.773
1749254814,0.78600000,5754.39000000,0.773
1749254814,0.78700000,2934.80000000,0.773
1749254814,0.78800000,7914.07000000,0.773
1749254814,0.78900000,3010.98000000,0.773
1749254814,0.79000000,15788.42000000,0.773
1749254814,0.79100000,1131.08000000,0.773
1749254814,0.79200000,2925.02000000,0.773
1749254814,0.79300000,1258.68000000,0.773
1749254814,0.79400000,3790.77000000,0.773
1749254814,0.79500000,2781.03000000,0.773
1749254814,0.79600000,1664.62000000,0.773
1749254814,0.79700000,51144.12000000,0.773
1749254814,0.79800000,2301.35000000,0.773
1749254814,0.79900000,8656.37000000,0.773
1749254814,0.80000000,6747.56000000,0.773
1749254814,0.80100000,1926.71000000,0.773
1749254814,0.80200000,1458.81000000,0.773
1749254814,0.80300000,1792.33000000,0.773
1749254814,0.80400000,1134.77000000,0.773
1749254814,0.80500000,99.82000000,0.773
1749254814,0.80600000,1496.92000000,0.773
1749254814,0.80700000,1126.17000000,0.773
1749254814,0.80800000,3343.09000000,0.773
1749254814,0.80900000,1407.16000000,0.773
1749254814,0.81000000,5109.82000000,0.773
1749254814,0.81100000,7658.90000000,0.773
1749254814,0.81200000,499.55000000,0.773
1749254814,0.81300000,401.42000000,0.773
1749254814,0.81400000,126.81000000,0.773
1749254814,0.81500000,866.45000000,0.773
1749254814,0.81600000,19.33000000,0.773
1749254814,0.81700000,1307.91000000,0.773
1749254814,0.81800000,6374.44000000,0.773
1749254814,0.81900000,420.69000000,0.773
1749254814,0.82000000,3859.81000000,0.773
1749254814,0.82100000,1725.06000000,0.773
1749254814,0.82200000,3283.11000000,0.773
1749254814,0.82300000,1942.30000000,0.773
1749254814,0.82400000,120.31000000,0.773
1749254814,0.82500000,157.60000000,0.773
1749254814,0.82600000,4637.77000000,0.773
1749254814,0.82700000,122.45000000,0.773
1749254814,0.82800000,157.35000000,0.773
1749254814,0.82900000,128.60000000,0.773
1749254814,0.83000000,3352.25000000,0.773
1749254814,0.83100000,64.26000000,0.773
1749254814,0.83200000,59.68000000,0.773
1749254814,0.83300000,125.73000000,0.773
1749254814,0.83400000,135.83000000,0.773
1749254814,0.83500000,21998.63000000,0.773
1749254814,0.83600000,132.75000000,0.773
1749254814,0.83700000,112.54000000,0.773
1749254814,0.83800000,878.95000000,0.773
1749254814,0.83900000,441.75000000,0.773
1749254814,0.84000000,27269.98000000,0.773
1749254814,0.84100000,374.20000000,0.773
1749254814,0.84200000,312.84000000,0.773
1749254814,0.84300000,173.47000000,0.773
1749254814,0.84400000,109.44000000,0.773
1749254814,0.84500000,961.42000000,0.773
1749254814,0.84600000,12.99000000,0.773
1749254814,0.84700000,309.25000000,0.773
1749254814,0.84800000,60349.66000000,0.773
1749254814,0.84900000,197.48000000,0.773
1749254814,0.85000000,16492.13000000,0.773
1749254814,0.85100000,67.47000000,0.773
1749254814,0.85200000,1712.10000000,0.773
1749254814,0.85300000,1018.83000000,0.773
1749254814,0.85400000,42.32000000,0.773
1749254814,0.85500000,849.19000000,0.773
1749254814,0.85600000,60.88000000,0.773
1749254814,0.85700000,132.53000000,0.773
1749254814,0.85800000,328.30000000,0.773
1749254814,0.85900000,2524.78000000,0.773
1749254814,0.86000000,14686.61000000,0.773
1749254814,0.86100000,3771.25000000,0.773
1749254814,0.86200000,10.21000000,0.773
1749254814,0.86300000,21.08000000,0.773
1749254814,0.86400000,380.59000000,0.773
1749254814,0.86500000,280.92000000,0.773
1749254814,0.86600000,4690.03000000,0.773
1749254814,0.86700000,70.63000000,0.773
1749254814,0.86800000,1448.37000000,0.773
1749254814,0.86900000,10.00000000,0.773
1749254814,0.87000000,8684.05000000,0.773
1749254814,0.87100000,21.23000000,0.773
1749254814,0.87200000,3671.64000000,0.773
1749254814,0.87300000,48.94000000,0.773
