timestamp,price,volume,current_price
1749260640,13.60000000,3516.56000000,13.59
1749260640,13.61000000,11581.30000000,13.59
1749260640,13.62000000,11069.41000000,13.59
1749260640,13.63000000,9652.75000000,13.59
1749260640,13.64000000,5109.33000000,13.59
1749260640,13.65000000,8560.65000000,13.59
1749260640,13.66000000,3417.24000000,13.59
1749260640,13.67000000,9209.18000000,13.59
1749260640,13.68000000,5572.76000000,13.59
1749260640,13.69000000,3209.39000000,13.59
1749260640,13.70000000,4172.43000000,13.59
1749260640,13.71000000,5127.38000000,13.59
1749260640,13.72000000,2272.46000000,13.59
1749260640,13.73000000,2522.72000000,13.59
1749260640,13.74000000,1861.58000000,13.59
1749260640,13.75000000,4217.19000000,13.59
1749260640,13.76000000,1035.37000000,13.59
1749260640,13.77000000,690.51000000,13.59
1749260640,13.78000000,872.44000000,13.59
1749260640,13.79000000,834.52000000,13.59
1749260640,13.80000000,789.86000000,13.59
1749260640,13.81000000,747.10000000,13.59
1749260640,13.82000000,505.90000000,13.59
1749260640,13.83000000,571.80000000,13.59
1749260640,13.84000000,563.17000000,13.59
1749260640,13.85000000,943.24000000,13.59
1749260640,13.86000000,552.90000000,13.59
1749260640,13.87000000,531.17000000,13.59
1749260640,13.88000000,613.95000000,13.59
1749260640,13.89000000,898.35000000,13.59
1749260640,13.90000000,830.68000000,13.59
1749260640,13.91000000,592.29000000,13.59
1749260640,13.92000000,432.51000000,13.59
1749260640,13.93000000,676.33000000,13.59
1749260640,13.94000000,414.32000000,13.59
1749260640,13.95000000,588.73000000,13.59
1749260640,13.96000000,450.96000000,13.59
1749260640,13.97000000,1056.05000000,13.59
1749260640,13.98000000,531.09000000,13.59
1749260640,13.99000000,478.63000000,13.59
1749260640,14.00000000,6153.86000000,13.59
1749260640,14.01000000,34.51000000,13.59
1749260640,14.02000000,31.85000000,13.59
1749260640,14.03000000,476.66000000,13.59
1749260640,14.04000000,331.84000000,13.59
1749260640,14.05000000,281.77000000,13.59
1749260640,14.06000000,59.83000000,13.59
1749260640,14.07000000,32.92000000,13.59
1749260640,14.08000000,262.85000000,13.59
1749260640,14.09000000,68.19000000,13.59
1749260640,14.10000000,684.43000000,13.59
1749260640,14.11000000,40.37000000,13.59
1749260640,14.12000000,32.78000000,13.59
1749260640,14.13000000,33.94000000,13.59
1749260640,14.14000000,1192.70000000,13.59
1749260640,14.15000000,14.95000000,13.59
1749260640,14.16000000,157.63000000,13.59
1749260640,14.17000000,54.65000000,13.59
1749260640,14.18000000,470.75000000,13.59
1749260640,14.19000000,447.55000000,13.59
1749260640,14.20000000,1692.70000000,13.59
1749260640,14.21000000,35.34000000,13.59
1749260640,14.22000000,293.35000000,13.59
1749260640,14.23000000,43.66000000,13.59
1749260640,14.24000000,93.07000000,13.59
1749260640,14.25000000,327.16000000,13.59
1749260640,14.26000000,338.43000000,13.59
1749260640,14.27000000,130.63000000,13.59
1749260640,14.28000000,106.05000000,13.59
1749260640,14.29000000,545.51000000,13.59
1749260640,14.30000000,697.23000000,13.59
1749260640,14.31000000,4.33000000,13.59
1749260640,14.32000000,31.16000000,13.59
1749260640,14.33000000,1165.11000000,13.59
1749260640,14.34000000,138.32000000,13.59
1749260640,14.35000000,986.76000000,13.59
1749260640,14.36000000,7431.12000000,13.59
1749260640,14.37000000,397.02000000,13.59
1749260640,14.38000000,275.38000000,13.59
1749260640,14.39000000,693.75000000,13.59
1749260640,14.40000000,1890.60000000,13.59
1749260640,14.41000000,131.53000000,13.59
1749260640,14.42000000,1722.38000000,13.59
1749260640,14.43000000,118.32000000,13.59
1749260640,14.44000000,135.18000000,13.59
1749260640,14.45000000,3016.51000000,13.59
1749260640,14.46000000,59.70000000,13.59
1749260640,14.47000000,70.67000000,13.59
1749260640,14.48000000,376.17000000,13.59
1749260640,14.49000000,624.50000000,13.59
1749260640,14.50000000,1450.84000000,13.59
1749260640,14.51000000,141.82000000,13.59
1749260640,14.52000000,236.99000000,13.59
1749260640,14.53000000,40.68000000,13.59
1749260640,14.54000000,22.18000000,13.59
1749260640,14.55000000,1862.86000000,13.59
1749260640,14.56000000,74.76000000,13.59
1749260640,14.57000000,17.12000000,13.59
1749260640,14.58000000,1355.42000000,13.59
1749260640,14.59000000,116.85000000,13.59
1749260943,13.61000000,3763.06000000,13.6
1749260943,13.62000000,12025.89000000,13.6
1749260943,13.63000000,12976.44000000,13.6
1749260943,13.64000000,12513.70000000,13.6
1749260943,13.65000000,8948.24000000,13.6
1749260943,13.66000000,10538.40000000,13.6
1749260943,13.67000000,3619.43000000,13.6
1749260943,13.68000000,4993.78000000,13.6
1749260943,13.69000000,9934.93000000,13.6
1749260943,13.70000000,3216.24000000,13.6
1749260943,13.71000000,4757.50000000,13.6
1749260943,13.72000000,4189.46000000,13.6
1749260943,13.73000000,2963.26000000,13.6
1749260943,13.74000000,2235.93000000,13.6
1749260943,13.75000000,3796.17000000,13.6
1749260943,13.76000000,1036.57000000,13.6
1749260943,13.77000000,746.38000000,13.6
1749260943,13.78000000,816.57000000,13.6
1749260943,13.79000000,834.52000000,13.6
1749260943,13.80000000,792.02000000,13.6
1749260943,13.81000000,715.73000000,13.6
1749260943,13.82000000,505.90000000,13.6
1749260943,13.83000000,572.49000000,13.6
1749260943,13.84000000,563.17000000,13.6
1749260943,13.85000000,976.20000000,13.6
1749260943,13.86000000,552.90000000,13.6
1749260943,13.87000000,531.17000000,13.6
1749260943,13.88000000,613.95000000,13.6
1749260943,13.89000000,898.35000000,13.6
1749260943,13.90000000,832.00000000,13.6
1749260943,13.91000000,592.29000000,13.6
1749260943,13.92000000,536.01000000,13.6
1749260943,13.93000000,461.38000000,13.6
1749260943,13.94000000,414.32000000,13.6
1749260943,13.95000000,589.18000000,13.6
1749260943,13.96000000,666.13000000,13.6
1749260943,13.97000000,1056.05000000,13.6
1749260943,13.98000000,531.09000000,13.6
1749260943,13.99000000,1934.23000000,13.6
1749260943,14.00000000,6525.64000000,13.6
1749260943,14.01000000,34.51000000,13.6
1749260943,14.02000000,31.85000000,13.6
1749260943,14.03000000,477.35000000,13.6
1749260943,14.04000000,331.84000000,13.6
1749260943,14.05000000,281.77000000,13.6
1749260943,14.06000000,59.83000000,13.6
1749260943,14.07000000,32.92000000,13.6
1749260943,14.08000000,262.85000000,13.6
1749260943,14.09000000,68.19000000,13.6
1749260943,14.10000000,685.12000000,13.6
1749260943,14.11000000,40.37000000,13.6
1749260943,14.12000000,32.78000000,13.6
1749260943,14.13000000,33.94000000,13.6
1749260943,14.14000000,1192.70000000,13.6
1749260943,14.15000000,14.95000000,13.6
1749260943,14.16000000,158.32000000,13.6
1749260943,14.17000000,54.65000000,13.6
1749260943,14.18000000,393.81000000,13.6
1749260943,14.19000000,447.55000000,13.6
1749260943,14.20000000,1692.70000000,13.6
1749260943,14.21000000,35.34000000,13.6
1749260943,14.22000000,370.29000000,13.6
1749260943,14.23000000,44.35000000,13.6
1749260943,14.24000000,93.07000000,13.6
1749260943,14.25000000,327.16000000,13.6
1749260943,14.26000000,338.43000000,13.6
1749260943,14.27000000,130.63000000,13.6
1749260943,14.28000000,106.05000000,13.6
1749260943,14.29000000,545.51000000,13.6
1749260943,14.30000000,697.92000000,13.6
1749260943,14.31000000,4.33000000,13.6
1749260943,14.32000000,31.51000000,13.6
1749260943,14.33000000,1165.11000000,13.6
1749260943,14.34000000,138.32000000,13.6
1749260943,14.35000000,986.76000000,13.6
1749260943,14.36000000,7432.55000000,13.6
1749260943,14.37000000,397.02000000,13.6
1749260943,14.38000000,275.38000000,13.6
1749260943,14.39000000,693.75000000,13.6
1749260943,14.40000000,1890.60000000,13.6
1749260943,14.41000000,131.53000000,13.6
1749260943,14.42000000,1722.38000000,13.6
1749260943,14.43000000,119.01000000,13.6
1749260943,14.44000000,135.18000000,13.6
1749260943,14.45000000,3016.51000000,13.6
1749260943,14.46000000,59.70000000,13.6
1749260943,14.47000000,70.67000000,13.6
1749260943,14.48000000,376.17000000,13.6
1749260943,14.49000000,624.50000000,13.6
1749260943,14.50000000,1451.53000000,13.6
1749260943,14.51000000,141.82000000,13.6
1749260943,14.52000000,236.99000000,13.6
1749260943,14.53000000,40.68000000,13.6
1749260943,14.54000000,22.18000000,13.6
1749260943,14.55000000,1862.86000000,13.6
1749260943,14.56000000,74.76000000,13.6
1749260943,14.57000000,17.12000000,13.6
1749260943,14.58000000,1355.42000000,13.6
1749260943,14.59000000,116.85000000,13.6
1749260943,14.60000000,1546.00000000,13.6
1749261244,13.60000000,4832.57000000,13.59
1749261244,13.61000000,11264.63000000,13.59
1749261244,13.62000000,10508.69000000,13.59
1749261244,13.63000000,11865.11000000,13.59
1749261244,13.64000000,8810.95000000,13.59
1749261244,13.65000000,4224.52000000,13.59
1749261244,13.66000000,8256.15000000,13.59
1749261244,13.67000000,9467.32000000,13.59
1749261244,13.68000000,5618.78000000,13.59
1749261244,13.69000000,3167.52000000,13.59
1749261244,13.70000000,3937.68000000,13.59
1749261244,13.71000000,4003.56000000,13.59
1749261244,13.72000000,4181.72000000,13.59
1749261244,13.73000000,3002.70000000,13.59
1749261244,13.74000000,2235.93000000,13.59
1749261244,13.75000000,4587.50000000,13.59
1749261244,13.76000000,1035.65000000,13.59
1749261244,13.77000000,746.38000000,13.59
1749261244,13.78000000,816.57000000,13.59
1749261244,13.79000000,1518.52000000,13.59
1749261244,13.80000000,792.02000000,13.59
1749261244,13.81000000,747.61000000,13.59
1749261244,13.82000000,505.90000000,13.59
1749261244,13.83000000,572.49000000,13.59
1749261244,13.84000000,563.17000000,13.59
1749261244,13.85000000,944.32000000,13.59
1749261244,13.86000000,552.90000000,13.59
1749261244,13.87000000,531.17000000,13.59
1749261244,13.88000000,613.95000000,13.59
1749261244,13.89000000,898.35000000,13.59
1749261244,13.90000000,832.00000000,13.59
1749261244,13.91000000,592.29000000,13.59
1749261244,13.92000000,432.51000000,13.59
1749261244,13.93000000,461.38000000,13.59
1749261244,13.94000000,414.32000000,13.59
1749261244,13.95000000,589.18000000,13.59
1749261244,13.96000000,666.13000000,13.59
1749261244,13.97000000,1056.05000000,13.59
1749261244,13.98000000,531.09000000,13.59
1749261244,13.99000000,478.63000000,13.59
1749261244,14.00000000,6003.09000000,13.59
1749261244,14.01000000,34.51000000,13.59
1749261244,14.02000000,31.85000000,13.59
1749261244,14.03000000,475.21000000,13.59
1749261244,14.04000000,331.84000000,13.59
1749261244,14.05000000,281.77000000,13.59
1749261244,14.06000000,59.83000000,13.59
1749261244,14.07000000,32.92000000,13.59
1749261244,14.08000000,262.85000000,13.59
1749261244,14.09000000,68.19000000,13.59
1749261244,14.10000000,685.12000000,13.59
1749261244,14.11000000,40.37000000,13.59
1749261244,14.12000000,32.78000000,13.59
1749261244,14.13000000,33.94000000,13.59
1749261244,14.14000000,1192.70000000,13.59
1749261244,14.15000000,14.95000000,13.59
1749261244,14.16000000,158.32000000,13.59
1749261244,14.17000000,54.65000000,13.59
1749261244,14.18000000,470.75000000,13.59
1749261244,14.19000000,447.55000000,13.59
1749261244,14.20000000,1692.70000000,13.59
1749261244,14.21000000,35.34000000,13.59
1749261244,14.22000000,293.35000000,13.59
1749261244,14.23000000,44.35000000,13.59
1749261244,14.24000000,93.07000000,13.59
1749261244,14.25000000,327.16000000,13.59
1749261244,14.26000000,338.43000000,13.59
1749261244,14.27000000,130.63000000,13.59
1749261244,14.28000000,106.05000000,13.59
1749261244,14.29000000,545.51000000,13.59
1749261244,14.30000000,697.92000000,13.59
1749261244,14.31000000,4.33000000,13.59
1749261244,14.32000000,31.16000000,13.59
1749261244,14.33000000,1165.11000000,13.59
1749261244,14.34000000,138.32000000,13.59
1749261244,14.35000000,986.76000000,13.59
1749261244,14.36000000,7431.81000000,13.59
1749261244,14.37000000,397.02000000,13.59
1749261244,14.38000000,275.38000000,13.59
1749261244,14.39000000,693.75000000,13.59
1749261244,14.40000000,1890.60000000,13.59
1749261244,14.41000000,131.53000000,13.59
1749261244,14.42000000,1722.38000000,13.59
1749261244,14.43000000,119.01000000,13.59
1749261244,14.44000000,135.18000000,13.59
1749261244,14.45000000,3016.51000000,13.59
1749261244,14.46000000,59.70000000,13.59
1749261244,14.47000000,70.67000000,13.59
1749261244,14.48000000,376.17000000,13.59
1749261244,14.49000000,624.50000000,13.59
1749261244,14.50000000,1451.53000000,13.59
1749261244,14.51000000,141.82000000,13.59
1749261244,14.52000000,236.99000000,13.59
1749261244,14.53000000,40.68000000,13.59
1749261244,14.54000000,22.18000000,13.59
1749261244,14.55000000,1862.86000000,13.59
1749261244,14.56000000,74.76000000,13.59
1749261244,14.57000000,17.12000000,13.59
1749261244,14.58000000,1355.42000000,13.59
1749261244,14.59000000,116.85000000,13.59
1749261545,13.61000000,4708.75000000,13.6
1749261545,13.62000000,12168.77000000,13.6
1749261545,13.63000000,13396.23000000,13.6
1749261545,13.64000000,11202.85000000,13.6
1749261545,13.65000000,5808.07000000,13.6
1749261545,13.66000000,8392.74000000,13.6
1749261545,13.67000000,9614.97000000,13.6
1749261545,13.68000000,4994.37000000,13.6
1749261545,13.69000000,3713.40000000,13.6
1749261545,13.70000000,3210.74000000,13.6
1749261545,13.71000000,3992.34000000,13.6
1749261545,13.72000000,4913.33000000,13.6
1749261545,13.73000000,2338.44000000,13.6
1749261545,13.74000000,2900.68000000,13.6
1749261545,13.75000000,3131.19000000,13.6
1749261545,13.76000000,1035.65000000,13.6
1749261545,13.77000000,746.38000000,13.6
1749261545,13.78000000,2272.17000000,13.6
1749261545,13.79000000,1518.52000000,13.6
1749261545,13.80000000,792.02000000,13.6
1749261545,13.81000000,599.19000000,13.6
1749261545,13.82000000,505.90000000,13.6
1749261545,13.83000000,572.49000000,13.6
1749261545,13.84000000,563.17000000,13.6
1749261545,13.85000000,944.32000000,13.6
1749261545,13.86000000,552.90000000,13.6
1749261545,13.87000000,531.17000000,13.6
1749261545,13.88000000,613.95000000,13.6
1749261545,13.89000000,898.35000000,13.6
1749261545,13.90000000,832.00000000,13.6
1749261545,13.91000000,592.29000000,13.6
1749261545,13.92000000,536.01000000,13.6
1749261545,13.93000000,461.38000000,13.6
1749261545,13.94000000,629.13000000,13.6
1749261545,13.95000000,589.18000000,13.6
1749261545,13.96000000,451.65000000,13.6
1749261545,13.97000000,1056.05000000,13.6
1749261545,13.98000000,531.09000000,13.6
1749261545,13.99000000,478.63000000,13.6
1749261545,14.00000000,6003.09000000,13.6
1749261545,14.01000000,34.51000000,13.6
1749261545,14.02000000,31.85000000,13.6
1749261545,14.03000000,475.21000000,13.6
1749261545,14.04000000,331.84000000,13.6
1749261545,14.05000000,281.77000000,13.6
1749261545,14.06000000,59.83000000,13.6
1749261545,14.07000000,32.92000000,13.6
1749261545,14.08000000,262.85000000,13.6
1749261545,14.09000000,68.19000000,13.6
1749261545,14.10000000,685.12000000,13.6
1749261545,14.11000000,40.37000000,13.6
1749261545,14.12000000,32.78000000,13.6
1749261545,14.13000000,33.94000000,13.6
1749261545,14.14000000,1192.70000000,13.6
1749261545,14.15000000,14.95000000,13.6
1749261545,14.16000000,158.32000000,13.6
1749261545,14.17000000,54.65000000,13.6
1749261545,14.18000000,470.75000000,13.6
1749261545,14.19000000,447.55000000,13.6
1749261545,14.20000000,1692.70000000,13.6
1749261545,14.21000000,34.96000000,13.6
1749261545,14.22000000,292.97000000,13.6
1749261545,14.23000000,43.97000000,13.6
1749261545,14.24000000,92.70000000,13.6
1749261545,14.25000000,326.79000000,13.6
1749261545,14.26000000,338.06000000,13.6
1749261545,14.27000000,130.26000000,13.6
1749261545,14.28000000,105.68000000,13.6
1749261545,14.29000000,545.14000000,13.6
1749261545,14.30000000,697.55000000,13.6
1749261545,14.31000000,3.96000000,13.6
1749261545,14.32000000,30.79000000,13.6
1749261545,14.33000000,1165.11000000,13.6
1749261545,14.34000000,138.32000000,13.6
1749261545,14.35000000,986.76000000,13.6
1749261545,14.36000000,7432.55000000,13.6
1749261545,14.37000000,397.02000000,13.6
1749261545,14.38000000,275.38000000,13.6
1749261545,14.39000000,693.75000000,13.6
1749261545,14.40000000,1890.60000000,13.6
1749261545,14.41000000,131.53000000,13.6
1749261545,14.42000000,1722.38000000,13.6
1749261545,14.43000000,119.01000000,13.6
1749261545,14.44000000,135.18000000,13.6
1749261545,14.45000000,3016.51000000,13.6
1749261545,14.46000000,59.70000000,13.6
1749261545,14.47000000,70.67000000,13.6
1749261545,14.48000000,376.17000000,13.6
1749261545,14.49000000,624.50000000,13.6
1749261545,14.50000000,1451.53000000,13.6
1749261545,14.51000000,141.82000000,13.6
1749261545,14.52000000,236.99000000,13.6
1749261545,14.53000000,40.68000000,13.6
1749261545,14.54000000,22.18000000,13.6
1749261545,14.55000000,1862.86000000,13.6
1749261545,14.56000000,74.76000000,13.6
1749261545,14.57000000,17.12000000,13.6
1749261545,14.58000000,1355.42000000,13.6
1749261545,14.59000000,116.85000000,13.6
1749261545,14.60000000,1546.00000000,13.6
1749261847,13.61000000,3467.59000000,13.6
1749261847,13.62000000,10071.96000000,13.6
1749261847,13.63000000,11581.67000000,13.6
1749261847,13.64000000,10830.48000000,13.6
1749261847,13.65000000,9366.19000000,13.6
1749261847,13.66000000,8525.68000000,13.6
1749261847,13.67000000,9626.14000000,13.6
1749261847,13.68000000,4997.87000000,13.6
1749261847,13.69000000,3713.40000000,13.6
1749261847,13.70000000,2472.16000000,13.6
1749261847,13.71000000,4067.01000000,13.6
1749261847,13.72000000,4909.53000000,13.6
1749261847,13.73000000,2338.44000000,13.6
1749261847,13.74000000,1307.01000000,13.6
1749261847,13.75000000,2989.32000000,13.6
1749261847,13.76000000,1035.65000000,13.6
1749261847,13.77000000,746.38000000,13.6
1749261847,13.78000000,816.57000000,13.6
1749261847,13.79000000,1518.52000000,13.6
1749261847,13.80000000,792.02000000,13.6
1749261847,13.81000000,599.19000000,13.6
1749261847,13.82000000,505.90000000,13.6
1749261847,13.83000000,572.49000000,13.6
1749261847,13.84000000,563.17000000,13.6
1749261847,13.85000000,944.32000000,13.6
1749261847,13.86000000,552.90000000,13.6
1749261847,13.87000000,531.17000000,13.6
1749261847,13.88000000,613.95000000,13.6
1749261847,13.89000000,898.35000000,13.6
1749261847,13.90000000,832.00000000,13.6
1749261847,13.91000000,592.29000000,13.6
1749261847,13.92000000,432.51000000,13.6
1749261847,13.93000000,461.38000000,13.6
1749261847,13.94000000,629.13000000,13.6
1749261847,13.95000000,589.18000000,13.6
1749261847,13.96000000,451.65000000,13.6
1749261847,13.97000000,1056.05000000,13.6
1749261847,13.98000000,531.09000000,13.6
1749261847,13.99000000,478.63000000,13.6
1749261847,14.00000000,6003.09000000,13.6
1749261847,14.01000000,34.51000000,13.6
1749261847,14.02000000,31.85000000,13.6
1749261847,14.03000000,475.21000000,13.6
1749261847,14.04000000,331.84000000,13.6
1749261847,14.05000000,281.77000000,13.6
1749261847,14.06000000,59.83000000,13.6
1749261847,14.07000000,32.92000000,13.6
1749261847,14.08000000,262.85000000,13.6
1749261847,14.09000000,68.19000000,13.6
1749261847,14.10000000,685.12000000,13.6
1749261847,14.11000000,40.37000000,13.6
1749261847,14.12000000,32.78000000,13.6
1749261847,14.13000000,33.94000000,13.6
1749261847,14.14000000,1192.70000000,13.6
1749261847,14.15000000,14.95000000,13.6
1749261847,14.16000000,158.32000000,13.6
1749261847,14.17000000,54.65000000,13.6
1749261847,14.18000000,470.75000000,13.6
1749261847,14.19000000,447.55000000,13.6
1749261847,14.20000000,1691.71000000,13.6
1749261847,14.21000000,35.34000000,13.6
1749261847,14.22000000,292.97000000,13.6
1749261847,14.23000000,43.97000000,13.6
1749261847,14.24000000,92.70000000,13.6
1749261847,14.25000000,326.79000000,13.6
1749261847,14.26000000,338.06000000,13.6
1749261847,14.27000000,130.26000000,13.6
1749261847,14.28000000,105.68000000,13.6
1749261847,14.29000000,545.14000000,13.6
1749261847,14.30000000,697.55000000,13.6
1749261847,14.31000000,3.96000000,13.6
1749261847,14.32000000,30.79000000,13.6
1749261847,14.33000000,1165.11000000,13.6
1749261847,14.34000000,138.32000000,13.6
1749261847,14.35000000,986.76000000,13.6
1749261847,14.36000000,7432.55000000,13.6
1749261847,14.37000000,397.02000000,13.6
1749261847,14.38000000,275.38000000,13.6
1749261847,14.39000000,693.75000000,13.6
1749261847,14.40000000,1890.60000000,13.6
1749261847,14.41000000,131.53000000,13.6
1749261847,14.42000000,1722.38000000,13.6
1749261847,14.43000000,119.01000000,13.6
1749261847,14.44000000,135.18000000,13.6
1749261847,14.45000000,3016.51000000,13.6
1749261847,14.46000000,59.70000000,13.6
1749261847,14.47000000,70.67000000,13.6
1749261847,14.48000000,376.17000000,13.6
1749261847,14.49000000,624.50000000,13.6
1749261847,14.50000000,1451.53000000,13.6
1749261847,14.51000000,141.82000000,13.6
1749261847,14.52000000,236.99000000,13.6
1749261847,14.53000000,40.68000000,13.6
1749261847,14.54000000,22.18000000,13.6
1749261847,14.55000000,1862.86000000,13.6
1749261847,14.56000000,74.76000000,13.6
1749261847,14.57000000,17.12000000,13.6
1749261847,14.58000000,1355.42000000,13.6
1749261847,14.59000000,116.85000000,13.6
1749261847,14.60000000,1546.00000000,13.6
1749262149,13.63000000,6605.17000000,13.62
1749262149,13.64000000,12033.28000000,13.62
1749262149,13.65000000,10851.65000000,13.62
1749262149,13.66000000,12682.04000000,13.62
1749262149,13.67000000,3627.76000000,13.62
1749262149,13.68000000,10127.22000000,13.62
1749262149,13.69000000,3314.71000000,13.62
1749262149,13.70000000,9986.51000000,13.62
1749262149,13.71000000,2965.67000000,13.62
1749262149,13.72000000,4909.94000000,13.62
1749262149,13.73000000,4094.40000000,13.62
1749262149,13.74000000,638.94000000,13.62
1749262149,13.75000000,2197.99000000,13.62
1749262149,13.76000000,1035.06000000,13.62
1749262149,13.77000000,746.38000000,13.62
1749262149,13.78000000,2272.17000000,13.62
1749262149,13.79000000,1518.52000000,13.62
1749262149,13.80000000,792.02000000,13.62
1749262149,13.81000000,599.19000000,13.62
1749262149,13.82000000,505.90000000,13.62
1749262149,13.83000000,572.49000000,13.62
1749262149,13.84000000,563.17000000,13.62
1749262149,13.85000000,944.32000000,13.62
1749262149,13.86000000,552.90000000,13.62
1749262149,13.87000000,531.17000000,13.62
1749262149,13.88000000,613.95000000,13.62
1749262149,13.89000000,898.35000000,13.62
1749262149,13.90000000,832.00000000,13.62
1749262149,13.91000000,592.29000000,13.62
1749262149,13.92000000,536.01000000,13.62
1749262149,13.93000000,564.88000000,13.62
1749262149,13.94000000,517.82000000,13.62
1749262149,13.95000000,834.72000000,13.62
1749262149,13.96000000,555.15000000,13.62
1749262149,13.97000000,1128.26000000,13.62
1749262149,13.98000000,600.78000000,13.62
1749262149,13.99000000,512.56000000,13.62
1749262149,14.00000000,6084.19000000,13.62
1749262149,14.01000000,52.48000000,13.62
1749262149,14.02000000,31.85000000,13.62
1749262149,14.03000000,475.21000000,13.62
1749262149,14.04000000,331.84000000,13.62
1749262149,14.05000000,281.77000000,13.62
1749262149,14.06000000,59.83000000,13.62
1749262149,14.07000000,32.92000000,13.62
1749262149,14.08000000,262.85000000,13.62
1749262149,14.09000000,68.19000000,13.62
1749262149,14.10000000,685.12000000,13.62
1749262149,14.11000000,40.37000000,13.62
1749262149,14.12000000,32.78000000,13.62
1749262149,14.13000000,33.94000000,13.62
1749262149,14.14000000,1192.70000000,13.62
1749262149,14.15000000,14.95000000,13.62
1749262149,14.16000000,157.61000000,13.62
1749262149,14.17000000,54.65000000,13.62
1749262149,14.18000000,470.75000000,13.62
1749262149,14.19000000,447.55000000,13.62
1749262149,14.20000000,1691.71000000,13.62
1749262149,14.21000000,35.34000000,13.62
1749262149,14.22000000,293.35000000,13.62
1749262149,14.23000000,44.35000000,13.62
1749262149,14.24000000,92.70000000,13.62
1749262149,14.25000000,326.08000000,13.62
1749262149,14.26000000,338.06000000,13.62
1749262149,14.27000000,130.26000000,13.62
1749262149,14.28000000,105.68000000,13.62
1749262149,14.29000000,545.14000000,13.62
1749262149,14.30000000,698.95000000,13.62
1749262149,14.31000000,3.96000000,13.62
1749262149,14.32000000,31.14000000,13.62
1749262149,14.33000000,1165.11000000,13.62
1749262149,14.34000000,138.32000000,13.62
1749262149,14.35000000,986.76000000,13.62
1749262149,14.36000000,7432.55000000,13.62
1749262149,14.37000000,397.76000000,13.62
1749262149,14.38000000,276.12000000,13.62
1749262149,14.39000000,693.75000000,13.62
1749262149,14.40000000,1890.60000000,13.62
1749262149,14.41000000,131.53000000,13.62
1749262149,14.42000000,1722.38000000,13.62
1749262149,14.43000000,119.01000000,13.62
1749262149,14.44000000,135.18000000,13.62
1749262149,14.45000000,3016.51000000,13.62
1749262149,14.46000000,59.70000000,13.62
1749262149,14.47000000,70.67000000,13.62
1749262149,14.48000000,376.17000000,13.62
1749262149,14.49000000,624.50000000,13.62
1749262149,14.50000000,1451.53000000,13.62
1749262149,14.51000000,141.82000000,13.62
1749262149,14.52000000,236.99000000,13.62
1749262149,14.53000000,40.68000000,13.62
1749262149,14.54000000,22.18000000,13.62
1749262149,14.55000000,1862.86000000,13.62
1749262149,14.56000000,74.76000000,13.62
1749262149,14.57000000,17.12000000,13.62
1749262149,14.58000000,1355.42000000,13.62
1749262149,14.59000000,116.85000000,13.62
1749262149,14.60000000,1546.00000000,13.62
1749262149,14.61000000,407.08000000,13.62
1749262149,14.62000000,228.83000000,13.62
1749262450,13.65000000,4630.37000000,13.64
1749262450,13.66000000,11434.10000000,13.64
1749262450,13.67000000,14156.62000000,13.64
1749262450,13.68000000,11251.71000000,13.64
1749262450,13.69000000,9308.24000000,13.64
1749262450,13.70000000,8607.05000000,13.64
1749262450,13.71000000,3035.50000000,13.64
1749262450,13.72000000,2955.03000000,13.64
1749262450,13.73000000,9808.01000000,13.64
1749262450,13.74000000,756.19000000,13.64
1749262450,13.75000000,2569.21000000,13.64
1749262450,13.76000000,3675.41000000,13.64
1749262450,13.77000000,746.38000000,13.64
1749262450,13.78000000,2270.91000000,13.64
1749262450,13.79000000,1374.14000000,13.64
1749262450,13.80000000,792.02000000,13.64
1749262450,13.81000000,567.31000000,13.64
1749262450,13.82000000,505.90000000,13.64
1749262450,13.83000000,716.95000000,13.64
1749262450,13.84000000,563.17000000,13.64
1749262450,13.85000000,976.20000000,13.64
1749262450,13.86000000,552.90000000,13.64
1749262450,13.87000000,531.17000000,13.64
1749262450,13.88000000,613.95000000,13.64
1749262450,13.89000000,865.69000000,13.64
1749262450,13.90000000,832.00000000,13.64
1749262450,13.91000000,592.29000000,13.64
1749262450,13.92000000,536.01000000,13.64
1749262450,13.93000000,597.54000000,13.64
1749262450,13.94000000,517.82000000,13.64
1749262450,13.95000000,620.07000000,13.64
1749262450,13.96000000,1993.14000000,13.64
1749262450,13.97000000,1128.26000000,13.64
1749262450,13.98000000,600.78000000,13.64
1749262450,13.99000000,826.96000000,13.64
1749262450,14.00000000,6474.20000000,13.64
1749262450,14.01000000,225.74000000,13.64
1749262450,14.02000000,102.95000000,13.64
1749262450,14.03000000,494.33000000,13.64
1749262450,14.04000000,331.84000000,13.64
1749262450,14.05000000,281.77000000,13.64
1749262450,14.06000000,59.83000000,13.64
1749262450,14.07000000,32.92000000,13.64
1749262450,14.08000000,185.66000000,13.64
1749262450,14.09000000,68.19000000,13.64
1749262450,14.10000000,685.12000000,13.64
1749262450,14.11000000,40.37000000,13.64
1749262450,14.12000000,109.97000000,13.64
1749262450,14.13000000,33.94000000,13.64
1749262450,14.14000000,1192.70000000,13.64
1749262450,14.15000000,14.95000000,13.64
1749262450,14.16000000,157.61000000,13.64
1749262450,14.17000000,54.65000000,13.64
1749262450,14.18000000,393.81000000,13.64
1749262450,14.19000000,447.55000000,13.64
1749262450,14.20000000,1691.71000000,13.64
1749262450,14.21000000,35.34000000,13.64
1749262450,14.22000000,370.29000000,13.64
1749262450,14.23000000,44.35000000,13.64
1749262450,14.24000000,93.07000000,13.64
1749262450,14.25000000,326.45000000,13.64
1749262450,14.26000000,338.06000000,13.64
1749262450,14.27000000,130.26000000,13.64
1749262450,14.28000000,105.68000000,13.64
1749262450,14.29000000,545.14000000,13.64
1749262450,14.30000000,698.95000000,13.64
1749262450,14.31000000,3.96000000,13.64
1749262450,14.32000000,31.14000000,13.64
1749262450,14.33000000,1165.11000000,13.64
1749262450,14.34000000,138.32000000,13.64
1749262450,14.35000000,986.76000000,13.64
1749262450,14.36000000,7432.55000000,13.64
1749262450,14.37000000,397.76000000,13.64
1749262450,14.38000000,276.12000000,13.64
1749262450,14.39000000,694.49000000,13.64
1749262450,14.40000000,1891.34000000,13.64
1749262450,14.41000000,131.53000000,13.64
1749262450,14.42000000,1722.38000000,13.64
1749262450,14.43000000,119.01000000,13.64
1749262450,14.44000000,135.18000000,13.64
1749262450,14.45000000,3016.51000000,13.64
1749262450,14.46000000,59.70000000,13.64
1749262450,14.47000000,70.67000000,13.64
1749262450,14.48000000,376.17000000,13.64
1749262450,14.49000000,624.50000000,13.64
1749262450,14.50000000,1451.53000000,13.64
1749262450,14.51000000,141.82000000,13.64
1749262450,14.52000000,236.99000000,13.64
1749262450,14.53000000,40.68000000,13.64
1749262450,14.54000000,22.18000000,13.64
1749262450,14.55000000,1862.86000000,13.64
1749262450,14.56000000,74.76000000,13.64
1749262450,14.57000000,17.12000000,13.64
1749262450,14.58000000,1355.42000000,13.64
1749262450,14.59000000,116.85000000,13.64
1749262450,14.60000000,1546.00000000,13.64
1749262450,14.61000000,407.08000000,13.64
1749262450,14.62000000,228.83000000,13.64
1749262450,14.63000000,13.56000000,13.64
1749262450,14.64000000,28.07000000,13.64
1749262752,13.67000000,4704.51000000,13.66
1749262752,13.68000000,13887.21000000,13.66
1749262752,13.69000000,13717.94000000,13.66
1749262752,13.70000000,12586.27000000,13.66
1749262752,13.71000000,5522.69000000,13.66
1749262752,13.72000000,7976.15000000,13.66
1749262752,13.73000000,1604.38000000,13.66
1749262752,13.74000000,7642.49000000,13.66
1749262752,13.75000000,1302.43000000,13.66
1749262752,13.76000000,3100.44000000,13.66
1749262752,13.77000000,2498.21000000,13.66
1749262752,13.78000000,2326.10000000,13.66
1749262752,13.79000000,1374.14000000,13.66
1749262752,13.80000000,791.55000000,13.66
1749262752,13.81000000,567.31000000,13.66
1749262752,13.82000000,505.90000000,13.66
1749262752,13.83000000,716.95000000,13.66
1749262752,13.84000000,563.17000000,13.66
1749262752,13.85000000,976.20000000,13.66
1749262752,13.86000000,552.90000000,13.66
1749262752,13.87000000,531.17000000,13.66
1749262752,13.88000000,613.95000000,13.66
1749262752,13.89000000,865.69000000,13.66
1749262752,13.90000000,832.00000000,13.66
1749262752,13.91000000,592.29000000,13.66
1749262752,13.92000000,536.01000000,13.66
1749262752,13.93000000,597.54000000,13.66
1749262752,13.94000000,517.82000000,13.66
1749262752,13.95000000,1284.34000000,13.66
1749262752,13.96000000,1993.50000000,13.66
1749262752,13.97000000,1128.26000000,13.66
1749262752,13.98000000,600.78000000,13.66
1749262752,13.99000000,826.96000000,13.66
1749262752,14.00000000,6467.20000000,13.66
1749262752,14.01000000,238.88000000,13.66
1749262752,14.02000000,219.43000000,13.66
1749262752,14.03000000,615.69000000,13.66
1749262752,14.04000000,331.84000000,13.66
1749262752,14.05000000,281.77000000,13.66
1749262752,14.06000000,59.83000000,13.66
1749262752,14.07000000,32.92000000,13.66
1749262752,14.08000000,185.66000000,13.66
1749262752,14.09000000,68.19000000,13.66
1749262752,14.10000000,685.12000000,13.66
1749262752,14.11000000,42.50000000,13.66
1749262752,14.12000000,109.97000000,13.66
1749262752,14.13000000,33.94000000,13.66
1749262752,14.14000000,1192.70000000,13.66
1749262752,14.15000000,14.95000000,13.66
1749262752,14.16000000,157.61000000,13.66
1749262752,14.17000000,54.65000000,13.66
1749262752,14.18000000,393.81000000,13.66
1749262752,14.19000000,447.55000000,13.66
1749262752,14.20000000,1691.71000000,13.66
1749262752,14.21000000,35.34000000,13.66
1749262752,14.22000000,370.29000000,13.66
1749262752,14.23000000,44.35000000,13.66
1749262752,14.24000000,93.07000000,13.66
1749262752,14.25000000,326.45000000,13.66
1749262752,14.26000000,338.43000000,13.66
1749262752,14.27000000,130.26000000,13.66
1749262752,14.28000000,105.68000000,13.66
1749262752,14.29000000,545.14000000,13.66
1749262752,14.30000000,698.95000000,13.66
1749262752,14.31000000,3.96000000,13.66
1749262752,14.32000000,31.84000000,13.66
1749262752,14.33000000,1166.51000000,13.66
1749262752,14.34000000,138.32000000,13.66
1749262752,14.35000000,986.76000000,13.66
1749262752,14.36000000,7431.85000000,13.66
1749262752,14.37000000,397.76000000,13.66
1749262752,14.38000000,276.12000000,13.66
1749262752,14.39000000,694.49000000,13.66
1749262752,14.40000000,1891.34000000,13.66
1749262752,14.41000000,131.57000000,13.66
1749262752,14.42000000,1723.12000000,13.66
1749262752,14.43000000,118.31000000,13.66
1749262752,14.44000000,135.18000000,13.66
1749262752,14.45000000,3016.51000000,13.66
1749262752,14.46000000,59.70000000,13.66
1749262752,14.47000000,70.67000000,13.66
1749262752,14.48000000,376.17000000,13.66
1749262752,14.49000000,624.50000000,13.66
1749262752,14.50000000,1451.53000000,13.66
1749262752,14.51000000,141.82000000,13.66
1749262752,14.52000000,236.99000000,13.66
1749262752,14.53000000,40.68000000,13.66
1749262752,14.54000000,22.18000000,13.66
1749262752,14.55000000,1862.86000000,13.66
1749262752,14.56000000,74.76000000,13.66
1749262752,14.57000000,17.12000000,13.66
1749262752,14.58000000,1355.42000000,13.66
1749262752,14.59000000,116.85000000,13.66
1749262752,14.60000000,1546.00000000,13.66
1749262752,14.61000000,407.08000000,13.66
1749262752,14.62000000,228.83000000,13.66
1749262752,14.63000000,13.56000000,13.66
1749262752,14.64000000,28.07000000,13.66
1749262752,14.65000000,1337.33000000,13.66
1749262752,14.66000000,48.40000000,13.66
1749263054,13.66000000,2789.42000000,13.65
1749263054,13.67000000,8343.43000000,13.65
1749263054,13.68000000,13355.21000000,13.65
1749263054,13.69000000,10441.02000000,13.65
1749263054,13.70000000,7678.32000000,13.65
1749263054,13.71000000,8679.70000000,13.65
1749263054,13.72000000,1528.72000000,13.65
1749263054,13.73000000,7551.20000000,13.65
1749263054,13.74000000,1437.95000000,13.65
1749263054,13.75000000,748.71000000,13.65
1749263054,13.76000000,1732.95000000,13.65
1749263054,13.77000000,3525.55000000,13.65
1749263054,13.78000000,2622.33000000,13.65
1749263054,13.79000000,2101.94000000,13.65
1749263054,13.80000000,791.55000000,13.65
1749263054,13.81000000,567.31000000,13.65
1749263054,13.82000000,505.90000000,13.65
1749263054,13.83000000,716.95000000,13.65
1749263054,13.84000000,563.17000000,13.65
1749263054,13.85000000,976.20000000,13.65
1749263054,13.86000000,552.90000000,13.65
1749263054,13.87000000,531.17000000,13.65
1749263054,13.88000000,613.95000000,13.65
1749263054,13.89000000,865.69000000,13.65
1749263054,13.90000000,832.00000000,13.65
1749263054,13.91000000,592.29000000,13.65
1749263054,13.92000000,536.01000000,13.65
1749263054,13.93000000,597.54000000,13.65
1749263054,13.94000000,517.82000000,13.65
1749263054,13.95000000,1284.34000000,13.65
1749263054,13.96000000,1993.50000000,13.65
1749263054,13.97000000,1128.26000000,13.65
1749263054,13.98000000,600.78000000,13.65
1749263054,13.99000000,612.94000000,13.65
1749263054,14.00000000,6467.20000000,13.65
1749263054,14.01000000,452.59000000,13.65
1749263054,14.02000000,219.43000000,13.65
1749263054,14.03000000,615.69000000,13.65
1749263054,14.04000000,331.84000000,13.65
1749263054,14.05000000,281.77000000,13.65
1749263054,14.06000000,59.83000000,13.65
1749263054,14.07000000,32.92000000,13.65
1749263054,14.08000000,185.66000000,13.65
1749263054,14.09000000,68.19000000,13.65
1749263054,14.10000000,685.12000000,13.65
1749263054,14.11000000,42.50000000,13.65
1749263054,14.12000000,109.97000000,13.65
1749263054,14.13000000,33.94000000,13.65
1749263054,14.14000000,1192.70000000,13.65
1749263054,14.15000000,14.95000000,13.65
1749263054,14.16000000,157.61000000,13.65
1749263054,14.17000000,54.65000000,13.65
1749263054,14.18000000,393.81000000,13.65
1749263054,14.19000000,447.55000000,13.65
1749263054,14.20000000,1691.71000000,13.65
1749263054,14.21000000,35.34000000,13.65
1749263054,14.22000000,370.29000000,13.65
1749263054,14.23000000,44.35000000,13.65
1749263054,14.24000000,93.07000000,13.65
1749263054,14.25000000,326.45000000,13.65
1749263054,14.26000000,338.43000000,13.65
1749263054,14.27000000,130.26000000,13.65
1749263054,14.28000000,105.68000000,13.65
1749263054,14.29000000,545.14000000,13.65
1749263054,14.30000000,698.95000000,13.65
1749263054,14.31000000,3.96000000,13.65
1749263054,14.32000000,31.84000000,13.65
1749263054,14.33000000,1166.51000000,13.65
1749263054,14.34000000,138.32000000,13.65
1749263054,14.35000000,986.76000000,13.65
1749263054,14.36000000,7431.85000000,13.65
1749263054,14.37000000,397.76000000,13.65
1749263054,14.38000000,276.12000000,13.65
1749263054,14.39000000,694.49000000,13.65
1749263054,14.40000000,1891.34000000,13.65
1749263054,14.41000000,131.57000000,13.65
1749263054,14.42000000,1722.38000000,13.65
1749263054,14.43000000,118.31000000,13.65
1749263054,14.44000000,135.18000000,13.65
1749263054,14.45000000,3016.51000000,13.65
1749263054,14.46000000,59.70000000,13.65
1749263054,14.47000000,70.67000000,13.65
1749263054,14.48000000,376.17000000,13.65
1749263054,14.49000000,624.50000000,13.65
1749263054,14.50000000,1451.53000000,13.65
1749263054,14.51000000,141.82000000,13.65
1749263054,14.52000000,236.99000000,13.65
1749263054,14.53000000,40.68000000,13.65
1749263054,14.54000000,22.18000000,13.65
1749263054,14.55000000,1862.86000000,13.65
1749263054,14.56000000,74.76000000,13.65
1749263054,14.57000000,17.12000000,13.65
1749263054,14.58000000,1355.42000000,13.65
1749263054,14.59000000,116.85000000,13.65
1749263054,14.60000000,1546.00000000,13.65
1749263054,14.61000000,407.08000000,13.65
1749263054,14.62000000,228.83000000,13.65
1749263054,14.63000000,13.56000000,13.65
1749263054,14.64000000,28.07000000,13.65
1749263054,14.65000000,1337.33000000,13.65
1749263355,13.69000000,3841.96000000,13.69
1749263355,13.70000000,13020.63000000,13.69
1749263355,13.71000000,10786.57000000,13.69
1749263355,13.72000000,10835.66000000,13.69
1749263355,13.73000000,8583.14000000,13.69
1749263355,13.74000000,1831.09000000,13.69
1749263355,13.75000000,1584.54000000,13.69
1749263355,13.76000000,7892.46000000,13.69
1749263355,13.77000000,3419.04000000,13.69
1749263355,13.78000000,886.03000000,13.69
1749263355,13.79000000,3124.20000000,13.69
1749263355,13.80000000,1531.52000000,13.69
1749263355,13.81000000,1355.67000000,13.69
1749263355,13.82000000,505.90000000,13.69
1749263355,13.83000000,572.04000000,13.69
1749263355,13.84000000,619.04000000,13.69
1749263355,13.85000000,944.32000000,13.69
1749263355,13.86000000,552.90000000,13.69
1749263355,13.87000000,673.67000000,13.69
1749263355,13.88000000,613.95000000,13.69
1749263355,13.89000000,897.57000000,13.69
1749263355,13.90000000,832.00000000,13.69
1749263355,13.91000000,592.29000000,13.69
1749263355,13.92000000,536.01000000,13.69
1749263355,13.93000000,564.88000000,13.69
1749263355,13.94000000,517.82000000,13.69
1749263355,13.95000000,1284.34000000,13.69
1749263355,13.96000000,1993.50000000,13.69
1749263355,13.97000000,1160.92000000,13.69
1749263355,13.98000000,600.78000000,13.69
1749263355,13.99000000,540.33000000,13.69
1749263355,14.00000000,6449.59000000,13.69
1749263355,14.01000000,564.98000000,13.69
1749263355,14.02000000,331.57000000,13.69
1749263355,14.03000000,653.75000000,13.69
1749263355,14.04000000,452.95000000,13.69
1749263355,14.05000000,385.27000000,13.69
1749263355,14.06000000,59.83000000,13.69
1749263355,14.07000000,32.92000000,13.69
1749263355,14.08000000,185.66000000,13.69
1749263355,14.09000000,68.19000000,13.69
1749263355,14.10000000,659.65000000,13.69
1749263355,14.11000000,40.37000000,13.69
1749263355,14.12000000,32.78000000,13.69
1749263355,14.13000000,33.94000000,13.69
1749263355,14.14000000,1192.70000000,13.69
1749263355,14.15000000,14.95000000,13.69
1749263355,14.16000000,234.80000000,13.69
1749263355,14.17000000,54.65000000,13.69
1749263355,14.18000000,393.81000000,13.69
1749263355,14.19000000,447.55000000,13.69
1749263355,14.20000000,1691.71000000,13.69
1749263355,14.21000000,35.34000000,13.69
1749263355,14.22000000,293.35000000,13.69
1749263355,14.23000000,44.35000000,13.69
1749263355,14.24000000,93.07000000,13.69
1749263355,14.25000000,326.45000000,13.69
1749263355,14.26000000,415.37000000,13.69
1749263355,14.27000000,130.63000000,13.69
1749263355,14.28000000,106.05000000,13.69
1749263355,14.29000000,545.14000000,13.69
1749263355,14.30000000,698.95000000,13.69
1749263355,14.31000000,3.96000000,13.69
1749263355,14.32000000,31.84000000,13.69
1749263355,14.33000000,1166.51000000,13.69
1749263355,14.34000000,138.32000000,13.69
1749263355,14.35000000,986.76000000,13.69
1749263355,14.36000000,7431.85000000,13.69
1749263355,14.37000000,397.76000000,13.69
1749263355,14.38000000,276.12000000,13.69
1749263355,14.39000000,694.49000000,13.69
1749263355,14.40000000,1891.34000000,13.69
1749263355,14.41000000,131.57000000,13.69
1749263355,14.42000000,1723.12000000,13.69
1749263355,14.43000000,119.05000000,13.69
1749263355,14.44000000,135.92000000,13.69
1749263355,14.45000000,3016.51000000,13.69
1749263355,14.46000000,59.70000000,13.69
1749263355,14.47000000,70.67000000,13.69
1749263355,14.48000000,376.17000000,13.69
1749263355,14.49000000,624.50000000,13.69
1749263355,14.50000000,1527.47000000,13.69
1749263355,14.51000000,141.82000000,13.69
1749263355,14.52000000,236.99000000,13.69
1749263355,14.53000000,40.68000000,13.69
1749263355,14.54000000,22.18000000,13.69
1749263355,14.55000000,1862.86000000,13.69
1749263355,14.56000000,74.76000000,13.69
1749263355,14.57000000,17.12000000,13.69
1749263355,14.58000000,1355.42000000,13.69
1749263355,14.59000000,116.85000000,13.69
1749263355,14.60000000,1546.00000000,13.69
1749263355,14.61000000,407.08000000,13.69
1749263355,14.62000000,228.83000000,13.69
1749263355,14.63000000,13.56000000,13.69
1749263355,14.64000000,28.07000000,13.69
1749263355,14.65000000,1337.33000000,13.69
1749263355,14.66000000,56.41000000,13.69
1749263355,14.67000000,391.44000000,13.69
1749263355,14.68000000,1512.14000000,13.69
1749263657,13.66000000,2525.66000000,13.65
1749263657,13.67000000,9730.12000000,13.65
1749263657,13.68000000,11539.78000000,13.65
1749263657,13.69000000,11971.62000000,13.65
1749263657,13.70000000,12084.25000000,13.65
1749263657,13.71000000,7002.47000000,13.65
1749263657,13.72000000,1342.99000000,13.65
1749263657,13.73000000,1363.44000000,13.65
1749263657,13.74000000,8226.24000000,13.65
1749263657,13.75000000,1500.27000000,13.65
1749263657,13.76000000,1770.50000000,13.65
1749263657,13.77000000,4608.59000000,13.65
1749263657,13.78000000,808.23000000,13.65
1749263657,13.79000000,689.69000000,13.65
1749263657,13.80000000,1464.01000000,13.65
1749263657,13.81000000,2811.27000000,13.65
1749263657,13.82000000,505.90000000,13.65
1749263657,13.83000000,716.80000000,13.65
1749263657,13.84000000,619.04000000,13.65
1749263657,13.85000000,944.32000000,13.65
1749263657,13.86000000,552.90000000,13.65
1749263657,13.87000000,529.82000000,13.65
1749263657,13.88000000,613.95000000,13.65
1749263657,13.89000000,897.57000000,13.65
1749263657,13.90000000,832.00000000,13.65
1749263657,13.91000000,592.29000000,13.65
1749263657,13.92000000,536.01000000,13.65
1749263657,13.93000000,597.54000000,13.65
1749263657,13.94000000,517.82000000,13.65
1749263657,13.95000000,620.07000000,13.65
1749263657,13.96000000,537.90000000,13.65
1749263657,13.97000000,1128.26000000,13.65
1749263657,13.98000000,584.86000000,13.65
1749263657,13.99000000,291.32000000,13.65
1749263657,14.00000000,6198.85000000,13.65
1749263657,14.01000000,351.69000000,13.65
1749263657,14.02000000,135.35000000,13.65
1749263657,14.03000000,475.21000000,13.65
1749263657,14.04000000,331.84000000,13.65
1749263657,14.05000000,281.77000000,13.65
1749263657,14.06000000,59.83000000,13.65
1749263657,14.07000000,32.92000000,13.65
1749263657,14.08000000,185.66000000,13.65
1749263657,14.09000000,68.19000000,13.65
1749263657,14.10000000,659.65000000,13.65
1749263657,14.11000000,40.37000000,13.65
1749263657,14.12000000,109.97000000,13.65
1749263657,14.13000000,33.94000000,13.65
1749263657,14.14000000,1192.70000000,13.65
1749263657,14.15000000,14.95000000,13.65
1749263657,14.16000000,157.61000000,13.65
1749263657,14.17000000,54.65000000,13.65
1749263657,14.18000000,393.81000000,13.65
1749263657,14.19000000,447.55000000,13.65
1749263657,14.20000000,1691.71000000,13.65
1749263657,14.21000000,35.34000000,13.65
1749263657,14.22000000,293.35000000,13.65
1749263657,14.23000000,44.35000000,13.65
1749263657,14.24000000,93.07000000,13.65
1749263657,14.25000000,326.45000000,13.65
1749263657,14.26000000,415.37000000,13.65
1749263657,14.27000000,130.63000000,13.65
1749263657,14.28000000,106.05000000,13.65
1749263657,14.29000000,545.14000000,13.65
1749263657,14.30000000,698.95000000,13.65
1749263657,14.31000000,3.26000000,13.65
1749263657,14.32000000,31.84000000,13.65
1749263657,14.33000000,1166.51000000,13.65
1749263657,14.34000000,138.32000000,13.65
1749263657,14.35000000,986.76000000,13.65
1749263657,14.36000000,7432.55000000,13.65
1749263657,14.37000000,397.76000000,13.65
1749263657,14.38000000,276.12000000,13.65
1749263657,14.39000000,694.49000000,13.65
1749263657,14.40000000,1891.34000000,13.65
1749263657,14.41000000,131.57000000,13.65
1749263657,14.42000000,1722.38000000,13.65
1749263657,14.43000000,118.31000000,13.65
1749263657,14.44000000,135.18000000,13.65
1749263657,14.45000000,3016.51000000,13.65
1749263657,14.46000000,59.70000000,13.65
1749263657,14.47000000,70.67000000,13.65
1749263657,14.48000000,376.17000000,13.65
1749263657,14.49000000,624.50000000,13.65
1749263657,14.50000000,1600.44000000,13.65
1749263657,14.51000000,141.82000000,13.65
1749263657,14.52000000,236.99000000,13.65
1749263657,14.53000000,40.68000000,13.65
1749263657,14.54000000,22.18000000,13.65
1749263657,14.55000000,1862.86000000,13.65
1749263657,14.56000000,74.76000000,13.65
1749263657,14.57000000,17.12000000,13.65
1749263657,14.58000000,1355.42000000,13.65
1749263657,14.59000000,116.85000000,13.65
1749263657,14.60000000,1546.00000000,13.65
1749263657,14.61000000,407.08000000,13.65
1749263657,14.62000000,228.83000000,13.65
1749263657,14.63000000,13.56000000,13.65
1749263657,14.64000000,28.07000000,13.65
1749263657,14.65000000,1337.33000000,13.65
1749263958,13.68000000,8352.17000000,13.68
1749263958,13.69000000,10546.29000000,13.68
1749263958,13.70000000,11370.51000000,13.68
1749263958,13.71000000,9838.21000000,13.68
1749263958,13.72000000,5235.26000000,13.68
1749263958,13.73000000,8577.24000000,13.68
1749263958,13.74000000,1807.11000000,13.68
1749263958,13.75000000,7535.24000000,13.68
1749263958,13.76000000,2339.58000000,13.68
1749263958,13.77000000,2925.73000000,13.68
1749263958,13.78000000,1536.80000000,13.68
1749263958,13.79000000,1716.61000000,13.68
1749263958,13.80000000,799.74000000,13.68
1749263958,13.81000000,1294.60000000,13.68
1749263958,13.82000000,1957.96000000,13.68
1749263958,13.83000000,627.91000000,13.68
1749263958,13.84000000,561.52000000,13.68
1749263958,13.85000000,943.74000000,13.68
1749263958,13.86000000,552.32000000,13.68
1749263958,13.87000000,674.36000000,13.68
1749263958,13.88000000,613.95000000,13.68
1749263958,13.89000000,897.57000000,13.68
1749263958,13.90000000,817.02000000,13.68
1749263958,13.91000000,592.29000000,13.68
1749263958,13.92000000,536.01000000,13.68
1749263958,13.93000000,596.97000000,13.68
1749263958,13.94000000,517.82000000,13.68
1749263958,13.95000000,620.07000000,13.68
1749263958,13.96000000,1993.50000000,13.68
1749263958,13.97000000,1112.17000000,13.68
1749263958,13.98000000,584.10000000,13.68
1749263958,13.99000000,528.00000000,13.68
1749263958,14.00000000,6545.31000000,13.68
1749263958,14.01000000,184.40000000,13.68
1749263958,14.02000000,248.42000000,13.68
1749263958,14.03000000,651.32000000,13.68
1749263958,14.04000000,435.34000000,13.68
1749263958,14.05000000,385.27000000,13.68
1749263958,14.06000000,59.83000000,13.68
1749263958,14.07000000,32.92000000,13.68
1749263958,14.08000000,185.66000000,13.68
1749263958,14.09000000,68.19000000,13.68
1749263958,14.10000000,659.65000000,13.68
1749263958,14.11000000,40.37000000,13.68
1749263958,14.12000000,109.97000000,13.68
1749263958,14.13000000,33.94000000,13.68
1749263958,14.14000000,1192.70000000,13.68
1749263958,14.15000000,14.95000000,13.68
1749263958,14.16000000,157.61000000,13.68
1749263958,14.17000000,54.65000000,13.68
1749263958,14.18000000,393.81000000,13.68
1749263958,14.19000000,447.55000000,13.68
1749263958,14.20000000,1691.01000000,13.68
1749263958,14.21000000,35.34000000,13.68
1749263958,14.22000000,293.35000000,13.68
1749263958,14.23000000,44.35000000,13.68
1749263958,14.24000000,93.07000000,13.68
1749263958,14.25000000,326.45000000,13.68
1749263958,14.26000000,415.37000000,13.68
1749263958,14.27000000,130.63000000,13.68
1749263958,14.28000000,106.05000000,13.68
1749263958,14.29000000,545.14000000,13.68
1749263958,14.30000000,698.95000000,13.68
1749263958,14.31000000,3.26000000,13.68
1749263958,14.32000000,31.84000000,13.68
1749263958,14.33000000,1166.51000000,13.68
1749263958,14.34000000,138.32000000,13.68
1749263958,14.35000000,986.76000000,13.68
1749263958,14.36000000,7432.55000000,13.68
1749263958,14.37000000,397.76000000,13.68
1749263958,14.38000000,276.12000000,13.68
1749263958,14.39000000,694.49000000,13.68
1749263958,14.40000000,1891.34000000,13.68
1749263958,14.41000000,131.57000000,13.68
1749263958,14.42000000,1723.12000000,13.68
1749263958,14.43000000,119.05000000,13.68
1749263958,14.44000000,135.18000000,13.68
1749263958,14.45000000,3016.51000000,13.68
1749263958,14.46000000,59.70000000,13.68
1749263958,14.47000000,70.67000000,13.68
1749263958,14.48000000,376.17000000,13.68
1749263958,14.49000000,624.50000000,13.68
1749263958,14.50000000,1600.44000000,13.68
1749263958,14.51000000,141.82000000,13.68
1749263958,14.52000000,236.99000000,13.68
1749263958,14.53000000,40.68000000,13.68
1749263958,14.54000000,22.18000000,13.68
1749263958,14.55000000,1862.86000000,13.68
1749263958,14.56000000,74.76000000,13.68
1749263958,14.57000000,17.12000000,13.68
1749263958,14.58000000,1355.42000000,13.68
1749263958,14.59000000,116.85000000,13.68
1749263958,14.60000000,1546.00000000,13.68
1749263958,14.61000000,407.08000000,13.68
1749263958,14.62000000,228.83000000,13.68
1749263958,14.63000000,13.56000000,13.68
1749263958,14.64000000,28.07000000,13.68
1749263958,14.65000000,1337.33000000,13.68
1749263958,14.66000000,56.41000000,13.68
1749263958,14.67000000,391.44000000,13.68
1749264260,13.63000000,2761.87000000,13.62
1749264260,13.64000000,9359.53000000,13.62
1749264260,13.65000000,12505.36000000,13.62
1749264260,13.66000000,8295.04000000,13.62
1749264260,13.67000000,3638.94000000,13.62
1749264260,13.68000000,6160.72000000,13.62
1749264260,13.69000000,7113.95000000,13.62
1749264260,13.70000000,1971.42000000,13.62
1749264260,13.71000000,6521.63000000,13.62
1749264260,13.72000000,1961.29000000,13.62
1749264260,13.73000000,7583.79000000,13.62
1749264260,13.74000000,1558.87000000,13.62
1749264260,13.75000000,1882.13000000,13.62
1749264260,13.76000000,1768.74000000,13.62
1749264260,13.77000000,2745.39000000,13.62
1749264260,13.78000000,1472.50000000,13.62
1749264260,13.79000000,2934.79000000,13.62
1749264260,13.80000000,799.74000000,13.62
1749264260,13.81000000,566.80000000,13.62
1749264260,13.82000000,505.90000000,13.62
1749264260,13.83000000,716.09000000,13.62
1749264260,13.84000000,561.52000000,13.62
1749264260,13.85000000,975.62000000,13.62
1749264260,13.86000000,552.32000000,13.62
1749264260,13.87000000,529.82000000,13.62
1749264260,13.88000000,613.95000000,13.62
1749264260,13.89000000,865.69000000,13.62
1749264260,13.90000000,817.02000000,13.62
1749264260,13.91000000,592.29000000,13.62
1749264260,13.92000000,536.01000000,13.62
1749264260,13.93000000,596.97000000,13.62
1749264260,13.94000000,517.82000000,13.62
1749264260,13.95000000,620.07000000,13.62
1749264260,13.96000000,537.54000000,13.62
1749264260,13.97000000,769.67000000,13.62
1749264260,13.98000000,243.59000000,13.62
1749264260,13.99000000,261.39000000,13.62
1749264260,14.00000000,6197.17000000,13.62
1749264260,14.01000000,138.01000000,13.62
1749264260,14.02000000,245.39000000,13.62
1749264260,14.03000000,475.21000000,13.62
1749264260,14.04000000,331.84000000,13.62
1749264260,14.05000000,281.77000000,13.62
1749264260,14.06000000,59.83000000,13.62
1749264260,14.07000000,32.92000000,13.62
1749264260,14.08000000,185.66000000,13.62
1749264260,14.09000000,68.19000000,13.62
1749264260,14.10000000,659.65000000,13.62
1749264260,14.11000000,40.37000000,13.62
1749264260,14.12000000,109.97000000,13.62
1749264260,14.13000000,33.94000000,13.62
1749264260,14.14000000,1192.70000000,13.62
1749264260,14.15000000,14.95000000,13.62
1749264260,14.16000000,157.61000000,13.62
1749264260,14.17000000,54.65000000,13.62
1749264260,14.18000000,393.81000000,13.62
1749264260,14.19000000,447.55000000,13.62
1749264260,14.20000000,1691.01000000,13.62
1749264260,14.21000000,35.34000000,13.62
1749264260,14.22000000,370.29000000,13.62
1749264260,14.23000000,44.35000000,13.62
1749264260,14.24000000,93.07000000,13.62
1749264260,14.25000000,326.45000000,13.62
1749264260,14.26000000,338.43000000,13.62
1749264260,14.27000000,130.63000000,13.62
1749264260,14.28000000,106.05000000,13.62
1749264260,14.29000000,545.14000000,13.62
1749264260,14.30000000,698.25000000,13.62
1749264260,14.31000000,3.26000000,13.62
1749264260,14.32000000,31.84000000,13.62
1749264260,14.33000000,1166.51000000,13.62
1749264260,14.34000000,139.02000000,13.62
1749264260,14.35000000,986.76000000,13.62
1749264260,14.36000000,7432.55000000,13.62
1749264260,14.37000000,397.76000000,13.62
1749264260,14.38000000,276.12000000,13.62
1749264260,14.39000000,693.75000000,13.62
1749264260,14.40000000,1890.60000000,13.62
1749264260,14.41000000,130.83000000,13.62
1749264260,14.42000000,1722.38000000,13.62
1749264260,14.43000000,118.31000000,13.62
1749264260,14.44000000,135.18000000,13.62
1749264260,14.45000000,3016.51000000,13.62
1749264260,14.46000000,59.70000000,13.62
1749264260,14.47000000,70.67000000,13.62
1749264260,14.48000000,376.17000000,13.62
1749264260,14.49000000,624.50000000,13.62
1749264260,14.50000000,1600.44000000,13.62
1749264260,14.51000000,141.82000000,13.62
1749264260,14.52000000,236.99000000,13.62
1749264260,14.53000000,40.68000000,13.62
1749264260,14.54000000,22.18000000,13.62
1749264260,14.55000000,1862.86000000,13.62
1749264260,14.56000000,74.76000000,13.62
1749264260,14.57000000,17.12000000,13.62
1749264260,14.58000000,1355.42000000,13.62
1749264260,14.59000000,116.85000000,13.62
1749264260,14.60000000,1546.00000000,13.62
1749264260,14.61000000,407.08000000,13.62
1749264260,14.62000000,228.83000000,13.62
1749264564,13.66000000,3757.07000000,13.65
1749264564,13.67000000,10546.52000000,13.65
1749264564,13.68000000,10384.22000000,13.65
1749264564,13.69000000,11111.16000000,13.65
1749264564,13.70000000,2245.53000000,13.65
1749264564,13.71000000,14934.37000000,13.65
1749264564,13.72000000,1535.99000000,13.65
1749264564,13.73000000,1956.12000000,13.65
1749264564,13.74000000,906.10000000,13.65
1749264564,13.75000000,1650.07000000,13.65
1749264564,13.76000000,2062.87000000,13.65
1749264564,13.77000000,3465.88000000,13.65
1749264564,13.78000000,1472.50000000,13.65
1749264564,13.79000000,1479.19000000,13.65
1749264564,13.80000000,799.74000000,13.65
1749264564,13.81000000,566.80000000,13.65
1749264564,13.82000000,505.90000000,13.65
1749264564,13.83000000,718.27000000,13.65
1749264564,13.84000000,561.52000000,13.65
1749264564,13.85000000,975.62000000,13.65
1749264564,13.86000000,552.32000000,13.65
1749264564,13.87000000,529.82000000,13.65
1749264564,13.88000000,613.95000000,13.65
1749264564,13.89000000,865.69000000,13.65
1749264564,13.90000000,817.02000000,13.65
1749264564,13.91000000,592.29000000,13.65
1749264564,13.92000000,536.01000000,13.65
1749264564,13.93000000,596.97000000,13.65
1749264564,13.94000000,517.82000000,13.65
1749264564,13.95000000,620.07000000,13.65
1749264564,13.96000000,1993.14000000,13.65
1749264564,13.97000000,1332.49000000,13.65
1749264564,13.98000000,597.43000000,13.65
1749264564,13.99000000,368.15000000,13.65
1749264564,14.00000000,6197.17000000,13.65
1749264564,14.01000000,34.51000000,13.65
1749264564,14.02000000,135.35000000,13.65
1749264564,14.03000000,475.21000000,13.65
1749264564,14.04000000,331.84000000,13.65
1749264564,14.05000000,281.77000000,13.65
1749264564,14.06000000,59.83000000,13.65
1749264564,14.07000000,35.05000000,13.65
1749264564,14.08000000,185.66000000,13.65
1749264564,14.09000000,68.19000000,13.65
1749264564,14.10000000,659.65000000,13.65
1749264564,14.11000000,40.37000000,13.65
1749264564,14.12000000,109.97000000,13.65
1749264564,14.13000000,33.94000000,13.65
1749264564,14.14000000,1192.70000000,13.65
1749264564,14.15000000,14.95000000,13.65
1749264564,14.16000000,157.61000000,13.65
1749264564,14.17000000,54.65000000,13.65
1749264564,14.18000000,393.81000000,13.65
1749264564,14.19000000,447.55000000,13.65
1749264564,14.20000000,1691.01000000,13.65
1749264564,14.21000000,35.34000000,13.65
1749264564,14.22000000,370.29000000,13.65
1749264564,14.23000000,44.35000000,13.65
1749264564,14.24000000,93.07000000,13.65
1749264564,14.25000000,322.90000000,13.65
1749264564,14.26000000,338.43000000,13.65
1749264564,14.27000000,130.63000000,13.65
1749264564,14.28000000,106.05000000,13.65
1749264564,14.29000000,545.14000000,13.65
1749264564,14.30000000,697.55000000,13.65
1749264564,14.31000000,3.26000000,13.65
1749264564,14.32000000,31.14000000,13.65
1749264564,14.33000000,1167.91000000,13.65
1749264564,14.34000000,139.02000000,13.65
1749264564,14.35000000,986.76000000,13.65
1749264564,14.36000000,7432.55000000,13.65
1749264564,14.37000000,397.76000000,13.65
1749264564,14.38000000,276.12000000,13.65
1749264564,14.39000000,694.49000000,13.65
1749264564,14.40000000,1891.34000000,13.65
1749264564,14.41000000,131.57000000,13.65
1749264564,14.42000000,1722.38000000,13.65
1749264564,14.43000000,118.31000000,13.65
1749264564,14.44000000,135.18000000,13.65
1749264564,14.45000000,3016.51000000,13.65
1749264564,14.46000000,59.70000000,13.65
1749264564,14.47000000,70.67000000,13.65
1749264564,14.48000000,376.17000000,13.65
1749264564,14.49000000,624.50000000,13.65
1749264564,14.50000000,2069.99000000,13.65
1749264564,14.51000000,141.82000000,13.65
1749264564,14.52000000,236.99000000,13.65
1749264564,14.53000000,40.68000000,13.65
1749264564,14.54000000,22.18000000,13.65
1749264564,14.55000000,1862.86000000,13.65
1749264564,14.56000000,74.76000000,13.65
1749264564,14.57000000,17.12000000,13.65
1749264564,14.58000000,1355.42000000,13.65
1749264564,14.59000000,116.85000000,13.65
1749264564,14.60000000,1546.00000000,13.65
1749264564,14.61000000,407.08000000,13.65
1749264564,14.62000000,228.83000000,13.65
1749264564,14.63000000,13.56000000,13.65
1749264564,14.64000000,28.07000000,13.65
1749264564,14.65000000,1337.33000000,13.65
1749264866,13.72000000,4092.71000000,13.72
1749264866,13.73000000,11932.09000000,13.72
1749264866,13.74000000,9312.37000000,13.72
1749264866,13.75000000,10474.31000000,13.72
1749264866,13.76000000,8076.32000000,13.72
1749264866,13.77000000,12713.21000000,13.72
1749264866,13.78000000,1626.36000000,13.72
1749264866,13.79000000,1907.98000000,13.72
1749264866,13.80000000,961.93000000,13.72
1749264866,13.81000000,3455.14000000,13.72
1749264866,13.82000000,1750.72000000,13.72
1749264866,13.83000000,723.72000000,13.72
1749264866,13.84000000,1953.59000000,13.72
1749264866,13.85000000,1729.82000000,13.72
1749264866,13.86000000,552.32000000,13.72
1749264866,13.87000000,675.01000000,13.72
1749264866,13.88000000,615.77000000,13.72
1749264866,13.89000000,897.57000000,13.72
1749264866,13.90000000,817.02000000,13.72
1749264866,13.91000000,592.29000000,13.72
1749264866,13.92000000,536.01000000,13.72
1749264866,13.93000000,564.31000000,13.72
1749264866,13.94000000,517.82000000,13.72
1749264866,13.95000000,620.07000000,13.72
1749264866,13.96000000,1993.50000000,13.72
1749264866,13.97000000,1150.84000000,13.72
1749264866,13.98000000,597.43000000,13.72
1749264866,13.99000000,545.58000000,13.72
1749264866,14.00000000,6465.02000000,13.72
1749264866,14.01000000,475.57000000,13.72
1749264866,14.02000000,490.30000000,13.72
1749264866,14.03000000,1007.73000000,13.72
1749264866,14.04000000,808.57000000,13.72
1749264866,14.05000000,681.27000000,13.72
1749264866,14.06000000,285.57000000,13.72
1749264866,14.07000000,35.05000000,13.72
1749264866,14.08000000,289.16000000,13.72
1749264866,14.09000000,68.19000000,13.72
1749264866,14.10000000,659.65000000,13.72
1749264866,14.11000000,40.37000000,13.72
1749264866,14.12000000,32.78000000,13.72
1749264866,14.13000000,33.94000000,13.72
1749264866,14.14000000,1192.70000000,13.72
1749264866,14.15000000,14.95000000,13.72
1749264866,14.16000000,234.80000000,13.72
1749264866,14.17000000,54.65000000,13.72
1749264866,14.18000000,393.81000000,13.72
1749264866,14.19000000,447.55000000,13.72
1749264866,14.20000000,1691.01000000,13.72
1749264866,14.21000000,35.34000000,13.72
1749264866,14.22000000,293.35000000,13.72
1749264866,14.23000000,44.35000000,13.72
1749264866,14.24000000,93.07000000,13.72
1749264866,14.25000000,322.90000000,13.72
1749264866,14.26000000,415.37000000,13.72
1749264866,14.27000000,130.63000000,13.72
1749264866,14.28000000,106.05000000,13.72
1749264866,14.29000000,545.51000000,13.72
1749264866,14.30000000,697.92000000,13.72
1749264866,14.31000000,3.63000000,13.72
1749264866,14.32000000,31.14000000,13.72
1749264866,14.33000000,1167.91000000,13.72
1749264866,14.34000000,139.02000000,13.72
1749264866,14.35000000,986.76000000,13.72
1749264866,14.36000000,7432.55000000,13.72
1749264866,14.37000000,397.76000000,13.72
1749264866,14.38000000,276.12000000,13.72
1749264866,14.39000000,694.49000000,13.72
1749264866,14.40000000,1891.69000000,13.72
1749264866,14.41000000,131.57000000,13.72
1749264866,14.42000000,1723.12000000,13.72
1749264866,14.43000000,119.05000000,13.72
1749264866,14.44000000,135.92000000,13.72
1749264866,14.45000000,3017.25000000,13.72
1749264866,14.46000000,60.44000000,13.72
1749264866,14.47000000,71.41000000,13.72
1749264866,14.48000000,376.17000000,13.72
1749264866,14.49000000,624.50000000,13.72
1749264866,14.50000000,2069.99000000,13.72
1749264866,14.51000000,141.82000000,13.72
1749264866,14.52000000,236.99000000,13.72
1749264866,14.53000000,40.68000000,13.72
1749264866,14.54000000,22.18000000,13.72
1749264866,14.55000000,1862.86000000,13.72
1749264866,14.56000000,74.76000000,13.72
1749264866,14.57000000,17.12000000,13.72
1749264866,14.58000000,1355.42000000,13.72
1749264866,14.59000000,116.85000000,13.72
1749264866,14.60000000,1546.00000000,13.72
1749264866,14.61000000,407.08000000,13.72
1749264866,14.62000000,228.83000000,13.72
1749264866,14.63000000,13.56000000,13.72
1749264866,14.64000000,28.07000000,13.72
1749264866,14.65000000,1337.33000000,13.72
1749264866,14.66000000,56.41000000,13.72
1749264866,14.67000000,391.44000000,13.72
1749264866,14.68000000,1512.14000000,13.72
1749264866,14.69000000,31.31000000,13.72
1749264866,14.70000000,1798.51000000,13.72
1749264866,14.71000000,90.71000000,13.72
1749265168,13.73000000,3858.36000000,13.72
1749265168,13.74000000,13107.30000000,13.72
1749265168,13.75000000,11559.14000000,13.72
1749265168,13.76000000,10294.65000000,13.72
1749265168,13.77000000,7838.12000000,13.72
1749265168,13.78000000,1738.37000000,13.72
1749265168,13.79000000,6696.32000000,13.72
1749265168,13.80000000,1510.14000000,13.72
1749265168,13.81000000,7455.78000000,13.72
1749265168,13.82000000,1544.70000000,13.72
1749265168,13.83000000,1888.94000000,13.72
1749265168,13.84000000,1438.29000000,13.72
1749265168,13.85000000,4505.19000000,13.72
1749265168,13.86000000,552.32000000,13.72
1749265168,13.87000000,529.10000000,13.72
1749265168,13.88000000,605.77000000,13.72
1749265168,13.89000000,865.69000000,13.72
1749265168,13.90000000,889.82000000,13.72
1749265168,13.91000000,738.10000000,13.72
1749265168,13.92000000,536.01000000,13.72
1749265168,13.93000000,596.19000000,13.72
1749265168,13.94000000,517.82000000,13.72
1749265168,13.95000000,1505.00000000,13.72
1749265168,13.96000000,1993.50000000,13.72
1749265168,13.97000000,1150.84000000,13.72
1749265168,13.98000000,597.43000000,13.72
1749265168,13.99000000,545.58000000,13.72
1749265168,14.00000000,6465.02000000,13.72
1749265168,14.01000000,475.57000000,13.72
1749265168,14.02000000,490.30000000,13.72
1749265168,14.03000000,935.12000000,13.72
1749265168,14.04000000,785.06000000,13.72
1749265168,14.05000000,737.53000000,13.72
1749265168,14.06000000,381.95000000,13.72
1749265168,14.07000000,520.41000000,13.72
1749265168,14.08000000,306.77000000,13.72
1749265168,14.09000000,171.69000000,13.72
1749265168,14.10000000,659.65000000,13.72
1749265168,14.11000000,40.37000000,13.72
1749265168,14.12000000,32.78000000,13.72
1749265168,14.13000000,33.94000000,13.72
1749265168,14.14000000,1192.70000000,13.72
1749265168,14.15000000,14.95000000,13.72
1749265168,14.16000000,157.61000000,13.72
1749265168,14.17000000,54.65000000,13.72
1749265168,14.18000000,393.81000000,13.72
1749265168,14.19000000,449.67000000,13.72
1749265168,14.20000000,1761.62000000,13.72
1749265168,14.21000000,35.34000000,13.72
1749265168,14.22000000,293.35000000,13.72
1749265168,14.23000000,44.35000000,13.72
1749265168,14.24000000,93.07000000,13.72
1749265168,14.25000000,322.90000000,13.72
1749265168,14.26000000,338.43000000,13.72
1749265168,14.27000000,130.63000000,13.72
1749265168,14.28000000,106.05000000,13.72
1749265168,14.29000000,545.51000000,13.72
1749265168,14.30000000,774.86000000,13.72
1749265168,14.31000000,3.63000000,13.72
1749265168,14.32000000,31.51000000,13.72
1749265168,14.33000000,1168.28000000,13.72
1749265168,14.34000000,139.02000000,13.72
1749265168,14.35000000,986.76000000,13.72
1749265168,14.36000000,7431.85000000,13.72
1749265168,14.37000000,397.76000000,13.72
1749265168,14.38000000,276.12000000,13.72
1749265168,14.39000000,694.49000000,13.72
1749265168,14.40000000,1891.69000000,13.72
1749265168,14.41000000,131.57000000,13.72
1749265168,14.42000000,1723.82000000,13.72
1749265168,14.43000000,119.05000000,13.72
1749265168,14.44000000,135.92000000,13.72
1749265168,14.45000000,3017.25000000,13.72
1749265168,14.46000000,60.44000000,13.72
1749265168,14.47000000,71.41000000,13.72
1749265168,14.48000000,376.91000000,13.72
1749265168,14.49000000,624.50000000,13.72
1749265168,14.50000000,2069.99000000,13.72
1749265168,14.51000000,141.82000000,13.72
1749265168,14.52000000,236.99000000,13.72
1749265168,14.53000000,40.68000000,13.72
1749265168,14.54000000,22.18000000,13.72
1749265168,14.55000000,1862.86000000,13.72
1749265168,14.56000000,74.76000000,13.72
1749265168,14.57000000,17.12000000,13.72
1749265168,14.58000000,1355.42000000,13.72
1749265168,14.59000000,116.85000000,13.72
1749265168,14.60000000,1546.00000000,13.72
1749265168,14.61000000,407.08000000,13.72
1749265168,14.62000000,228.83000000,13.72
1749265168,14.63000000,13.56000000,13.72
1749265168,14.64000000,28.07000000,13.72
1749265168,14.65000000,1337.33000000,13.72
1749265168,14.66000000,56.41000000,13.72
1749265168,14.67000000,391.44000000,13.72
1749265168,14.68000000,1512.14000000,13.72
1749265168,14.69000000,31.31000000,13.72
1749265168,14.70000000,1798.51000000,13.72
1749265168,14.71000000,90.71000000,13.72
1749265168,14.72000000,170.81000000,13.72
1749265470,13.77000000,3341.22000000,13.76
1749265470,13.78000000,11515.70000000,13.76
1749265470,13.79000000,10245.72000000,13.76
1749265470,13.80000000,10127.26000000,13.76
1749265470,13.81000000,7294.76000000,13.76
1749265470,13.82000000,7709.49000000,13.76
1749265470,13.83000000,1563.67000000,13.76
1749265470,13.84000000,1969.19000000,13.76
1749265470,13.85000000,3257.18000000,13.76
1749265470,13.86000000,1808.33000000,13.76
1749265470,13.87000000,1409.14000000,13.76
1749265470,13.88000000,826.32000000,13.76
1749265470,13.89000000,2257.23000000,13.76
1749265470,13.90000000,2507.08000000,13.76
1749265470,13.91000000,1374.98000000,13.76
1749265470,13.92000000,536.73000000,13.76
1749265470,13.93000000,600.63000000,13.76
1749265470,13.94000000,517.82000000,13.76
1749265470,13.95000000,988.32000000,13.76
1749265470,13.96000000,569.64000000,13.76
1749265470,13.97000000,1118.73000000,13.76
1749265470,13.98000000,597.43000000,13.76
1749265470,13.99000000,547.02000000,13.76
1749265470,14.00000000,6298.07000000,13.76
1749265470,14.01000000,508.23000000,13.76
1749265470,14.02000000,490.30000000,13.76
1749265470,14.03000000,934.43000000,13.76
1749265470,14.04000000,644.05000000,13.76
1749265470,14.05000000,737.95000000,13.76
1749265470,14.06000000,513.41000000,13.76
1749265470,14.07000000,557.53000000,13.76
1749265470,14.08000000,653.97000000,13.76
1749265470,14.09000000,514.30000000,13.76
1749265470,14.10000000,927.82000000,13.76
1749265470,14.11000000,365.82000000,13.76
1749265470,14.12000000,32.78000000,13.76
1749265470,14.13000000,137.44000000,13.76
1749265470,14.14000000,1192.70000000,13.76
1749265470,14.15000000,14.95000000,13.76
1749265470,14.16000000,156.92000000,13.76
1749265470,14.17000000,54.65000000,13.76
1749265470,14.18000000,393.81000000,13.76
1749265470,14.19000000,449.67000000,13.76
1749265470,14.20000000,1761.62000000,13.76
1749265470,14.21000000,35.34000000,13.76
1749265470,14.22000000,293.35000000,13.76
1749265470,14.23000000,43.66000000,13.76
1749265470,14.24000000,93.07000000,13.76
1749265470,14.25000000,322.90000000,13.76
1749265470,14.26000000,30.25000000,13.76
1749265470,14.27000000,130.63000000,13.76
1749265470,14.28000000,106.05000000,13.76
1749265470,14.29000000,545.51000000,13.76
1749265470,14.30000000,774.17000000,13.76
1749265470,14.31000000,3.63000000,13.76
1749265470,14.32000000,31.51000000,13.76
1749265470,14.33000000,1168.28000000,13.76
1749265470,14.34000000,139.39000000,13.76
1749265470,14.35000000,987.13000000,13.76
1749265470,14.36000000,7431.53000000,13.76
1749265470,14.37000000,397.76000000,13.76
1749265470,14.38000000,276.12000000,13.76
1749265470,14.39000000,694.49000000,13.76
1749265470,14.40000000,1891.69000000,13.76
1749265470,14.41000000,131.57000000,13.76
1749265470,14.42000000,1723.82000000,13.76
1749265470,14.43000000,118.36000000,13.76
1749265470,14.44000000,135.92000000,13.76
1749265470,14.45000000,3017.25000000,13.76
1749265470,14.46000000,60.44000000,13.76
1749265470,14.47000000,71.41000000,13.76
1749265470,14.48000000,685.09000000,13.76
1749265470,14.49000000,625.23000000,13.76
1749265470,14.50000000,2070.03000000,13.76
1749265470,14.51000000,142.55000000,13.76
1749265470,14.52000000,237.72000000,13.76
1749265470,14.53000000,40.68000000,13.76
1749265470,14.54000000,22.18000000,13.76
1749265470,14.55000000,1862.86000000,13.76
1749265470,14.56000000,74.76000000,13.76
1749265470,14.57000000,17.12000000,13.76
1749265470,14.58000000,1355.42000000,13.76
1749265470,14.59000000,116.85000000,13.76
1749265470,14.60000000,1546.00000000,13.76
1749265470,14.61000000,407.08000000,13.76
1749265470,14.62000000,228.83000000,13.76
1749265470,14.63000000,13.56000000,13.76
1749265470,14.64000000,28.07000000,13.76
1749265470,14.65000000,1337.33000000,13.76
1749265470,14.66000000,56.41000000,13.76
1749265470,14.67000000,391.44000000,13.76
1749265470,14.68000000,1512.14000000,13.76
1749265470,14.69000000,31.31000000,13.76
1749265470,14.70000000,1798.51000000,13.76
1749265470,14.71000000,90.71000000,13.76
1749265470,14.72000000,170.81000000,13.76
1749265470,14.73000000,156.78000000,13.76
1749265470,14.74000000,57.29000000,13.76
1749265470,14.75000000,123.27000000,13.76
1749265470,14.76000000,44.84000000,13.76
1749265772,13.75000000,4263.96000000,13.75
1749265772,13.76000000,12307.43000000,13.75
1749265772,13.77000000,13062.49000000,13.75
1749265772,13.78000000,9801.96000000,13.75
1749265772,13.79000000,9592.24000000,13.75
1749265772,13.80000000,1787.93000000,13.75
1749265772,13.81000000,1672.08000000,13.75
1749265772,13.82000000,7542.13000000,13.75
1749265772,13.83000000,1489.39000000,13.75
1749265772,13.84000000,1995.90000000,13.75
1749265772,13.85000000,3177.00000000,13.75
1749265772,13.86000000,2454.18000000,13.75
1749265772,13.87000000,1405.34000000,13.75
1749265772,13.88000000,1611.13000000,13.75
1749265772,13.89000000,865.69000000,13.75
1749265772,13.90000000,1052.53000000,13.75
1749265772,13.91000000,592.29000000,13.75
1749265772,13.92000000,538.92000000,13.75
1749265772,13.93000000,600.63000000,13.75
1749265772,13.94000000,670.73000000,13.75
1749265772,13.95000000,1652.59000000,13.75
1749265772,13.96000000,2025.63000000,13.75
1749265772,13.97000000,1118.73000000,13.75
1749265772,13.98000000,597.43000000,13.75
1749265772,13.99000000,547.02000000,13.75
1749265772,14.00000000,6298.07000000,13.75
1749265772,14.01000000,508.23000000,13.75
1749265772,14.02000000,490.30000000,13.75
1749265772,14.03000000,934.43000000,13.75
1749265772,14.04000000,590.23000000,13.75
1749265772,14.05000000,737.95000000,13.75
1749265772,14.06000000,513.41000000,13.75
1749265772,14.07000000,557.53000000,13.75
1749265772,14.08000000,645.54000000,13.75
1749265772,14.09000000,345.87000000,13.75
1749265772,14.10000000,842.46000000,13.75
1749265772,14.11000000,356.15000000,13.75
1749265772,14.12000000,87.00000000,13.75
1749265772,14.13000000,33.94000000,13.75
1749265772,14.14000000,1192.70000000,13.75
1749265772,14.15000000,15.52000000,13.75
1749265772,14.16000000,156.92000000,13.75
1749265772,14.17000000,54.65000000,13.75
1749265772,14.18000000,393.81000000,13.75
1749265772,14.19000000,447.55000000,13.75
1749265772,14.20000000,1761.62000000,13.75
1749265772,14.21000000,35.34000000,13.75
1749265772,14.22000000,293.35000000,13.75
1749265772,14.23000000,43.66000000,13.75
1749265772,14.24000000,93.07000000,13.75
1749265772,14.25000000,324.13000000,13.75
1749265772,14.26000000,30.25000000,13.75
1749265772,14.27000000,130.63000000,13.75
1749265772,14.28000000,106.05000000,13.75
1749265772,14.29000000,545.51000000,13.75
1749265772,14.30000000,774.17000000,13.75
1749265772,14.31000000,3.63000000,13.75
1749265772,14.32000000,31.51000000,13.75
1749265772,14.33000000,750.88000000,13.75
1749265772,14.34000000,138.69000000,13.75
1749265772,14.35000000,987.13000000,13.75
1749265772,14.36000000,7431.53000000,13.75
1749265772,14.37000000,397.76000000,13.75
1749265772,14.38000000,276.12000000,13.75
1749265772,14.39000000,694.49000000,13.75
1749265772,14.40000000,1891.64000000,13.75
1749265772,14.41000000,131.57000000,13.75
1749265772,14.42000000,1725.02000000,13.75
1749265772,14.43000000,535.75000000,13.75
1749265772,14.44000000,137.32000000,13.75
1749265772,14.45000000,3017.25000000,13.75
1749265772,14.46000000,60.44000000,13.75
1749265772,14.47000000,71.41000000,13.75
1749265772,14.48000000,575.64000000,13.75
1749265772,14.49000000,625.23000000,13.75
1749265772,14.50000000,2070.03000000,13.75
1749265772,14.51000000,143.02000000,13.75
1749265772,14.52000000,236.99000000,13.75
1749265772,14.53000000,40.68000000,13.75
1749265772,14.54000000,22.18000000,13.75
1749265772,14.55000000,1862.86000000,13.75
1749265772,14.56000000,74.76000000,13.75
1749265772,14.57000000,17.12000000,13.75
1749265772,14.58000000,1355.42000000,13.75
1749265772,14.59000000,116.85000000,13.75
1749265772,14.60000000,1430.96000000,13.75
1749265772,14.61000000,407.08000000,13.75
1749265772,14.62000000,228.83000000,13.75
1749265772,14.63000000,13.56000000,13.75
1749265772,14.64000000,28.07000000,13.75
1749265772,14.65000000,1337.33000000,13.75
1749265772,14.66000000,56.41000000,13.75
1749265772,14.67000000,391.44000000,13.75
1749265772,14.68000000,1512.14000000,13.75
1749265772,14.69000000,31.31000000,13.75
1749265772,14.70000000,1798.51000000,13.75
1749265772,14.71000000,90.71000000,13.75
1749265772,14.72000000,170.81000000,13.75
1749265772,14.73000000,156.78000000,13.75
1749265772,14.74000000,57.29000000,13.75
1749266073,13.78000000,18.32000000,13.78
1749266073,13.79000000,8131.77000000,13.78
1749266073,13.80000000,12921.92000000,13.78
1749266073,13.81000000,12066.34000000,13.78
1749266073,13.82000000,7452.14000000,13.78
1749266073,13.83000000,6650.21000000,13.78
1749266073,13.84000000,1758.48000000,13.78
1749266073,13.85000000,8048.20000000,13.78
1749266073,13.86000000,1416.95000000,13.78
1749266073,13.87000000,751.38000000,13.78
1749266073,13.88000000,1701.41000000,13.78
1749266073,13.89000000,4803.22000000,13.78
1749266073,13.90000000,1054.63000000,13.78
1749266073,13.91000000,1256.56000000,13.78
1749266073,13.92000000,1321.05000000,13.78
1749266073,13.93000000,600.63000000,13.78
1749266073,13.94000000,672.91000000,13.78
1749266073,13.95000000,988.32000000,13.78
1749266073,13.96000000,1993.75000000,13.78
1749266073,13.97000000,1118.73000000,13.78
1749266073,13.98000000,597.98000000,13.78
1749266073,13.99000000,547.02000000,13.78
1749266073,14.00000000,6264.63000000,13.78
1749266073,14.01000000,475.57000000,13.78
1749266073,14.02000000,490.30000000,13.78
1749266073,14.03000000,934.43000000,13.78
1749266073,14.04000000,590.23000000,13.78
1749266073,14.05000000,770.61000000,13.78
1749266073,14.06000000,513.41000000,13.78
1749266073,14.07000000,484.92000000,13.78
1749266073,14.08000000,631.63000000,13.78
1749266073,14.09000000,512.97000000,13.78
1749266073,14.10000000,1102.93000000,13.78
1749266073,14.11000000,359.53000000,13.78
1749266073,14.12000000,488.03000000,13.78
1749266073,14.13000000,167.22000000,13.78
1749266073,14.14000000,1310.65000000,13.78
1749266073,14.15000000,17.77000000,13.78
1749266073,14.16000000,156.92000000,13.78
1749266073,14.17000000,55.08000000,13.78
1749266073,14.18000000,393.81000000,13.78
1749266073,14.19000000,447.55000000,13.78
1749266073,14.20000000,1684.43000000,13.78
1749266073,14.21000000,35.34000000,13.78
1749266073,14.22000000,293.35000000,13.78
1749266073,14.23000000,43.66000000,13.78
1749266073,14.24000000,170.26000000,13.78
1749266073,14.25000000,324.13000000,13.78
1749266073,14.26000000,30.25000000,13.78
1749266073,14.27000000,130.63000000,13.78
1749266073,14.28000000,106.05000000,13.78
1749266073,14.29000000,545.51000000,13.78
1749266073,14.30000000,697.23000000,13.78
1749266073,14.31000000,3.63000000,13.78
1749266073,14.32000000,31.51000000,13.78
1749266073,14.33000000,749.48000000,13.78
1749266073,14.34000000,216.34000000,13.78
1749266073,14.35000000,987.13000000,13.78
1749266073,14.36000000,7431.53000000,13.78
1749266073,14.37000000,398.13000000,13.78
1749266073,14.38000000,276.12000000,13.78
1749266073,14.39000000,694.49000000,13.78
1749266073,14.40000000,1891.64000000,13.78
1749266073,14.41000000,131.57000000,13.78
1749266073,14.42000000,1724.32000000,13.78
1749266073,14.43000000,535.75000000,13.78
1749266073,14.44000000,139.42000000,13.78
1749266073,14.45000000,3017.25000000,13.78
1749266073,14.46000000,60.44000000,13.78
1749266073,14.47000000,71.41000000,13.78
1749266073,14.48000000,575.64000000,13.78
1749266073,14.49000000,625.23000000,13.78
1749266073,14.50000000,2070.03000000,13.78
1749266073,14.51000000,143.75000000,13.78
1749266073,14.52000000,237.72000000,13.78
1749266073,14.53000000,41.41000000,13.78
1749266073,14.54000000,22.18000000,13.78
1749266073,14.55000000,1862.86000000,13.78
1749266073,14.56000000,74.76000000,13.78
1749266073,14.57000000,17.12000000,13.78
1749266073,14.58000000,1355.42000000,13.78
1749266073,14.59000000,116.85000000,13.78
1749266073,14.60000000,1430.96000000,13.78
1749266073,14.61000000,407.08000000,13.78
1749266073,14.62000000,228.83000000,13.78
1749266073,14.63000000,13.56000000,13.78
1749266073,14.64000000,28.07000000,13.78
1749266073,14.65000000,1337.33000000,13.78
1749266073,14.66000000,56.41000000,13.78
1749266073,14.67000000,391.44000000,13.78
1749266073,14.68000000,1512.14000000,13.78
1749266073,14.69000000,31.31000000,13.78
1749266073,14.70000000,1798.51000000,13.78
1749266073,14.71000000,90.71000000,13.78
1749266073,14.72000000,170.81000000,13.78
1749266073,14.73000000,156.78000000,13.78
1749266073,14.74000000,57.29000000,13.78
1749266073,14.75000000,123.27000000,13.78
1749266073,14.76000000,44.84000000,13.78
1749266073,14.77000000,290.89000000,13.78
1749266375,13.76000000,1879.69000000,13.75
1749266375,13.77000000,8745.48000000,13.75
1749266375,13.78000000,10662.72000000,13.75
1749266375,13.79000000,11114.17000000,13.75
1749266375,13.80000000,5986.72000000,13.75
1749266375,13.81000000,8558.18000000,13.75
1749266375,13.82000000,1680.12000000,13.75
1749266375,13.83000000,6334.38000000,13.75
1749266375,13.84000000,1974.04000000,13.75
1749266375,13.85000000,8121.27000000,13.75
1749266375,13.86000000,2289.66000000,13.75
1749266375,13.87000000,1702.79000000,13.75
1749266375,13.88000000,1584.28000000,13.75
1749266375,13.89000000,3062.23000000,13.75
1749266375,13.90000000,1867.87000000,13.75
1749266375,13.91000000,2042.62000000,13.75
1749266375,13.92000000,1321.05000000,13.75
1749266375,13.93000000,748.51000000,13.75
1749266375,13.94000000,672.91000000,13.75
1749266375,13.95000000,988.32000000,13.75
1749266375,13.96000000,539.20000000,13.75
1749266375,13.97000000,1118.73000000,13.75
1749266375,13.98000000,597.98000000,13.75
1749266375,13.99000000,547.57000000,13.75
1749266375,14.00000000,6265.18000000,13.75
1749266375,14.01000000,475.57000000,13.75
1749266375,14.02000000,490.30000000,13.75
1749266375,14.03000000,934.43000000,13.75
1749266375,14.04000000,590.23000000,13.75
1749266375,14.05000000,770.61000000,13.75
1749266375,14.06000000,513.41000000,13.75
1749266375,14.07000000,484.92000000,13.75
1749266375,14.08000000,631.63000000,13.75
1749266375,14.09000000,316.08000000,13.75
1749266375,14.10000000,890.87000000,13.75
1749266375,14.11000000,216.48000000,13.75
1749266375,14.12000000,420.24000000,13.75
1749266375,14.13000000,137.44000000,13.75
1749266375,14.14000000,1195.52000000,13.75
1749266375,14.15000000,15.52000000,13.75
1749266375,14.16000000,156.92000000,13.75
1749266375,14.17000000,55.08000000,13.75
1749266375,14.18000000,393.81000000,13.75
1749266375,14.19000000,447.55000000,13.75
1749266375,14.20000000,1684.43000000,13.75
1749266375,14.21000000,35.34000000,13.75
1749266375,14.22000000,293.35000000,13.75
1749266375,14.23000000,43.66000000,13.75
1749266375,14.24000000,170.26000000,13.75
1749266375,14.25000000,324.13000000,13.75
1749266375,14.26000000,30.25000000,13.75
1749266375,14.27000000,130.63000000,13.75
1749266375,14.28000000,106.05000000,13.75
1749266375,14.29000000,545.51000000,13.75
1749266375,14.30000000,697.23000000,13.75
1749266375,14.31000000,3.63000000,13.75
1749266375,14.32000000,31.51000000,13.75
1749266375,14.33000000,749.48000000,13.75
1749266375,14.34000000,216.34000000,13.75
1749266375,14.35000000,987.13000000,13.75
1749266375,14.36000000,7431.53000000,13.75
1749266375,14.37000000,398.13000000,13.75
1749266375,14.38000000,276.49000000,13.75
1749266375,14.39000000,694.86000000,13.75
1749266375,14.40000000,1891.64000000,13.75
1749266375,14.41000000,131.57000000,13.75
1749266375,14.42000000,1724.32000000,13.75
1749266375,14.43000000,535.75000000,13.75
1749266375,14.44000000,138.72000000,13.75
1749266375,14.45000000,3017.25000000,13.75
1749266375,14.46000000,60.44000000,13.75
1749266375,14.47000000,71.41000000,13.75
1749266375,14.48000000,576.34000000,13.75
1749266375,14.49000000,625.23000000,13.75
1749266375,14.50000000,2070.03000000,13.75
1749266375,14.51000000,143.75000000,13.75
1749266375,14.52000000,236.99000000,13.75
1749266375,14.53000000,40.68000000,13.75
1749266375,14.54000000,22.18000000,13.75
1749266375,14.55000000,1862.86000000,13.75
1749266375,14.56000000,74.76000000,13.75
1749266375,14.57000000,17.12000000,13.75
1749266375,14.58000000,1355.42000000,13.75
1749266375,14.59000000,116.85000000,13.75
1749266375,14.60000000,1445.50000000,13.75
1749266375,14.61000000,407.08000000,13.75
1749266375,14.62000000,228.83000000,13.75
1749266375,14.63000000,13.56000000,13.75
1749266375,14.64000000,28.07000000,13.75
1749266375,14.65000000,1337.33000000,13.75
1749266375,14.66000000,56.41000000,13.75
1749266375,14.67000000,391.44000000,13.75
1749266375,14.68000000,1512.14000000,13.75
1749266375,14.69000000,31.31000000,13.75
1749266375,14.70000000,1798.51000000,13.75
1749266375,14.71000000,90.71000000,13.75
1749266375,14.72000000,170.81000000,13.75
1749266375,14.73000000,156.78000000,13.75
1749266375,14.74000000,57.29000000,13.75
1749266375,14.75000000,123.27000000,13.75
1749266677,13.82000000,3297.16000000,13.81
1749266677,13.83000000,11192.21000000,13.81
1749266677,13.84000000,12572.69000000,13.81
1749266677,13.85000000,13223.90000000,13.81
1749266677,13.86000000,3893.03000000,13.81
1749266677,13.87000000,7031.96000000,13.81
1749266677,13.88000000,7771.19000000,13.81
1749266677,13.89000000,2410.60000000,13.81
1749266677,13.90000000,2136.20000000,13.81
1749266677,13.91000000,741.66000000,13.81
1749266677,13.92000000,2375.64000000,13.81
1749266677,13.93000000,2944.50000000,13.81
1749266677,13.94000000,672.91000000,13.81
1749266677,13.95000000,896.60000000,13.81
1749266677,13.96000000,2769.42000000,13.81
1749266677,13.97000000,1118.73000000,13.81
1749266677,13.98000000,597.98000000,13.81
1749266677,13.99000000,695.24000000,13.81
1749266677,14.00000000,6265.18000000,13.81
1749266677,14.01000000,476.12000000,13.81
1749266677,14.02000000,490.85000000,13.81
1749266677,14.03000000,934.43000000,13.81
1749266677,14.04000000,590.23000000,13.81
1749266677,14.05000000,770.61000000,13.81
1749266677,14.06000000,513.41000000,13.81
1749266677,14.07000000,484.92000000,13.81
1749266677,14.08000000,631.63000000,13.81
1749266677,14.09000000,516.17000000,13.81
1749266677,14.10000000,1108.00000000,13.81
1749266677,14.11000000,487.04000000,13.81
1749266677,14.12000000,760.97000000,13.81
1749266677,14.13000000,286.53000000,13.81
1749266677,14.14000000,1470.23000000,13.81
1749266677,14.15000000,127.03000000,13.81
1749266677,14.16000000,260.42000000,13.81
1749266677,14.17000000,158.58000000,13.81
1749266677,14.18000000,497.31000000,13.81
1749266677,14.19000000,447.55000000,13.81
1749266677,14.20000000,1684.43000000,13.81
1749266677,14.21000000,35.34000000,13.81
1749266677,14.22000000,293.35000000,13.81
1749266677,14.23000000,43.66000000,13.81
1749266677,14.24000000,170.26000000,13.81
1749266677,14.25000000,324.13000000,13.81
1749266677,14.26000000,30.25000000,13.81
1749266677,14.27000000,130.63000000,13.81
1749266677,14.28000000,106.05000000,13.81
1749266677,14.29000000,146.36000000,13.81
1749266677,14.30000000,697.23000000,13.81
1749266677,14.31000000,3.63000000,13.81
1749266677,14.32000000,31.51000000,13.81
1749266677,14.33000000,749.48000000,13.81
1749266677,14.34000000,139.40000000,13.81
1749266677,14.35000000,1386.28000000,13.81
1749266677,14.36000000,7431.53000000,13.81
1749266677,14.37000000,398.13000000,13.81
1749266677,14.38000000,353.43000000,13.81
1749266677,14.39000000,694.86000000,13.81
1749266677,14.40000000,1892.01000000,13.81
1749266677,14.41000000,131.94000000,13.81
1749266677,14.42000000,1724.32000000,13.81
1749266677,14.43000000,535.75000000,13.81
1749266677,14.44000000,138.72000000,13.81
1749266677,14.45000000,3017.25000000,13.81
1749266677,14.46000000,60.44000000,13.81
1749266677,14.47000000,72.61000000,13.81
1749266677,14.48000000,576.69000000,13.81
1749266677,14.49000000,216.12000000,13.81
1749266677,14.50000000,2090.01000000,13.81
1749266677,14.51000000,143.75000000,13.81
1749266677,14.52000000,237.72000000,13.81
1749266677,14.53000000,41.41000000,13.81
1749266677,14.54000000,22.91000000,13.81
1749266677,14.55000000,1863.59000000,13.81
1749266677,14.56000000,76.69000000,13.81
1749266677,14.57000000,17.85000000,13.81
1749266677,14.58000000,1355.42000000,13.81
1749266677,14.59000000,116.85000000,13.81
1749266677,14.60000000,1445.50000000,13.81
1749266677,14.61000000,407.08000000,13.81
1749266677,14.62000000,228.83000000,13.81
1749266677,14.63000000,13.56000000,13.81
1749266677,14.64000000,28.07000000,13.81
1749266677,14.65000000,1337.33000000,13.81
1749266677,14.66000000,56.41000000,13.81
1749266677,14.67000000,391.44000000,13.81
1749266677,14.68000000,1512.14000000,13.81
1749266677,14.69000000,31.31000000,13.81
1749266677,14.70000000,1798.51000000,13.81
1749266677,14.71000000,90.71000000,13.81
1749266677,14.72000000,170.81000000,13.81
1749266677,14.73000000,156.78000000,13.81
1749266677,14.74000000,57.29000000,13.81
1749266677,14.75000000,123.27000000,13.81
1749266677,14.76000000,44.84000000,13.81
1749266677,14.77000000,290.89000000,13.81
1749266677,14.78000000,41.45000000,13.81
1749266677,14.79000000,60.09000000,13.81
1749266677,14.80000000,2118.90000000,13.81
1749266677,14.81000000,32.89000000,13.81
1749266979,13.80000000,1568.79000000,13.79
1749266979,13.81000000,8414.90000000,13.79
1749266979,13.82000000,12561.54000000,13.79
1749266979,13.83000000,7761.99000000,13.79
1749266979,13.84000000,5776.34000000,13.79
1749266979,13.85000000,12126.97000000,13.79
1749266979,13.86000000,1945.13000000,13.79
1749266979,13.87000000,1474.38000000,13.79
1749266979,13.88000000,8122.57000000,13.79
1749266979,13.89000000,1692.68000000,13.79
1749266979,13.90000000,1927.38000000,13.79
1749266979,13.91000000,1754.87000000,13.79
1749266979,13.92000000,1420.74000000,13.79
1749266979,13.93000000,2908.18000000,13.79
1749266979,13.94000000,672.91000000,13.79
1749266979,13.95000000,3008.05000000,13.79
1749266979,13.96000000,1319.09000000,13.79
1749266979,13.97000000,1118.73000000,13.79
1749266979,13.98000000,597.98000000,13.79
1749266979,13.99000000,695.24000000,13.79
1749266979,14.00000000,6266.18000000,13.79
1749266979,14.01000000,476.12000000,13.79
1749266979,14.02000000,490.85000000,13.79
1749266979,14.03000000,934.43000000,13.79
1749266979,14.04000000,590.23000000,13.79
1749266979,14.05000000,770.61000000,13.79
1749266979,14.06000000,513.41000000,13.79
1749266979,14.07000000,484.92000000,13.79
1749266979,14.08000000,631.63000000,13.79
1749266979,14.09000000,516.17000000,13.79
1749266979,14.10000000,1108.00000000,13.79
1749266979,14.11000000,487.04000000,13.79
1749266979,14.12000000,1426.54000000,13.79
1749266979,14.13000000,141.78000000,13.79
1749266979,14.14000000,1299.02000000,13.79
1749266979,14.15000000,300.82000000,13.79
1749266979,14.16000000,278.03000000,13.79
1749266979,14.17000000,158.58000000,13.79
1749266979,14.18000000,497.31000000,13.79
1749266979,14.19000000,447.55000000,13.79
1749266979,14.20000000,1684.43000000,13.79
1749266979,14.21000000,35.34000000,13.79
1749266979,14.22000000,293.35000000,13.79
1749266979,14.23000000,43.66000000,13.79
1749266979,14.24000000,93.07000000,13.79
1749266979,14.25000000,324.13000000,13.79
1749266979,14.26000000,30.25000000,13.79
1749266979,14.27000000,130.63000000,13.79
1749266979,14.28000000,183.24000000,13.79
1749266979,14.29000000,146.36000000,13.79
1749266979,14.30000000,697.23000000,13.79
1749266979,14.31000000,3.63000000,13.79
1749266979,14.32000000,31.51000000,13.79
1749266979,14.33000000,749.48000000,13.79
1749266979,14.34000000,139.40000000,13.79
1749266979,14.35000000,1299.50000000,13.79
1749266979,14.36000000,7431.53000000,13.79
1749266979,14.37000000,398.13000000,13.79
1749266979,14.38000000,353.43000000,13.79
1749266979,14.39000000,694.86000000,13.79
1749266979,14.40000000,1892.01000000,13.79
1749266979,14.41000000,131.94000000,13.79
1749266979,14.42000000,1724.32000000,13.79
1749266979,14.43000000,535.05000000,13.79
1749266979,14.44000000,136.62000000,13.79
1749266979,14.45000000,3017.25000000,13.79
1749266979,14.46000000,60.44000000,13.79
1749266979,14.47000000,72.61000000,13.79
1749266979,14.48000000,578.09000000,13.79
1749266979,14.49000000,626.61000000,13.79
1749266979,14.50000000,2090.01000000,13.79
1749266979,14.51000000,143.75000000,13.79
1749266979,14.52000000,237.72000000,13.79
1749266979,14.53000000,41.41000000,13.79
1749266979,14.54000000,22.91000000,13.79
1749266979,14.55000000,1863.59000000,13.79
1749266979,14.56000000,75.96000000,13.79
1749266979,14.57000000,17.12000000,13.79
1749266979,14.58000000,1355.42000000,13.79
1749266979,14.59000000,116.85000000,13.79
1749266979,14.60000000,1445.50000000,13.79
1749266979,14.61000000,407.08000000,13.79
1749266979,14.62000000,228.83000000,13.79
1749266979,14.63000000,13.56000000,13.79
1749266979,14.64000000,28.07000000,13.79
1749266979,14.65000000,1337.33000000,13.79
1749266979,14.66000000,56.41000000,13.79
1749266979,14.67000000,391.44000000,13.79
1749266979,14.68000000,1512.14000000,13.79
1749266979,14.69000000,31.31000000,13.79
1749266979,14.70000000,1798.51000000,13.79
1749266979,14.71000000,90.71000000,13.79
1749266979,14.72000000,170.81000000,13.79
1749266979,14.73000000,156.78000000,13.79
1749266979,14.74000000,57.29000000,13.79
1749266979,14.75000000,123.27000000,13.79
1749266979,14.76000000,44.84000000,13.79
1749266979,14.77000000,290.89000000,13.79
1749266979,14.78000000,41.45000000,13.79
1749266979,14.79000000,60.09000000,13.79
1749267282,13.78000000,1608.41000000,13.77
1749267282,13.79000000,8685.07000000,13.77
1749267282,13.80000000,9919.72000000,13.77
1749267282,13.81000000,8469.39000000,13.77
1749267282,13.82000000,6594.12000000,13.77
1749267282,13.83000000,8883.20000000,13.77
1749267282,13.84000000,2070.11000000,13.77
1749267282,13.85000000,6230.19000000,13.77
1749267282,13.86000000,7584.31000000,13.77
1749267282,13.87000000,1943.44000000,13.77
1749267282,13.88000000,1450.66000000,13.77
1749267282,13.89000000,2777.26000000,13.77
1749267282,13.90000000,1773.74000000,13.77
1749267282,13.91000000,741.26000000,13.77
1749267282,13.92000000,1361.42000000,13.77
1749267282,13.93000000,2908.18000000,13.77
1749267282,13.94000000,672.91000000,13.77
1749267282,13.95000000,2491.86000000,13.77
1749267282,13.96000000,1319.09000000,13.77
1749267282,13.97000000,1126.48000000,13.77
1749267282,13.98000000,597.98000000,13.77
1749267282,13.99000000,547.57000000,13.77
1749267282,14.00000000,6412.50000000,13.77
1749267282,14.01000000,476.12000000,13.77
1749267282,14.02000000,490.85000000,13.77
1749267282,14.03000000,934.43000000,13.77
1749267282,14.04000000,590.23000000,13.77
1749267282,14.05000000,770.61000000,13.77
1749267282,14.06000000,513.41000000,13.77
1749267282,14.07000000,484.92000000,13.77
1749267282,14.08000000,631.63000000,13.77
1749267282,14.09000000,521.14000000,13.77
1749267282,14.10000000,950.70000000,13.77
1749267282,14.11000000,361.20000000,13.77
1749267282,14.12000000,1097.95000000,13.77
1749267282,14.13000000,136.44000000,13.77
1749267282,14.14000000,1299.02000000,13.77
1749267282,14.15000000,228.21000000,13.77
1749267282,14.16000000,156.92000000,13.77
1749267282,14.17000000,15.58000000,13.77
1749267282,14.18000000,393.81000000,13.77
1749267282,14.19000000,447.55000000,13.77
1749267282,14.20000000,1684.43000000,13.77
1749267282,14.21000000,35.34000000,13.77
1749267282,14.22000000,293.35000000,13.77
1749267282,14.23000000,43.66000000,13.77
1749267282,14.24000000,170.26000000,13.77
1749267282,14.25000000,313.12000000,13.77
1749267282,14.26000000,30.25000000,13.77
1749267282,14.27000000,130.63000000,13.77
1749267282,14.28000000,106.05000000,13.77
1749267282,14.29000000,146.36000000,13.77
1749267282,14.30000000,697.23000000,13.77
1749267282,14.31000000,3.63000000,13.77
1749267282,14.32000000,31.51000000,13.77
1749267282,14.33000000,749.48000000,13.77
1749267282,14.34000000,216.34000000,13.77
1749267282,14.35000000,1299.50000000,13.77
1749267282,14.36000000,7431.53000000,13.77
1749267282,14.37000000,398.13000000,13.77
1749267282,14.38000000,276.49000000,13.77
1749267282,14.39000000,694.86000000,13.77
1749267282,14.40000000,1892.01000000,13.77
1749267282,14.41000000,131.94000000,13.77
1749267282,14.42000000,1724.32000000,13.77
1749267282,14.43000000,535.05000000,13.77
1749267282,14.44000000,136.62000000,13.77
1749267282,14.45000000,3017.25000000,13.77
1749267282,14.46000000,60.44000000,13.77
1749267282,14.47000000,72.61000000,13.77
1749267282,14.48000000,578.09000000,13.77
1749267282,14.49000000,626.61000000,13.77
1749267282,14.50000000,2067.10000000,13.77
1749267282,14.51000000,143.75000000,13.77
1749267282,14.52000000,237.72000000,13.77
1749267282,14.53000000,41.41000000,13.77
1749267282,14.54000000,22.18000000,13.77
1749267282,14.55000000,1862.86000000,13.77
1749267282,14.56000000,75.96000000,13.77
1749267282,14.57000000,17.12000000,13.77
1749267282,14.58000000,1355.42000000,13.77
1749267282,14.59000000,116.85000000,13.77
1749267282,14.60000000,1445.50000000,13.77
1749267282,14.61000000,407.08000000,13.77
1749267282,14.62000000,228.83000000,13.77
1749267282,14.63000000,13.56000000,13.77
1749267282,14.64000000,28.07000000,13.77
1749267282,14.65000000,1337.33000000,13.77
1749267282,14.66000000,56.41000000,13.77
1749267282,14.67000000,391.44000000,13.77
1749267282,14.68000000,1512.14000000,13.77
1749267282,14.69000000,31.31000000,13.77
1749267282,14.70000000,1797.97000000,13.77
1749267282,14.71000000,90.71000000,13.77
1749267282,14.72000000,170.81000000,13.77
1749267282,14.73000000,156.78000000,13.77
1749267282,14.74000000,57.29000000,13.77
1749267282,14.75000000,123.27000000,13.77
1749267282,14.76000000,44.84000000,13.77
1749267282,14.77000000,290.89000000,13.77
1749267583,13.82000000,1883.07000000,13.82
1749267583,13.83000000,9408.12000000,13.82
1749267583,13.84000000,11821.64000000,13.82
1749267583,13.85000000,11854.42000000,13.82
1749267583,13.86000000,3676.03000000,13.82
1749267583,13.87000000,8453.23000000,13.82
1749267583,13.88000000,1652.77000000,13.82
1749267583,13.89000000,7830.83000000,13.82
1749267583,13.90000000,1216.53000000,13.82
1749267583,13.91000000,1288.15000000,13.82
1749267583,13.92000000,697.15000000,13.82
1749267583,13.93000000,4644.90000000,13.82
1749267583,13.94000000,689.71000000,13.82
1749267583,13.95000000,1595.38000000,13.82
1749267583,13.96000000,1983.36000000,13.82
1749267583,13.97000000,1118.73000000,13.82
1749267583,13.98000000,597.98000000,13.82
1749267583,13.99000000,2142.26000000,13.82
1749267583,14.00000000,6413.79000000,13.82
1749267583,14.01000000,476.12000000,13.82
1749267583,14.02000000,490.85000000,13.82
1749267583,14.03000000,934.43000000,13.82
1749267583,14.04000000,590.23000000,13.82
1749267583,14.05000000,737.95000000,13.82
1749267583,14.06000000,513.41000000,13.82
