timestamp,price,volume,current_price
1749258231,13.72000000,4274.29000000,13.71
1749258231,13.73000000,10421.55000000,13.71
1749258231,13.74000000,11338.37000000,13.71
1749258231,13.75000000,11742.30000000,13.71
1749258231,13.76000000,9547.57000000,13.71
1749258231,13.77000000,1792.59000000,13.71
1749258231,13.78000000,7478.31000000,13.71
1749258231,13.79000000,1457.42000000,13.71
1749258231,13.80000000,2284.14000000,13.71
1749258231,13.81000000,2175.39000000,13.71
1749258231,13.82000000,1684.76000000,13.71
1749258231,13.83000000,1621.90000000,13.71
1749258231,13.84000000,2920.80000000,13.71
1749258231,13.85000000,945.34000000,13.71
1749258231,13.86000000,527.84000000,13.71
1749258231,13.87000000,2041.29000000,13.71
1749258231,13.88000000,1280.04000000,13.71
1749258231,13.89000000,1205.01000000,13.71
1749258231,13.90000000,830.68000000,13.71
1749258231,13.91000000,1374.98000000,13.71
1749258231,13.92000000,681.31000000,13.71
1749258231,13.93000000,564.88000000,13.71
1749258231,13.94000000,517.82000000,13.71
1749258231,13.95000000,618.28000000,13.71
1749258231,13.96000000,537.21000000,13.71
1749258231,13.97000000,730.19000000,13.71
1749258231,13.98000000,589.84000000,13.71
1749258231,13.99000000,453.65000000,13.71
1749258231,14.00000000,5268.17000000,13.71
1749258231,14.01000000,461.92000000,13.71
1749258231,14.02000000,423.48000000,13.71
1749258231,14.03000000,1082.37000000,13.71
1749258231,14.04000000,349.45000000,13.71
1749258231,14.05000000,672.89000000,13.71
1749258231,14.06000000,450.65000000,13.71
1749258231,14.07000000,105.53000000,13.71
1749258231,14.08000000,185.66000000,13.71
1749258231,14.09000000,68.19000000,13.71
1749258231,14.10000000,684.43000000,13.71
1749258231,14.11000000,40.37000000,13.71
1749258231,14.12000000,32.78000000,13.71
1749258231,14.13000000,33.94000000,13.71
1749258231,14.14000000,1192.70000000,13.71
1749258231,14.15000000,14.95000000,13.71
1749258231,14.16000000,236.24000000,13.71
1749258231,14.17000000,54.65000000,13.71
1749258231,14.18000000,393.81000000,13.71
1749258231,14.19000000,447.55000000,13.71
1749258231,14.20000000,1697.68000000,13.71
1749258231,14.21000000,35.34000000,13.71
1749258231,14.22000000,293.35000000,13.71
1749258231,14.23000000,43.66000000,13.71
1749258231,14.24000000,93.07000000,13.71
1749258231,14.25000000,327.16000000,13.71
1749258231,14.26000000,107.19000000,13.71
1749258231,14.27000000,130.63000000,13.71
1749258231,14.28000000,106.05000000,13.71
1749258231,14.29000000,545.51000000,13.71
1749258231,14.30000000,697.23000000,13.71
1749258231,14.31000000,3.63000000,13.71
1749258231,14.32000000,31.51000000,13.71
1749258231,14.33000000,749.48000000,13.71
1749258231,14.34000000,89.33000000,13.71
1749258231,14.35000000,898.69000000,13.71
1749258231,14.36000000,7431.86000000,13.71
1749258231,14.37000000,397.76000000,13.71
1749258231,14.38000000,276.12000000,13.71
1749258231,14.39000000,694.49000000,13.71
1749258231,14.40000000,2328.65000000,13.71
1749258231,14.41000000,132.27000000,13.71
1749258231,14.42000000,1723.12000000,13.71
1749258231,14.43000000,118.36000000,13.71
1749258231,14.44000000,135.92000000,13.71
1749258231,14.45000000,3017.25000000,13.71
1749258231,14.46000000,60.44000000,13.71
1749258231,14.47000000,71.41000000,13.71
1749258231,14.48000000,376.17000000,13.71
1749258231,14.49000000,215.39000000,13.71
1749258231,14.50000000,1381.09000000,13.71
1749258231,14.51000000,141.82000000,13.71
1749258231,14.52000000,236.99000000,13.71
1749258231,14.53000000,40.68000000,13.71
1749258231,14.54000000,22.18000000,13.71
1749258231,14.55000000,1862.86000000,13.71
1749258231,14.56000000,74.76000000,13.71
1749258231,14.57000000,17.12000000,13.71
1749258231,14.58000000,1355.42000000,13.71
1749258231,14.59000000,116.85000000,13.71
1749258231,14.60000000,1546.00000000,13.71
1749258231,14.61000000,407.08000000,13.71
1749258231,14.62000000,228.83000000,13.71
1749258231,14.63000000,12.57000000,13.71
1749258231,14.64000000,28.07000000,13.71
1749258231,14.65000000,1337.33000000,13.71
1749258231,14.66000000,48.40000000,13.71
1749258231,14.67000000,391.44000000,13.71
1749258231,14.68000000,1512.14000000,13.71
1749258231,14.69000000,31.31000000,13.71
1749258231,14.70000000,1798.51000000,13.71
1749258231,14.71000000,90.71000000,13.71
1749258533,13.71000000,4266.90000000,13.71
1749258533,13.72000000,10068.88000000,13.71
1749258533,13.73000000,9877.40000000,13.71
1749258533,13.74000000,10846.47000000,13.71
1749258533,13.75000000,9615.67000000,13.71
1749258533,13.76000000,6916.72000000,13.71
1749258533,13.77000000,1928.29000000,13.71
1749258533,13.78000000,7486.05000000,13.71
1749258533,13.79000000,2003.26000000,13.71
1749258533,13.80000000,1739.60000000,13.71
1749258533,13.81000000,3189.08000000,13.71
1749258533,13.82000000,654.90000000,13.71
1749258533,13.83000000,1474.02000000,13.71
1749258533,13.84000000,2924.60000000,13.71
1749258533,13.85000000,945.34000000,13.71
1749258533,13.86000000,700.78000000,13.71
1749258533,13.87000000,585.69000000,13.71
1749258533,13.88000000,2735.64000000,13.71
1749258533,13.89000000,1205.01000000,13.71
1749258533,13.90000000,830.68000000,13.71
1749258533,13.91000000,1374.98000000,13.71
1749258533,13.92000000,681.31000000,13.71
1749258533,13.93000000,564.88000000,13.71
1749258533,13.94000000,517.82000000,13.71
1749258533,13.95000000,618.28000000,13.71
1749258533,13.96000000,537.21000000,13.71
1749258533,13.97000000,1159.55000000,13.71
1749258533,13.98000000,589.84000000,13.71
1749258533,13.99000000,453.65000000,13.71
1749258533,14.00000000,5177.91000000,13.71
1749258533,14.01000000,461.92000000,13.71
1749258533,14.02000000,423.48000000,13.71
1749258533,14.03000000,868.85000000,13.71
1749258533,14.04000000,349.45000000,13.71
1749258533,14.05000000,885.96000000,13.71
1749258533,14.06000000,450.65000000,13.71
1749258533,14.07000000,105.53000000,13.71
1749258533,14.08000000,185.66000000,13.71
1749258533,14.09000000,68.19000000,13.71
1749258533,14.10000000,684.43000000,13.71
1749258533,14.11000000,40.37000000,13.71
1749258533,14.12000000,32.78000000,13.71
1749258533,14.13000000,33.94000000,13.71
1749258533,14.14000000,1192.70000000,13.71
1749258533,14.15000000,14.95000000,13.71
1749258533,14.16000000,236.24000000,13.71
1749258533,14.17000000,56.77000000,13.71
1749258533,14.18000000,393.81000000,13.71
1749258533,14.19000000,447.55000000,13.71
1749258533,14.20000000,1692.70000000,13.71
1749258533,14.21000000,35.34000000,13.71
1749258533,14.22000000,293.35000000,13.71
1749258533,14.23000000,43.66000000,13.71
1749258533,14.24000000,93.07000000,13.71
1749258533,14.25000000,327.16000000,13.71
1749258533,14.26000000,107.19000000,13.71
1749258533,14.27000000,130.63000000,13.71
1749258533,14.28000000,106.05000000,13.71
1749258533,14.29000000,545.51000000,13.71
1749258533,14.30000000,697.23000000,13.71
1749258533,14.31000000,3.63000000,13.71
1749258533,14.32000000,31.51000000,13.71
1749258533,14.33000000,749.48000000,13.71
1749258533,14.34000000,89.33000000,13.71
1749258533,14.35000000,898.69000000,13.71
1749258533,14.36000000,7431.86000000,13.71
1749258533,14.37000000,397.76000000,13.71
1749258533,14.38000000,276.12000000,13.71
1749258533,14.39000000,694.49000000,13.71
1749258533,14.40000000,2328.65000000,13.71
1749258533,14.41000000,132.27000000,13.71
1749258533,14.42000000,1723.12000000,13.71
1749258533,14.43000000,118.36000000,13.71
1749258533,14.44000000,135.92000000,13.71
1749258533,14.45000000,3017.25000000,13.71
1749258533,14.46000000,60.44000000,13.71
1749258533,14.47000000,70.67000000,13.71
1749258533,14.48000000,376.17000000,13.71
1749258533,14.49000000,215.39000000,13.71
1749258533,14.50000000,1381.09000000,13.71
1749258533,14.51000000,141.82000000,13.71
1749258533,14.52000000,236.99000000,13.71
1749258533,14.53000000,40.68000000,13.71
1749258533,14.54000000,22.18000000,13.71
1749258533,14.55000000,1862.86000000,13.71
1749258533,14.56000000,74.76000000,13.71
1749258533,14.57000000,17.12000000,13.71
1749258533,14.58000000,1355.42000000,13.71
1749258533,14.59000000,116.85000000,13.71
1749258533,14.60000000,1546.00000000,13.71
1749258533,14.61000000,407.08000000,13.71
1749258533,14.62000000,228.83000000,13.71
1749258533,14.63000000,12.57000000,13.71
1749258533,14.64000000,28.07000000,13.71
1749258533,14.65000000,1337.33000000,13.71
1749258533,14.66000000,48.40000000,13.71
1749258533,14.67000000,391.44000000,13.71
1749258533,14.68000000,1512.14000000,13.71
1749258533,14.69000000,31.31000000,13.71
1749258533,14.70000000,1798.51000000,13.71
1749258848,13.74000000,5211.25000000,13.73
1749258848,13.75000000,12292.74000000,13.73
1749258848,13.76000000,10361.29000000,13.73
1749258848,13.77000000,6847.57000000,13.73
1749258848,13.78000000,7404.38000000,13.73
1749258848,13.79000000,6759.17000000,13.73
1749258848,13.80000000,7831.69000000,13.73
1749258848,13.81000000,1471.76000000,13.73
1749258848,13.82000000,2141.78000000,13.73
1749258848,13.83000000,755.72000000,13.73
1749258848,13.84000000,2459.24000000,13.73
1749258848,13.85000000,3194.81000000,13.73
1749258848,13.86000000,706.40000000,13.73
1749258848,13.87000000,585.69000000,13.73
1749258848,13.88000000,1343.58000000,13.73
1749258848,13.89000000,3018.52000000,13.73
1749258848,13.90000000,1613.93000000,13.73
1749258848,13.91000000,739.13000000,13.73
1749258848,13.92000000,537.83000000,13.73
1749258848,13.93000000,564.88000000,13.73
1749258848,13.94000000,517.82000000,13.73
1749258848,13.95000000,620.65000000,13.73
1749258848,13.96000000,537.21000000,13.73
1749258848,13.97000000,1159.55000000,13.73
1749258848,13.98000000,663.19000000,13.73
1749258848,13.99000000,581.53000000,13.73
1749258848,14.00000000,8172.23000000,13.73
1749258848,14.01000000,567.24000000,13.73
1749258848,14.02000000,526.98000000,13.73
1749258848,14.03000000,868.85000000,13.73
1749258848,14.04000000,334.02000000,13.73
1749258848,14.05000000,885.96000000,13.73
1749258848,14.06000000,450.65000000,13.73
1749258848,14.07000000,509.03000000,13.73
1749258848,14.08000000,603.91000000,13.73
1749258848,14.09000000,68.19000000,13.73
1749258848,14.10000000,684.43000000,13.73
1749258848,14.11000000,40.37000000,13.73
1749258848,14.12000000,32.78000000,13.73
1749258848,14.13000000,33.94000000,13.73
1749258848,14.14000000,1192.70000000,13.73
1749258848,14.15000000,14.95000000,13.73
1749258848,14.16000000,236.24000000,13.73
1749258848,14.17000000,54.65000000,13.73
1749258848,14.18000000,393.81000000,13.73
1749258848,14.19000000,447.55000000,13.73
1749258848,14.20000000,1692.70000000,13.73
1749258848,14.21000000,35.34000000,13.73
1749258848,14.22000000,293.35000000,13.73
1749258848,14.23000000,351.84000000,13.73
1749258848,14.24000000,93.07000000,13.73
1749258848,14.25000000,327.16000000,13.73
1749258848,14.26000000,107.19000000,13.73
1749258848,14.27000000,130.63000000,13.73
1749258848,14.28000000,106.05000000,13.73
1749258848,14.29000000,545.51000000,13.73
1749258848,14.30000000,697.23000000,13.73
1749258848,14.31000000,3.63000000,13.73
1749258848,14.32000000,31.51000000,13.73
1749258848,14.33000000,749.48000000,13.73
1749258848,14.34000000,89.70000000,13.73
1749258848,14.35000000,885.86000000,13.73
1749258848,14.36000000,7431.86000000,13.73
1749258848,14.37000000,397.76000000,13.73
1749258848,14.38000000,276.12000000,13.73
1749258848,14.39000000,694.49000000,13.73
1749258848,14.40000000,2328.65000000,13.73
1749258848,14.41000000,132.27000000,13.73
1749258848,14.42000000,1723.12000000,13.73
1749258848,14.43000000,118.36000000,13.73
1749258848,14.44000000,135.92000000,13.73
1749258848,14.45000000,3017.25000000,13.73
1749258848,14.46000000,60.44000000,13.73
1749258848,14.47000000,71.41000000,13.73
1749258848,14.48000000,376.91000000,13.73
1749258848,14.49000000,625.23000000,13.73
1749258848,14.50000000,1381.53000000,13.73
1749258848,14.51000000,141.82000000,13.73
1749258848,14.52000000,236.99000000,13.73
1749258848,14.53000000,40.68000000,13.73
1749258848,14.54000000,22.18000000,13.73
1749258848,14.55000000,1862.86000000,13.73
1749258848,14.56000000,74.76000000,13.73
1749258848,14.57000000,17.12000000,13.73
1749258848,14.58000000,1355.42000000,13.73
1749258848,14.59000000,116.85000000,13.73
1749258848,14.60000000,1546.00000000,13.73
1749258848,14.61000000,407.08000000,13.73
1749258848,14.62000000,228.83000000,13.73
1749258848,14.63000000,12.57000000,13.73
1749258848,14.64000000,28.07000000,13.73
1749258848,14.65000000,1337.33000000,13.73
1749258848,14.66000000,48.40000000,13.73
1749258848,14.67000000,391.44000000,13.73
1749258848,14.68000000,1512.14000000,13.73
1749258848,14.69000000,31.31000000,13.73
1749258848,14.70000000,1798.51000000,13.73
1749258848,14.71000000,90.71000000,13.73
1749258848,14.72000000,170.81000000,13.73
1749258848,14.73000000,156.78000000,13.73
1749259154,13.72000000,3261.53000000,13.72
1749259154,13.73000000,9744.36000000,13.72
1749259154,13.74000000,12206.66000000,13.72
1749259154,13.75000000,11576.82000000,13.72
1749259154,13.76000000,8877.50000000,13.72
1749259154,13.77000000,7168.47000000,13.72
1749259154,13.78000000,7647.10000000,13.72
1749259154,13.79000000,2017.61000000,13.72
1749259154,13.80000000,1653.64000000,13.72
1749259154,13.81000000,3544.47000000,13.72
1749259154,13.82000000,1455.66000000,13.72
1749259154,13.83000000,2559.58000000,13.72
1749259154,13.84000000,1376.41000000,13.72
1749259154,13.85000000,1182.06000000,13.72
1749259154,13.86000000,702.60000000,13.72
1749259154,13.87000000,531.64000000,13.72
1749259154,13.88000000,613.95000000,13.72
1749259154,13.89000000,866.77000000,13.72
1749259154,13.90000000,830.68000000,13.72
1749259154,13.91000000,738.85000000,13.72
1749259154,13.92000000,537.83000000,13.72
1749259154,13.93000000,564.88000000,13.72
1749259154,13.94000000,517.82000000,13.72
1749259154,13.95000000,621.44000000,13.72
1749259154,13.96000000,1992.81000000,13.72
1749259154,13.97000000,1192.21000000,13.72
1749259154,13.98000000,663.19000000,13.72
1749259154,13.99000000,582.13000000,13.72
1749259154,14.00000000,8068.73000000,13.72
1749259154,14.01000000,431.08000000,13.72
1749259154,14.02000000,423.48000000,13.72
1749259154,14.03000000,941.46000000,13.72
1749259154,14.04000000,349.45000000,13.72
1749259154,14.05000000,672.89000000,13.72
1749259154,14.06000000,450.65000000,13.72
1749259154,14.07000000,436.42000000,13.72
1749259154,14.08000000,799.06000000,13.72
1749259154,14.09000000,68.19000000,13.72
1749259154,14.10000000,684.43000000,13.72
1749259154,14.11000000,40.37000000,13.72
1749259154,14.12000000,32.78000000,13.72
1749259154,14.13000000,33.94000000,13.72
1749259154,14.14000000,1192.70000000,13.72
1749259154,14.15000000,14.95000000,13.72
1749259154,14.16000000,235.53000000,13.72
1749259154,14.17000000,54.65000000,13.72
1749259154,14.18000000,393.81000000,13.72
1749259154,14.19000000,447.55000000,13.72
1749259154,14.20000000,1692.70000000,13.72
1749259154,14.21000000,35.34000000,13.72
1749259154,14.22000000,293.35000000,13.72
1749259154,14.23000000,351.84000000,13.72
1749259154,14.24000000,93.07000000,13.72
1749259154,14.25000000,327.16000000,13.72
1749259154,14.26000000,107.19000000,13.72
1749259154,14.27000000,130.63000000,13.72
1749259154,14.28000000,106.05000000,13.72
1749259154,14.29000000,545.51000000,13.72
1749259154,14.30000000,697.23000000,13.72
1749259154,14.31000000,3.63000000,13.72
1749259154,14.32000000,31.51000000,13.72
1749259154,14.33000000,749.48000000,13.72
1749259154,14.34000000,89.70000000,13.72
1749259154,14.35000000,885.86000000,13.72
1749259154,14.36000000,7431.86000000,13.72
1749259154,14.37000000,397.76000000,13.72
1749259154,14.38000000,276.12000000,13.72
1749259154,14.39000000,694.49000000,13.72
1749259154,14.40000000,2328.65000000,13.72
1749259154,14.41000000,132.27000000,13.72
1749259154,14.42000000,1723.12000000,13.72
1749259154,14.43000000,119.06000000,13.72
1749259154,14.44000000,135.92000000,13.72
1749259154,14.45000000,3017.25000000,13.72
1749259154,14.46000000,60.44000000,13.72
1749259154,14.47000000,71.41000000,13.72
1749259154,14.48000000,376.17000000,13.72
1749259154,14.49000000,624.50000000,13.72
1749259154,14.50000000,1381.53000000,13.72
1749259154,14.51000000,141.82000000,13.72
1749259154,14.52000000,236.99000000,13.72
1749259154,14.53000000,40.68000000,13.72
1749259154,14.54000000,22.18000000,13.72
1749259154,14.55000000,1862.86000000,13.72
1749259154,14.56000000,74.76000000,13.72
1749259154,14.57000000,17.12000000,13.72
1749259154,14.58000000,1355.42000000,13.72
1749259154,14.59000000,116.85000000,13.72
1749259154,14.60000000,1546.00000000,13.72
1749259154,14.61000000,407.08000000,13.72
1749259154,14.62000000,228.83000000,13.72
1749259154,14.63000000,12.57000000,13.72
1749259154,14.64000000,28.07000000,13.72
1749259154,14.65000000,1337.33000000,13.72
1749259154,14.66000000,48.40000000,13.72
1749259154,14.67000000,391.44000000,13.72
1749259154,14.68000000,1512.14000000,13.72
1749259154,14.69000000,31.31000000,13.72
1749259154,14.70000000,1798.51000000,13.72
1749259154,14.71000000,90.71000000,13.72
