timestamp,price,volume,current_price
1749254455,13.58000000,3774.55000000,13.57
1749254455,13.59000000,13747.36000000,13.57
1749254455,13.60000000,13718.14000000,13.57
1749254455,13.61000000,10531.87000000,13.57
1749254455,13.62000000,9886.97000000,13.57
1749254455,13.63000000,1603.40000000,13.57
1749254455,13.64000000,1475.19000000,13.57
1749254455,13.65000000,7821.06000000,13.57
1749254455,13.66000000,1861.06000000,13.57
1749254455,13.67000000,1294.52000000,13.57
1749254455,13.68000000,4731.12000000,13.57
1749254455,13.69000000,732.84000000,13.57
1749254455,13.70000000,2511.90000000,13.57
1749254455,13.71000000,646.84000000,13.57
1749254455,13.72000000,760.63000000,13.57
1749254455,13.73000000,623.42000000,13.57
1749254455,13.74000000,568.98000000,13.57
1749254455,13.75000000,585.91000000,13.57
1749254455,13.76000000,867.17000000,13.57
1749254455,13.77000000,546.79000000,13.57
1749254455,13.78000000,510.92000000,13.57
1749254455,13.79000000,540.17000000,13.57
1749254455,13.80000000,640.97000000,13.57
1749254455,13.81000000,530.40000000,13.57
1749254455,13.82000000,505.16000000,13.57
1749254455,13.83000000,568.43000000,13.57
1749254455,13.84000000,562.61000000,13.57
1749254455,13.85000000,975.35000000,13.57
1749254455,13.86000000,530.21000000,13.57
1749254455,13.87000000,529.27000000,13.57
1749254455,13.88000000,612.53000000,13.57
1749254455,13.89000000,864.40000000,13.57
1749254455,13.90000000,817.37000000,13.57
1749254455,13.91000000,882.13000000,13.57
1749254455,13.92000000,418.33000000,13.57
1749254455,13.93000000,449.01000000,13.57
1749254455,13.94000000,412.67000000,13.57
1749254455,13.95000000,503.98000000,13.57
1749254455,13.96000000,416.27000000,13.57
1749254455,13.97000000,615.79000000,13.57
1749254455,13.98000000,720.86000000,13.57
1749254455,13.99000000,1521.40000000,13.57
1749254455,14.00000000,4880.29000000,13.57
1749254455,14.01000000,777.67000000,13.57
1749254455,14.02000000,42.50000000,13.57
1749254455,14.03000000,474.52000000,13.57
1749254455,14.04000000,409.03000000,13.57
1749254455,14.05000000,333.94000000,13.57
1749254455,14.06000000,59.83000000,13.57
1749254455,14.07000000,32.92000000,13.57
1749254455,14.08000000,185.66000000,13.57
1749254455,14.09000000,60.92000000,13.57
1749254455,14.10000000,772.02000000,13.57
1749254455,14.11000000,40.37000000,13.57
1749254455,14.12000000,32.78000000,13.57
1749254455,14.13000000,33.94000000,13.57
1749254455,14.14000000,1192.70000000,13.57
1749254455,14.15000000,14.95000000,13.57
1749254455,14.16000000,156.92000000,13.57
1749254455,14.17000000,54.65000000,13.57
1749254455,14.18000000,404.46000000,13.57
1749254455,14.19000000,71.75000000,13.57
1749254455,14.20000000,1708.09000000,13.57
1749254455,14.21000000,452.05000000,13.57
1749254455,14.22000000,293.68000000,13.57
1749254455,14.23000000,43.28000000,13.57
1749254455,14.24000000,92.70000000,13.57
1749254455,14.25000000,330.49000000,13.57
1749254455,14.26000000,40.52000000,13.57
1749254455,14.27000000,131.67000000,13.57
1749254455,14.28000000,105.68000000,13.57
1749254455,14.29000000,545.14000000,13.57
1749254455,14.30000000,696.86000000,13.57
1749254455,14.31000000,3.26000000,13.57
1749254455,14.32000000,30.79000000,13.57
1749254455,14.33000000,749.11000000,13.57
1749254455,14.34000000,99.24000000,13.57
1749254455,14.35000000,865.10000000,13.57
1749254455,14.36000000,7430.42000000,13.57
1749254455,14.37000000,397.02000000,13.57
1749254455,14.38000000,271.82000000,13.57
1749254455,14.39000000,693.75000000,13.57
1749254455,14.40000000,1911.56000000,13.57
1749254455,14.41000000,130.83000000,13.57
1749254455,14.42000000,1733.03000000,13.57
1749254455,14.43000000,117.62000000,13.57
1749254455,14.44000000,150.17000000,13.57
1749254455,14.45000000,3016.51000000,13.57
1749254455,14.46000000,59.70000000,13.57
1749254455,14.47000000,69.47000000,13.57
1749254455,14.48000000,376.17000000,13.57
1749254455,14.49000000,215.39000000,13.57
1749254455,14.50000000,1303.95000000,13.57
1749254455,14.51000000,152.47000000,13.57
1749254455,14.52000000,236.99000000,13.57
1749254455,14.53000000,40.68000000,13.57
1749254455,14.54000000,22.18000000,13.57
1749254455,14.55000000,1862.86000000,13.57
1749254455,14.56000000,72.40000000,13.57
1749254455,14.57000000,17.12000000,13.57
1749254756,13.56000000,2920.25000000,13.55
1749254756,13.57000000,14142.94000000,13.55
1749254756,13.58000000,13485.40000000,13.55
1749254756,13.59000000,11742.41000000,13.55
1749254756,13.60000000,6624.82000000,13.55
1749254756,13.61000000,7465.68000000,13.55
1749254756,13.62000000,2865.62000000,13.55
1749254756,13.63000000,7471.61000000,13.55
1749254756,13.64000000,1935.53000000,13.55
1749254756,13.65000000,1879.82000000,13.55
1749254756,13.66000000,1961.48000000,13.55
1749254756,13.67000000,1723.39000000,13.55
1749254756,13.68000000,3692.25000000,13.55
1749254756,13.69000000,1356.56000000,13.55
1749254756,13.70000000,1759.31000000,13.55
1749254756,13.71000000,646.84000000,13.55
1749254756,13.72000000,905.62000000,13.55
1749254756,13.73000000,623.42000000,13.55
1749254756,13.74000000,568.98000000,13.55
1749254756,13.75000000,585.91000000,13.55
1749254756,13.76000000,867.17000000,13.55
1749254756,13.77000000,546.79000000,13.55
1749254756,13.78000000,510.92000000,13.55
1749254756,13.79000000,540.17000000,13.55
1749254756,13.80000000,640.97000000,13.55
1749254756,13.81000000,530.40000000,13.55
1749254756,13.82000000,505.16000000,13.55
1749254756,13.83000000,568.43000000,13.55
1749254756,13.84000000,562.61000000,13.55
1749254756,13.85000000,975.35000000,13.55
1749254756,13.86000000,530.21000000,13.55
1749254756,13.87000000,601.88000000,13.55
1749254756,13.88000000,612.53000000,13.55
1749254756,13.89000000,864.40000000,13.55
1749254756,13.90000000,713.87000000,13.55
1749254756,13.91000000,706.02000000,13.55
1749254756,13.92000000,418.33000000,13.55
1749254756,13.93000000,449.01000000,13.55
1749254756,13.94000000,412.67000000,13.55
1749254756,13.95000000,503.98000000,13.55
1749254756,13.96000000,37.29000000,13.55
1749254756,13.97000000,236.81000000,13.55
1749254756,13.98000000,56.59000000,13.55
1749254756,13.99000000,1521.40000000,13.55
1749254756,14.00000000,4957.48000000,13.55
1749254756,14.01000000,775.53000000,13.55
1749254756,14.02000000,42.50000000,13.55
1749254756,14.03000000,474.52000000,13.55
1749254756,14.04000000,331.84000000,13.55
1749254756,14.05000000,333.94000000,13.55
1749254756,14.06000000,59.83000000,13.55
1749254756,14.07000000,32.92000000,13.55
1749254756,14.08000000,185.66000000,13.55
1749254756,14.09000000,60.92000000,13.55
1749254756,14.10000000,772.02000000,13.55
1749254756,14.11000000,40.37000000,13.55
1749254756,14.12000000,32.78000000,13.55
1749254756,14.13000000,33.94000000,13.55
1749254756,14.14000000,1192.70000000,13.55
1749254756,14.15000000,14.95000000,13.55
1749254756,14.16000000,156.92000000,13.55
1749254756,14.17000000,54.65000000,13.55
1749254756,14.18000000,404.46000000,13.55
1749254756,14.19000000,71.75000000,13.55
1749254756,14.20000000,1695.32000000,13.55
1749254756,14.21000000,36.05000000,13.55
1749254756,14.22000000,293.68000000,13.55
1749254756,14.23000000,43.28000000,13.55
1749254756,14.24000000,92.70000000,13.55
1749254756,14.25000000,746.49000000,13.55
1749254756,14.26000000,40.52000000,13.55
1749254756,14.27000000,131.67000000,13.55
1749254756,14.28000000,105.68000000,13.55
1749254756,14.29000000,545.14000000,13.55
1749254756,14.30000000,696.86000000,13.55
1749254756,14.31000000,3.26000000,13.55
1749254756,14.32000000,30.05000000,13.55
1749254756,14.33000000,748.37000000,13.55
1749254756,14.34000000,99.24000000,13.55
1749254756,14.35000000,865.10000000,13.55
1749254756,14.36000000,7430.42000000,13.55
1749254756,14.37000000,397.02000000,13.55
1749254756,14.38000000,271.82000000,13.55
1749254756,14.39000000,693.75000000,13.55
1749254756,14.40000000,1911.56000000,13.55
1749254756,14.41000000,130.83000000,13.55
1749254756,14.42000000,1733.03000000,13.55
1749254756,14.43000000,117.62000000,13.55
1749254756,14.44000000,150.17000000,13.55
1749254756,14.45000000,3016.51000000,13.55
1749254756,14.46000000,59.70000000,13.55
1749254756,14.47000000,69.47000000,13.55
1749254756,14.48000000,376.17000000,13.55
1749254756,14.49000000,215.39000000,13.55
1749254756,14.50000000,1303.95000000,13.55
1749254756,14.51000000,152.47000000,13.55
1749254756,14.52000000,236.99000000,13.55
1749254756,14.53000000,40.68000000,13.55
1749254756,14.54000000,22.18000000,13.55
1749254756,14.55000000,1862.86000000,13.55
