timestamp,price,volume,current_price
1749260784,7.40100000,20.92000000,7.397
1749260784,7.40200000,37.45000000,7.397
1749260784,7.40300000,37.45000000,7.397
1749260784,7.40400000,32.55000000,7.397
1749260784,7.40500000,41.85000000,7.397
1749260784,7.40600000,55.94000000,7.397
1749260784,7.40700000,42.09000000,7.397
1749260784,7.40800000,64.16000000,7.397
1749260784,7.40900000,120.33000000,7.397
1749260784,7.41000000,92.24000000,7.397
1749260784,7.41100000,24.57000000,7.397
1749260784,7.41200000,124.31000000,7.397
1749260784,7.41300000,183.86000000,7.397
1749260784,7.41400000,96.74000000,7.397
1749260784,7.41500000,243.70000000,7.397
1749260784,7.41600000,476.49000000,7.397
1749260784,7.41700000,410.36000000,7.397
1749260784,7.41800000,151.01000000,7.397
1749260784,7.41900000,36.92000000,7.397
1749260784,7.42000000,113.18000000,7.397
1749260784,7.42100000,201.49000000,7.397
1749260784,7.42200000,103.83000000,7.397
1749260784,7.42300000,41.19000000,7.397
1749260784,7.42400000,33.79000000,7.397
1749260784,7.42500000,159.17000000,7.397
1749260784,7.42600000,23.05000000,7.397
1749260784,7.42700000,64.47000000,7.397
1749260784,7.42800000,24.47000000,7.397
1749260784,7.42900000,34.50000000,7.397
1749260784,7.43000000,756.72000000,7.397
1749260784,7.43100000,41.10000000,7.397
1749260784,7.43200000,223.13000000,7.397
1749260784,7.43300000,85.29000000,7.397
1749260784,7.43400000,74.80000000,7.397
1749260784,7.43500000,56.17000000,7.397
1749260784,7.43600000,35.21000000,7.397
1749260784,7.43700000,153.39000000,7.397
1749260784,7.43800000,21.93000000,7.397
1749260784,7.43900000,34.45000000,7.397
1749260784,7.44000000,55.97000000,7.397
1749260784,7.44100000,34.45000000,7.397
1749260784,7.44200000,1.01000000,7.397
1749260784,7.44300000,34.45000000,7.397
1749260784,7.44400000,14.27000000,7.397
1749260784,7.44500000,145.70000000,7.397
1749260784,7.44600000,54.46000000,7.397
1749260784,7.44700000,322.49000000,7.397
1749260784,7.44800000,14.26000000,7.397
1749260784,7.44900000,53.03000000,7.397
1749260784,7.45000000,12.15000000,7.397
1749260784,7.45100000,15.40000000,7.397
1749260784,7.45200000,57.21000000,7.397
1749260784,7.45400000,14.51000000,7.397
1749260784,7.45500000,196.86000000,7.397
1749260784,7.45600000,151.25000000,7.397
1749260784,7.45800000,1.01000000,7.397
1749260784,7.45900000,577.23000000,7.397
1749260784,7.46000000,58.91000000,7.397
1749260784,7.46100000,7.05000000,7.397
1749260784,7.46200000,1.01000000,7.397
1749260784,7.46400000,43.85000000,7.397
1749260784,7.46600000,1.01000000,7.397
1749260784,7.46900000,119.06000000,7.397
1749260784,7.47000000,104.84000000,7.397
1749260784,7.47200000,0.74000000,7.397
1749260784,7.47300000,1.11000000,7.397
1749260784,7.47400000,1.01000000,7.397
1749260784,7.47800000,2.09000000,7.397
1749260784,7.48000000,10.74000000,7.397
1749260784,7.48200000,1.01000000,7.397
1749260784,7.48600000,1.01000000,7.397
1749260784,7.49000000,11.01000000,7.397
1749260784,7.49200000,0.70000000,7.397
1749260784,7.49400000,1.01000000,7.397
1749260784,7.49500000,287.44000000,7.397
1749260784,7.49600000,0.98000000,7.397
1749260784,7.49800000,1.01000000,7.397
1749260784,7.50000000,1.94000000,7.397
1749260784,7.50200000,1.01000000,7.397
1749260784,7.50300000,4.15000000,7.397
1749260784,7.50600000,1.00000000,7.397
1749260784,7.50700000,286.95000000,7.397
1749260784,7.50800000,7.05000000,7.397
1749260784,7.52000000,1.11000000,7.397
1749260784,7.52100000,5.39000000,7.397
1749260784,7.52300000,5.39000000,7.397
1749260784,7.52900000,0.70000000,7.397
1749260784,7.53000000,10.00000000,7.397
1749260784,7.53200000,16.02000000,7.397
1749260784,7.53700000,750.00000000,7.397
1749260784,7.53800000,0.79000000,7.397
1749260784,7.54000000,10.00000000,7.397
1749260784,7.54400000,6.37000000,7.397
1749260784,7.54900000,1.08000000,7.397
1749260784,7.55000000,3.16000000,7.397
1749260784,7.55400000,128.76000000,7.397
1749260784,7.55500000,4.14000000,7.397
1749260784,7.55600000,7.05000000,7.397
1749260784,7.56000000,0.80000000,7.397
1749260784,7.56600000,2.18000000,7.397
1749261105,7.37900000,34.50000000,7.379
1749261105,7.38000000,46.20000000,7.379
1749261105,7.38100000,27.94000000,7.379
1749261105,7.38200000,44.62000000,7.379
1749261105,7.38300000,27.94000000,7.379
1749261105,7.38400000,60.27000000,7.379
1749261105,7.38500000,117.77000000,7.379
1749261105,7.38600000,29.71000000,7.379
1749261105,7.38700000,27.94000000,7.379
1749261105,7.38800000,118.03000000,7.379
1749261105,7.38900000,94.62000000,7.379
1749261105,7.39000000,86.75000000,7.379
1749261105,7.39100000,215.55000000,7.379
1749261105,7.39200000,288.75000000,7.379
1749261105,7.39300000,312.09000000,7.379
1749261105,7.39400000,308.18000000,7.379
1749261105,7.39500000,452.38000000,7.379
1749261105,7.39600000,503.89000000,7.379
1749261105,7.39700000,104.02000000,7.379
1749261105,7.39800000,72.46000000,7.379
1749261105,7.39900000,35.49000000,7.379
1749261105,7.40000000,46.50000000,7.379
1749261105,7.40100000,75.92000000,7.379
1749261105,7.40200000,23.99000000,7.379
1749261105,7.40300000,230.62000000,7.379
1749261105,7.40400000,263.07000000,7.379
1749261105,7.40500000,705.81000000,7.379
1749261105,7.40600000,120.89000000,7.379
1749261105,7.40700000,34.45000000,7.379
1749261105,7.40800000,124.05000000,7.379
1749261105,7.40900000,85.69000000,7.379
1749261105,7.41000000,98.11000000,7.379
1749261105,7.41100000,34.45000000,7.379
1749261105,7.41200000,35.20000000,7.379
1749261105,7.41300000,74.90000000,7.379
1749261105,7.41400000,43.66000000,7.379
1749261105,7.41500000,34.45000000,7.379
1749261105,7.41600000,43.76000000,7.379
1749261105,7.41700000,35.14000000,7.379
1749261105,7.41800000,14.53000000,7.379
1749261105,7.42000000,40.81000000,7.379
1749261105,7.42100000,82.74000000,7.379
1749261105,7.42200000,51.97000000,7.379
1749261105,7.42300000,13.50000000,7.379
1749261105,7.42400000,127.15000000,7.379
1749261105,7.42500000,152.19000000,7.379
1749261105,7.42600000,15.66000000,7.379
1749261105,7.42700000,287.28000000,7.379
1749261105,7.42800000,16.29000000,7.379
1749261105,7.43000000,1.02000000,7.379
1749261105,7.43100000,48.10000000,7.379
1749261105,7.43200000,0.75000000,7.379
1749261105,7.43300000,64.29000000,7.379
1749261105,7.43400000,50.78000000,7.379
1749261105,7.43500000,13.48000000,7.379
1749261105,7.43600000,13.48000000,7.379
1749261105,7.43800000,54.92000000,7.379
1749261105,7.43900000,13.53000000,7.379
1749261105,7.44000000,35.05000000,7.379
1749261105,7.44100000,13.53000000,7.379
1749261105,7.44200000,1.01000000,7.379
1749261105,7.44300000,43.11000000,7.379
1749261105,7.44600000,55.31000000,7.379
1749261105,7.44800000,0.74000000,7.379
1749261105,7.44900000,9.96000000,7.379
1749261105,7.45000000,172.19000000,7.379
1749261105,7.45100000,1.89000000,7.379
1749261105,7.45200000,63.15000000,7.379
1749261105,7.45400000,1.01000000,7.379
1749261105,7.45500000,0.70000000,7.379
1749261105,7.45600000,137.75000000,7.379
1749261105,7.45800000,1.01000000,7.379
1749261105,7.45900000,516.35000000,7.379
1749261105,7.46000000,3.39000000,7.379
1749261105,7.46100000,7.05000000,7.379
1749261105,7.46200000,1.01000000,7.379
1749261105,7.46400000,0.74000000,7.379
1749261105,7.46600000,1.01000000,7.379
1749261105,7.46900000,119.06000000,7.379
1749261105,7.47000000,104.84000000,7.379
1749261105,7.47200000,0.74000000,7.379
1749261105,7.47300000,1.11000000,7.379
1749261105,7.47400000,1.01000000,7.379
1749261105,7.47700000,33.02000000,7.379
1749261105,7.47800000,2.09000000,7.379
1749261105,7.48000000,10.00000000,7.379
1749261105,7.48200000,1.01000000,7.379
1749261105,7.48500000,280.75000000,7.379
1749261105,7.48600000,1.01000000,7.379
1749261105,7.49000000,11.01000000,7.379
1749261105,7.49200000,0.70000000,7.379
1749261105,7.49400000,1.01000000,7.379
1749261105,7.49500000,289.14000000,7.379
1749261105,7.49600000,0.98000000,7.379
1749261105,7.49800000,1.01000000,7.379
1749261105,7.50000000,1.94000000,7.379
1749261105,7.50200000,1.01000000,7.379
1749261105,7.50300000,4.15000000,7.379
1749261105,7.50600000,1.00000000,7.379
1749261105,7.50700000,6.90000000,7.379
1749261423,7.40900000,45.16000000,7.404
1749261423,7.41000000,41.44000000,7.404
1749261423,7.41100000,54.20000000,7.404
1749261423,7.41200000,28.69000000,7.404
1749261423,7.41300000,48.97000000,7.404
1749261423,7.41400000,260.69000000,7.404
1749261423,7.41500000,644.42000000,7.404
1749261423,7.41600000,290.90000000,7.404
1749261423,7.41700000,58.18000000,7.404
1749261423,7.41800000,86.13000000,7.404
1749261423,7.41900000,173.89000000,7.404
1749261423,7.42000000,95.01000000,7.404
1749261423,7.42100000,73.49000000,7.404
1749261423,7.42200000,73.62000000,7.404
1749261423,7.42300000,49.65000000,7.404
1749261423,7.42400000,182.70000000,7.404
1749261423,7.42500000,93.58000000,7.404
1749261423,7.42600000,23.80000000,7.404
1749261423,7.42700000,33.20000000,7.404
1749261423,7.42800000,135.87000000,7.404
1749261423,7.42900000,317.88000000,7.404
1749261423,7.43000000,224.22000000,7.404
1749261423,7.43100000,728.10000000,7.404
1749261423,7.43200000,61.15000000,7.404
1749261423,7.43300000,77.15000000,7.404
1749261423,7.43400000,85.18000000,7.404
1749261423,7.43500000,48.21000000,7.404
1749261423,7.43600000,57.26000000,7.404
1749261423,7.43700000,74.51000000,7.404
1749261423,7.43800000,35.41000000,7.404
1749261423,7.43900000,20.92000000,7.404
1749261423,7.44000000,121.04000000,7.404
1749261423,7.44100000,20.92000000,7.404
1749261423,7.44200000,14.49000000,7.404
1749261423,7.44300000,20.92000000,7.404
1749261423,7.44400000,113.46000000,7.404
1749261423,7.44500000,87.61000000,7.404
1749261423,7.44600000,158.58000000,7.404
1749261423,7.44700000,23.44000000,7.404
1749261423,7.44800000,14.22000000,7.404
1749261423,7.44900000,53.21000000,7.404
1749261423,7.45000000,172.19000000,7.404
1749261423,7.45100000,15.37000000,7.404
1749261423,7.45200000,3.01000000,7.404
1749261423,7.45400000,14.49000000,7.404
1749261423,7.45500000,0.70000000,7.404
1749261423,7.45600000,407.54000000,7.404
1749261423,7.45700000,114.31000000,7.404
1749261423,7.45800000,50.51000000,7.404
1749261423,7.45900000,529.83000000,7.404
1749261423,7.46000000,13.48000000,7.404
1749261423,7.46100000,110.55000000,7.404
1749261423,7.46200000,1.01000000,7.404
1749261423,7.46300000,13.49000000,7.404
1749261423,7.46400000,0.74000000,7.404
1749261423,7.46500000,56.60000000,7.404
1749261423,7.46600000,1.01000000,7.404
1749261423,7.46700000,13.49000000,7.404
1749261423,7.46800000,13.48000000,7.404
1749261423,7.46900000,153.67000000,7.404
1749261423,7.47000000,159.69000000,7.404
1749261423,7.47200000,0.74000000,7.404
1749261423,7.47300000,1.11000000,7.404
1749261423,7.47400000,1.01000000,7.404
1749261423,7.47700000,33.02000000,7.404
1749261423,7.47800000,2.09000000,7.404
1749261423,7.48000000,10.74000000,7.404
1749261423,7.48200000,1.01000000,7.404
1749261423,7.48600000,1.01000000,7.404
1749261423,7.48800000,0.74000000,7.404
1749261423,7.49000000,11.01000000,7.404
1749261423,7.49200000,0.70000000,7.404
1749261423,7.49400000,1.01000000,7.404
1749261423,7.49500000,3.45000000,7.404
1749261423,7.49600000,1.72000000,7.404
1749261423,7.49800000,1.01000000,7.404
1749261423,7.50000000,1.94000000,7.404
1749261423,7.50200000,85.37000000,7.404
1749261423,7.50300000,4.15000000,7.404
1749261423,7.50600000,1.00000000,7.404
1749261423,7.50700000,6.90000000,7.404
1749261423,7.50800000,7.05000000,7.404
1749261423,7.51100000,279.77000000,7.404
1749261423,7.51700000,200.57000000,7.404
1749261423,7.52000000,1.11000000,7.404
1749261423,7.52100000,5.39000000,7.404
1749261423,7.52300000,5.39000000,7.404
1749261423,7.52900000,0.70000000,7.404
1749261423,7.53000000,41.51000000,7.404
1749261423,7.53200000,16.02000000,7.404
1749261423,7.53800000,0.79000000,7.404
1749261423,7.53900000,750.00000000,7.404
1749261423,7.54000000,10.00000000,7.404
1749261423,7.54600000,6.37000000,7.404
1749261423,7.54900000,1.08000000,7.404
1749261423,7.55000000,3.16000000,7.404
1749261423,7.55500000,4.14000000,7.404
1749261423,7.55600000,7.05000000,7.404
1749261423,7.56000000,0.80000000,7.404
1749261423,7.56600000,2.18000000,7.404
1749261734,7.41800000,39.16000000,7.416
1749261734,7.41900000,38.80000000,7.416
1749261734,7.42000000,57.77000000,7.416
1749261734,7.42100000,51.05000000,7.416
1749261734,7.42200000,97.03000000,7.416
1749261734,7.42300000,58.77000000,7.416
1749261734,7.42400000,219.99000000,7.416
1749261734,7.42500000,89.97000000,7.416
1749261734,7.42600000,31.48000000,7.416
1749261734,7.42700000,60.61000000,7.416
1749261734,7.42800000,250.71000000,7.416
1749261734,7.42900000,474.51000000,7.416
1749261734,7.43000000,392.39000000,7.416
1749261734,7.43100000,518.59000000,7.416
1749261734,7.43200000,133.04000000,7.416
1749261734,7.43300000,74.98000000,7.416
1749261734,7.43400000,74.30000000,7.416
1749261734,7.43500000,56.70000000,7.416
1749261734,7.43600000,10.41000000,7.416
1749261734,7.43700000,86.97000000,7.416
1749261734,7.43800000,206.30000000,7.416
1749261734,7.43900000,34.47000000,7.416
1749261734,7.44000000,783.34000000,7.416
1749261734,7.44100000,56.22000000,7.416
1749261734,7.44200000,1.01000000,7.416
1749261734,7.44300000,34.46000000,7.416
1749261734,7.44400000,57.23000000,7.416
1749261734,7.44500000,153.56000000,7.416
1749261734,7.44600000,271.16000000,7.416
1749261734,7.44700000,34.43000000,7.416
1749261734,7.44800000,35.18000000,7.416
1749261734,7.44900000,72.21000000,7.416
1749261734,7.45000000,492.80000000,7.416
1749261734,7.45100000,36.32000000,7.416
1749261734,7.45200000,23.93000000,7.416
1749261734,7.45300000,34.43000000,7.416
1749261734,7.45400000,1.01000000,7.416
1749261734,7.45500000,35.13000000,7.416
1749261734,7.45600000,35.17000000,7.416
1749261734,7.45700000,73.28000000,7.416
1749261734,7.45800000,63.75000000,7.416
1749261734,7.45900000,516.35000000,7.416
1749261734,7.46000000,13.51000000,7.416
1749261734,7.46100000,113.52000000,7.416
1749261734,7.46200000,123.52000000,7.416
1749261734,7.46300000,13.49000000,7.416
1749261734,7.46400000,0.74000000,7.416
1749261734,7.46500000,13.49000000,7.416
1749261734,7.46600000,1.01000000,7.416
1749261734,7.46800000,13.48000000,7.416
1749261734,7.46900000,202.53000000,7.416
1749261734,7.47000000,104.84000000,7.416
1749261734,7.47100000,55.21000000,7.416
1749261734,7.47200000,0.74000000,7.416
1749261734,7.47300000,1.11000000,7.416
1749261734,7.47400000,1.01000000,7.416
1749261734,7.47800000,2.09000000,7.416
1749261734,7.48000000,10.74000000,7.416
1749261734,7.48200000,1.01000000,7.416
1749261734,7.48600000,1.01000000,7.416
1749261734,7.48700000,221.37000000,7.416
1749261734,7.48800000,0.74000000,7.416
1749261734,7.49000000,11.01000000,7.416
1749261734,7.49200000,0.70000000,7.416
1749261734,7.49400000,1.01000000,7.416
1749261734,7.49500000,3.45000000,7.416
1749261734,7.49600000,1.72000000,7.416
1749261734,7.49800000,1.01000000,7.416
1749261734,7.50000000,1.94000000,7.416
1749261734,7.50200000,1.01000000,7.416
1749261734,7.50300000,4.15000000,7.416
1749261734,7.50600000,1.00000000,7.416
1749261734,7.50700000,6.90000000,7.416
1749261734,7.50800000,7.05000000,7.416
1749261734,7.50900000,279.79000000,7.416
1749261734,7.51700000,200.11000000,7.416
1749261734,7.52000000,1.11000000,7.416
1749261734,7.52100000,5.39000000,7.416
1749261734,7.52300000,5.39000000,7.416
1749261734,7.52900000,0.70000000,7.416
1749261734,7.53000000,10.00000000,7.416
1749261734,7.53200000,16.02000000,7.416
1749261734,7.53600000,31.51000000,7.416
1749261734,7.53800000,0.79000000,7.416
1749261734,7.54000000,10.00000000,7.416
1749261734,7.54900000,1.08000000,7.416
1749261734,7.55000000,3.16000000,7.416
1749261734,7.55200000,750.00000000,7.416
1749261734,7.55300000,6.37000000,7.416
1749261734,7.55500000,4.14000000,7.416
1749261734,7.55600000,7.05000000,7.416
1749261734,7.56000000,0.80000000,7.416
1749261734,7.56600000,2.18000000,7.416
1749261734,7.56700000,0.70000000,7.416
1749261734,7.57100000,13.46000000,7.416
1749261734,7.57600000,0.98000000,7.416
1749261734,7.58000000,509.00000000,7.416
1749261734,7.58300000,6.92000000,7.416
1749261734,7.58600000,6.47000000,7.416
1749261734,7.59000000,16.90000000,7.416
1749262041,7.42000000,122.22000000,7.418
1749262041,7.42100000,55.86000000,7.418
1749262041,7.42200000,132.78000000,7.418
1749262041,7.42300000,21.94000000,7.418
1749262041,7.42400000,275.74000000,7.418
1749262041,7.42500000,977.41000000,7.418
1749262041,7.42600000,532.86000000,7.418
1749262041,7.42700000,1042.34000000,7.418
1749262041,7.42800000,21.94000000,7.418
1749262041,7.42900000,24.60000000,7.418
1749262041,7.43000000,34.20000000,7.418
1749262041,7.43100000,25.76000000,7.418
1749262041,7.43200000,21.67000000,7.418
1749262041,7.43300000,118.75000000,7.418
1749262041,7.43400000,154.22000000,7.418
1749262041,7.43500000,32.15000000,7.418
1749262041,7.43600000,181.38000000,7.418
1749262041,7.43700000,381.32000000,7.418
1749262041,7.43800000,131.67000000,7.418
1749262041,7.43900000,118.65000000,7.418
1749262041,7.44000000,129.64000000,7.418
1749262041,7.44100000,699.24000000,7.418
1749262041,7.44200000,220.47000000,7.418
1749262041,7.44300000,20.92000000,7.418
1749262041,7.44400000,35.16000000,7.418
1749262041,7.44500000,266.34000000,7.418
1749262041,7.44600000,89.24000000,7.418
1749262041,7.44700000,126.07000000,7.418
1749262041,7.44800000,35.16000000,7.418
1749262041,7.44900000,70.74000000,7.418
1749262041,7.45000000,193.85000000,7.418
1749262041,7.45100000,36.32000000,7.418
1749262041,7.45200000,2.27000000,7.418
1749262041,7.45300000,34.43000000,7.418
1749262041,7.45400000,1.01000000,7.418
1749262041,7.45500000,35.13000000,7.418
1749262041,7.45600000,35.17000000,7.418
1749262041,7.45700000,71.77000000,7.418
1749262041,7.45800000,391.04000000,7.418
1749262041,7.45900000,550.76000000,7.418
1749262041,7.46000000,14.23000000,7.418
1749262041,7.46100000,58.75000000,7.418
1749262041,7.46200000,14.49000000,7.418
1749262041,7.46300000,91.80000000,7.418
1749262041,7.46400000,0.74000000,7.418
1749262041,7.46500000,68.92000000,7.418
1749262041,7.46600000,56.32000000,7.418
1749262041,7.46700000,13.46000000,7.418
1749262041,7.46800000,14.22000000,7.418
1749262041,7.46900000,201.82000000,7.418
1749262041,7.47000000,162.71000000,7.418
1749262041,7.47100000,43.11000000,7.418
1749262041,7.47200000,0.74000000,7.418
1749262041,7.47300000,1.11000000,7.418
1749262041,7.47400000,1.01000000,7.418
1749262041,7.47800000,2.09000000,7.418
1749262041,7.48000000,10.74000000,7.418
1749262041,7.48200000,1.01000000,7.418
1749262041,7.48600000,2.36000000,7.418
1749262041,7.48700000,221.37000000,7.418
1749262041,7.48800000,0.74000000,7.418
1749262041,7.49000000,11.01000000,7.418
1749262041,7.49200000,0.70000000,7.418
1749262041,7.49400000,1.01000000,7.418
1749262041,7.49500000,3.45000000,7.418
1749262041,7.49600000,1.72000000,7.418
1749262041,7.49800000,1.01000000,7.418
1749262041,7.50000000,1.94000000,7.418
1749262041,7.50200000,1.01000000,7.418
1749262041,7.50300000,4.15000000,7.418
1749262041,7.50600000,1.00000000,7.418
1749262041,7.50700000,6.90000000,7.418
1749262041,7.50800000,7.05000000,7.418
1749262041,7.51000000,1.01000000,7.418
1749262041,7.51400000,1.01000000,7.418
1749262041,7.51700000,200.11000000,7.418
1749262041,7.52000000,1.11000000,7.418
1749262041,7.52100000,5.39000000,7.418
1749262041,7.52300000,284.58000000,7.418
1749262041,7.52900000,0.70000000,7.418
1749262041,7.53000000,10.00000000,7.418
1749262041,7.53200000,16.02000000,7.418
1749262041,7.53800000,0.79000000,7.418
1749262041,7.54000000,10.00000000,7.418
1749262041,7.54900000,751.08000000,7.418
1749262041,7.55000000,3.16000000,7.418
1749262041,7.55500000,4.14000000,7.418
1749262041,7.55600000,7.05000000,7.418
1749262041,7.56000000,0.80000000,7.418
1749262041,7.56300000,31.51000000,7.418
1749262041,7.56600000,2.18000000,7.418
1749262041,7.56700000,0.70000000,7.418
1749262041,7.57100000,13.46000000,7.418
1749262041,7.57300000,6.37000000,7.418
1749262041,7.57600000,0.98000000,7.418
1749262041,7.58000000,509.00000000,7.418
1749262041,7.58300000,6.92000000,7.418
1749262041,7.58600000,6.47000000,7.418
1749262041,7.59000000,16.90000000,7.418
1749262041,7.59300000,6.15000000,7.418
1749262343,7.45200000,19.79000000,7.445
1749262343,7.45300000,87.27000000,7.445
1749262343,7.45400000,127.25000000,7.445
1749262343,7.45500000,46.07000000,7.445
1749262343,7.45600000,63.60000000,7.445
1749262343,7.45700000,135.82000000,7.445
1749262343,7.45800000,183.73000000,7.445
1749262343,7.45900000,83.86000000,7.445
1749262343,7.46000000,357.32000000,7.445
1749262343,7.46100000,691.37000000,7.445
1749262343,7.46200000,356.35000000,7.445
1749262343,7.46300000,379.49000000,7.445
1749262343,7.46400000,418.06000000,7.445
1749262343,7.46500000,357.73000000,7.445
1749262343,7.46600000,198.92000000,7.445
1749262343,7.46700000,21.93000000,7.445
1749262343,7.46800000,21.66000000,7.445
1749262343,7.46900000,88.21000000,7.445
1749262343,7.47000000,74.92000000,7.445
1749262343,7.47100000,34.34000000,7.445
1749262343,7.47200000,48.02000000,7.445
1749262343,7.47300000,86.19000000,7.445
1749262343,7.47400000,55.00000000,7.445
1749262343,7.47500000,59.75000000,7.445
1749262343,7.47600000,875.51000000,7.445
1749262343,7.47700000,34.32000000,7.445
1749262343,7.47800000,23.01000000,7.445
1749262343,7.47900000,56.49000000,7.445
1749262343,7.48000000,31.66000000,7.445
1749262343,7.48100000,106.37000000,7.445
1749262343,7.48200000,73.25000000,7.445
1749262343,7.48300000,34.31000000,7.445
1749262343,7.48400000,35.04000000,7.445
1749262343,7.48500000,268.91000000,7.445
1749262343,7.48600000,23.28000000,7.445
1749262343,7.48700000,34.30000000,7.445
1749262343,7.48800000,0.74000000,7.445
1749262343,7.48900000,415.78000000,7.445
1749262343,7.49000000,11.01000000,7.445
1749262343,7.49100000,13.44000000,7.445
1749262343,7.49200000,14.88000000,7.445
1749262343,7.49300000,53.05000000,7.445
1749262343,7.49400000,54.57000000,7.445
1749262343,7.49500000,13.43000000,7.445
1749262343,7.49600000,58.26000000,7.445
1749262343,7.49700000,72.89000000,7.445
1749262343,7.49800000,1.01000000,7.445
1749262343,7.49900000,13.43000000,7.445
1749262343,7.50000000,1.94000000,7.445
1749262343,7.50100000,13.43000000,7.445
1749262343,7.50200000,56.45000000,7.445
1749262343,7.50300000,71.75000000,7.445
1749262343,7.50400000,105.96000000,7.445
1749262343,7.50600000,1.00000000,7.445
1749262343,7.50700000,20.32000000,7.445
1749262343,7.50800000,7.05000000,7.445
1749262343,7.51000000,1.01000000,7.445
1749262343,7.51200000,0.74000000,7.445
1749262343,7.51400000,1.01000000,7.445
1749262343,7.51700000,137.01000000,7.445
1749262343,7.51800000,1.01000000,7.445
1749262343,7.52000000,1.85000000,7.445
1749262343,7.52100000,5.39000000,7.445
1749262343,7.52200000,1.01000000,7.445
1749262343,7.52300000,5.39000000,7.445
1749262343,7.52600000,1.01000000,7.445
1749262343,7.52800000,0.74000000,7.445
1749262343,7.52900000,0.70000000,7.445
1749262343,7.53000000,11.01000000,7.445
1749262343,7.53200000,16.02000000,7.445
1749262343,7.53400000,1.01000000,7.445
1749262343,7.53600000,0.73000000,7.445
1749262343,7.53700000,84.36000000,7.445
1749262343,7.53800000,1.80000000,7.445
1749262343,7.54000000,10.00000000,7.445
1749262343,7.54100000,33.02000000,7.445
1749262343,7.54200000,1.01000000,7.445
1749262343,7.54600000,1.01000000,7.445
1749262343,7.54900000,279.16000000,7.445
1749262343,7.55000000,4.17000000,7.445
1749262343,7.55400000,1.01000000,7.445
1749262343,7.55500000,4.14000000,7.445
1749262343,7.55600000,7.05000000,7.445
1749262343,7.56000000,0.80000000,7.445
1749262343,7.56100000,201.77000000,7.445
1749262343,7.56600000,2.18000000,7.445
1749262343,7.56700000,0.70000000,7.445
1749262343,7.57100000,13.46000000,7.445
1749262343,7.57600000,0.98000000,7.445
1749262343,7.58000000,509.00000000,7.445
1749262343,7.58300000,6.92000000,7.445
1749262343,7.58500000,750.00000000,7.445
1749262343,7.59000000,16.90000000,7.445
1749262343,7.59300000,6.15000000,7.445
1749262343,7.59900000,1.07000000,7.445
1749262343,7.60000000,11.19000000,7.445
1749262343,7.60300000,7.05000000,7.445
1749262343,7.60400000,0.70000000,7.445
1749262343,7.60600000,2.27000000,7.445
1749262343,7.60700000,1.85000000,7.445
1749262644,7.43300000,20.92000000,7.433
1749262644,7.43400000,47.92000000,7.433
1749262644,7.43500000,48.93000000,7.433
1749262644,7.43600000,48.93000000,7.433
1749262644,7.43700000,42.91000000,7.433
1749262644,7.43800000,49.94000000,7.433
1749262644,7.43900000,48.93000000,7.433
1749262644,7.44000000,88.54000000,7.433
1749262644,7.44100000,126.59000000,7.433
1749262644,7.44200000,80.71000000,7.433
1749262644,7.44300000,141.60000000,7.433
1749262644,7.44400000,160.38000000,7.433
1749262644,7.44500000,78.10000000,7.433
1749262644,7.44600000,139.72000000,7.433
1749262644,7.44700000,359.24000000,7.433
1749262644,7.44800000,799.07000000,7.433
1749262644,7.44900000,430.56000000,7.433
1749262644,7.45000000,64.09000000,7.433
1749262644,7.45100000,99.87000000,7.433
1749262644,7.45200000,123.31000000,7.433
1749262644,7.45300000,274.28000000,7.433
1749262644,7.45400000,29.18000000,7.433
1749262644,7.45500000,48.84000000,7.433
1749262644,7.45600000,35.10000000,7.433
1749262644,7.45700000,96.57000000,7.433
1749262644,7.45800000,245.87000000,7.433
1749262644,7.45900000,34.35000000,7.433
1749262644,7.46000000,35.09000000,7.433
1749262644,7.46100000,166.84000000,7.433
1749262644,7.46200000,708.48000000,7.433
1749262644,7.46300000,49.52000000,7.433
1749262644,7.46400000,57.08000000,7.433
1749262644,7.46500000,20.92000000,7.433
1749262644,7.46600000,35.35000000,7.433
1749262644,7.46700000,20.92000000,7.433
1749262644,7.46800000,35.08000000,7.433
1749262644,7.46900000,70.86000000,7.433
1749262644,7.47000000,86.01000000,7.433
1749262644,7.47100000,20.92000000,7.433
1749262644,7.47200000,35.09000000,7.433
1749262644,7.47300000,73.58000000,7.433
1749262644,7.47400000,14.41000000,7.433
1749262644,7.47600000,97.52000000,7.433
1749262644,7.47800000,257.39000000,7.433
1749262644,7.47900000,13.40000000,7.433
1749262644,7.48000000,281.17000000,7.433
1749262644,7.48100000,50.07000000,7.433
1749262644,7.48200000,52.33000000,7.433
1749262644,7.48300000,13.40000000,7.433
1749262644,7.48400000,91.80000000,7.433
1749262644,7.48500000,62.61000000,7.433
1749262644,7.48600000,2.36000000,7.433
1749262644,7.48700000,13.38000000,7.433
1749262644,7.48800000,32.44000000,7.433
1749262644,7.48900000,16.58000000,7.433
1749262644,7.49000000,11.01000000,7.433
1749262644,7.49100000,67.59000000,7.433
1749262644,7.49200000,68.45000000,7.433
1749262644,7.49400000,1.01000000,7.433
1749262644,7.49500000,13.43000000,7.433
1749262644,7.49600000,44.83000000,7.433
1749262644,7.49800000,1.01000000,7.433
1749262644,7.50000000,1.94000000,7.433
1749262644,7.50200000,1.01000000,7.433
1749262644,7.50300000,4.15000000,7.433
1749262644,7.50400000,0.74000000,7.433
1749262644,7.50600000,1.00000000,7.433
1749262644,7.50700000,6.90000000,7.433
1749262644,7.50800000,7.05000000,7.433
1749262644,7.51000000,1.01000000,7.433
1749262644,7.51200000,0.74000000,7.433
1749262644,7.51400000,1.01000000,7.433
1749262644,7.51700000,137.01000000,7.433
1749262644,7.51800000,1.01000000,7.433
1749262644,7.52000000,1.85000000,7.433
1749262644,7.52100000,5.39000000,7.433
1749262644,7.52200000,1.01000000,7.433
1749262644,7.52300000,5.39000000,7.433
1749262644,7.52600000,1.01000000,7.433
1749262644,7.52800000,0.74000000,7.433
1749262644,7.52900000,0.70000000,7.433
1749262644,7.53000000,11.01000000,7.433
1749262644,7.53200000,16.02000000,7.433
1749262644,7.53400000,1.01000000,7.433
1749262644,7.53500000,33.02000000,7.433
1749262644,7.53600000,278.57000000,7.433
1749262644,7.53700000,84.36000000,7.433
1749262644,7.53800000,103.60000000,7.433
1749262644,7.53900000,100.19000000,7.433
1749262644,7.54000000,10.00000000,7.433
1749262644,7.54200000,1.01000000,7.433
1749262644,7.54600000,1.01000000,7.433
1749262644,7.54900000,1.08000000,7.433
1749262644,7.55000000,4.17000000,7.433
1749262644,7.55400000,1.01000000,7.433
1749262644,7.55500000,4.14000000,7.433
1749262644,7.55600000,7.05000000,7.433
1749262644,7.56000000,0.80000000,7.433
1749262644,7.56600000,2.18000000,7.433
1749262644,7.56700000,0.70000000,7.433
1749262946,7.40000000,20.92000000,7.4
1749262946,7.40100000,38.90000000,7.4
1749262946,7.40200000,22.13000000,7.4
1749262946,7.40300000,44.01000000,7.4
1749262946,7.40400000,73.26000000,7.4
1749262946,7.40500000,97.51000000,7.4
1749262946,7.40600000,49.55000000,7.4
1749262946,7.40700000,43.73000000,7.4
1749262946,7.40800000,48.53000000,7.4
1749262946,7.40900000,43.76000000,7.4
1749262946,7.41000000,168.22000000,7.4
1749262946,7.41100000,43.71000000,7.4
1749262946,7.41200000,41.06000000,7.4
1749262946,7.41300000,116.14000000,7.4
1749262946,7.41400000,200.18000000,7.4
1749262946,7.41500000,132.56000000,7.4
1749262946,7.41600000,366.84000000,7.4
1749262946,7.41700000,308.03000000,7.4
1749262946,7.41800000,113.94000000,7.4
1749262946,7.41900000,409.13000000,7.4
1749262946,7.42000000,61.47000000,7.4
1749262946,7.42100000,148.46000000,7.4
1749262946,7.42200000,73.83000000,7.4
1749262946,7.42300000,26.39000000,7.4
1749262946,7.42400000,198.04000000,7.4
1749262946,7.42500000,94.94000000,7.4
1749262946,7.42600000,66.97000000,7.4
1749262946,7.42700000,204.22000000,7.4
1749262946,7.42800000,21.67000000,7.4
1749262946,7.42900000,34.42000000,7.4
1749262946,7.43000000,35.43000000,7.4
1749262946,7.43100000,692.80000000,7.4
1749262946,7.43200000,79.36000000,7.4
1749262946,7.43300000,81.36000000,7.4
1749262946,7.43400000,85.70000000,7.4
1749262946,7.43600000,35.13000000,7.4
1749262946,7.43700000,74.18000000,7.4
1749262946,7.43800000,35.40000000,7.4
1749262946,7.43900000,104.30000000,7.4
1749262946,7.44000000,35.13000000,7.4
1749262946,7.44200000,1.01000000,7.4
1749262946,7.44300000,34.38000000,7.4
1749262946,7.44400000,14.20000000,7.4
1749262946,7.44500000,246.02000000,7.4
1749262946,7.44600000,397.80000000,7.4
1749262946,7.44700000,13.45000000,7.4
1749262946,7.44800000,43.85000000,7.4
1749262946,7.44900000,65.11000000,7.4
1749262946,7.45000000,35.76000000,7.4
1749262946,7.45100000,15.34000000,7.4
1749262946,7.45200000,15.72000000,7.4
1749262946,7.45400000,1.01000000,7.4
1749262946,7.45500000,14.14000000,7.4
1749262946,7.45600000,14.18000000,7.4
1749262946,7.45700000,54.15000000,7.4
1749262946,7.45800000,119.51000000,7.4
1749262946,7.45900000,60.88000000,7.4
1749262946,7.46100000,20.48000000,7.4
1749262946,7.46200000,14.44000000,7.4
1749262946,7.46400000,0.74000000,7.4
1749262946,7.46500000,13.51000000,7.4
1749262946,7.46600000,55.50000000,7.4
1749262946,7.47000000,1.01000000,7.4
1749262946,7.47200000,0.74000000,7.4
1749262946,7.47300000,1.11000000,7.4
1749262946,7.47400000,1.01000000,7.4
1749262946,7.47800000,2.09000000,7.4
1749262946,7.47900000,137.01000000,7.4
1749262946,7.48000000,10.74000000,7.4
1749262946,7.48200000,1.01000000,7.4
1749262946,7.48600000,1.01000000,7.4
1749262946,7.48800000,0.74000000,7.4
1749262946,7.48900000,3.20000000,7.4
1749262946,7.49000000,11.01000000,7.4
1749262946,7.49200000,0.70000000,7.4
1749262946,7.49400000,1.01000000,7.4
1749262946,7.49500000,84.36000000,7.4
1749262946,7.49600000,34.00000000,7.4
1749262946,7.49800000,1.01000000,7.4
1749262946,7.50000000,1.94000000,7.4
1749262946,7.50200000,1.01000000,7.4
1749262946,7.50300000,4.15000000,7.4
1749262946,7.50500000,279.70000000,7.4
1749262946,7.50600000,1.00000000,7.4
1749262946,7.50700000,6.90000000,7.4
1749262946,7.50800000,7.05000000,7.4
1749262946,7.51000000,1.01000000,7.4
1749262946,7.51400000,1.01000000,7.4
1749262946,7.51500000,99.97000000,7.4
1749262946,7.51700000,101.02000000,7.4
1749262946,7.51800000,1.01000000,7.4
1749262946,7.52000000,1.11000000,7.4
1749262946,7.52100000,5.39000000,7.4
1749262946,7.52200000,1.01000000,7.4
1749262946,7.52300000,5.39000000,7.4
1749262946,7.52600000,1.01000000,7.4
1749262946,7.52900000,0.70000000,7.4
1749262946,7.53000000,11.01000000,7.4
1749262946,7.53200000,16.02000000,7.4
1749262946,7.53400000,1.01000000,7.4
1749263252,7.39000000,21.94000000,7.388
1749263252,7.39100000,39.02000000,7.388
1749263252,7.39200000,81.67000000,7.388
1749263252,7.39300000,102.57000000,7.388
1749263252,7.39400000,29.71000000,7.388
1749263252,7.39500000,21.94000000,7.388
1749263252,7.39600000,75.34000000,7.388
1749263252,7.39700000,172.61000000,7.388
1749263252,7.39800000,166.81000000,7.388
1749263252,7.39900000,110.48000000,7.388
1749263252,7.40000000,461.06000000,7.388
1749263252,7.40100000,679.87000000,7.388
1749263252,7.40200000,562.48000000,7.388
1749263252,7.40300000,20.92000000,7.388
1749263252,7.40400000,21.67000000,7.388
1749263252,7.40500000,44.90000000,7.388
1749263252,7.40600000,54.17000000,7.388
1749263252,7.40700000,104.93000000,7.388
1749263252,7.40800000,182.69000000,7.388
1749263252,7.40900000,71.00000000,7.388
1749263252,7.41000000,97.55000000,7.388
1749263252,7.41100000,22.23000000,7.388
1749263252,7.41200000,722.84000000,7.388
1749263252,7.41300000,84.51000000,7.388
1749263252,7.41400000,241.80000000,7.388
1749263252,7.41500000,41.18000000,7.388
1749263252,7.41600000,67.36000000,7.388
1749263252,7.41700000,21.62000000,7.388
1749263252,7.41800000,35.46000000,7.388
1749263252,7.42000000,49.33000000,7.388
1749263252,7.42100000,83.57000000,7.388
1749263252,7.42200000,71.76000000,7.388
1749263252,7.42300000,34.43000000,7.388
1749263252,7.42400000,0.75000000,7.388
1749263252,7.42500000,167.09000000,7.388
1749263252,7.42600000,36.55000000,7.388
1749263252,7.42700000,112.72000000,7.388
1749263252,7.42800000,475.15000000,7.388
1749263252,7.42900000,77.53000000,7.388
1749263252,7.43000000,14.51000000,7.388
1749263252,7.43200000,14.24000000,7.388
1749263252,7.43300000,53.70000000,7.388
1749263252,7.43400000,67.36000000,7.388
1749263252,7.43600000,13.47000000,7.388
1749263252,7.43700000,53.62000000,7.388
1749263252,7.43800000,14.48000000,7.388
1749263252,7.44000000,14.21000000,7.388
1749263252,7.44100000,73.02000000,7.388
1749263252,7.44200000,1.01000000,7.388
1749263252,7.44300000,13.54000000,7.388
1749263252,7.44400000,67.46000000,7.388
1749263252,7.44500000,51.97000000,7.388
1749263252,7.44600000,53.06000000,7.388
1749263252,7.44800000,0.74000000,7.388
1749263252,7.45000000,35.21000000,7.388
1749263252,7.45100000,1.89000000,7.388
1749263252,7.45200000,2.27000000,7.388
1749263252,7.45400000,61.89000000,7.388
1749263252,7.45500000,0.70000000,7.388
1749263252,7.45600000,0.74000000,7.388
1749263252,7.45700000,1.35000000,7.388
1749263252,7.45800000,1.01000000,7.388
1749263252,7.46100000,7.05000000,7.388
1749263252,7.46200000,1.01000000,7.388
1749263252,7.46400000,0.74000000,7.388
1749263252,7.46600000,1.01000000,7.388
1749263252,7.46700000,0.80000000,7.388
1749263252,7.47000000,1.01000000,7.388
1749263252,7.47200000,0.74000000,7.388
1749263252,7.47300000,1.11000000,7.388
1749263252,7.47400000,1.01000000,7.388
1749263252,7.47800000,2.09000000,7.388
1749263252,7.47900000,137.01000000,7.388
1749263252,7.48000000,10.00000000,7.388
1749263252,7.48200000,1.01000000,7.388
1749263252,7.48600000,1.01000000,7.388
1749263252,7.48700000,280.72000000,7.388
1749263252,7.48900000,3.20000000,7.388
1749263252,7.49000000,11.01000000,7.388
1749263252,7.49100000,99.27000000,7.388
1749263252,7.49200000,0.70000000,7.388
1749263252,7.49400000,101.76000000,7.388
1749263252,7.49500000,84.36000000,7.388
1749263252,7.49600000,0.98000000,7.388
1749263252,7.49800000,1.01000000,7.388
1749263252,7.50000000,1.94000000,7.388
1749263252,7.50200000,1.01000000,7.388
1749263252,7.50300000,4.15000000,7.388
1749263252,7.50600000,1.00000000,7.388
1749263252,7.50700000,6.90000000,7.388
1749263252,7.50800000,7.05000000,7.388
1749263252,7.51000000,1.01000000,7.388
1749263252,7.51400000,1.01000000,7.388
1749263252,7.51700000,6.37000000,7.388
1749263252,7.51800000,1.01000000,7.388
1749263252,7.52000000,1.11000000,7.388
1749263252,7.52100000,5.39000000,7.388
1749263252,7.52200000,751.01000000,7.388
1749263252,7.52300000,5.39000000,7.388
1749263252,7.52600000,1.01000000,7.388
1749263554,7.34300000,20.92000000,7.342
1749263554,7.34400000,46.11000000,7.342
1749263554,7.34500000,48.43000000,7.342
1749263554,7.34600000,87.76000000,7.342
1749263554,7.34700000,117.05000000,7.342
1749263554,7.34800000,41.81000000,7.342
1749263554,7.34900000,152.57000000,7.342
1749263554,7.35000000,207.94000000,7.342
1749263554,7.35100000,255.57000000,7.342
1749263554,7.35200000,343.92000000,7.342
1749263554,7.35300000,179.27000000,7.342
1749263554,7.35400000,69.51000000,7.342
1749263554,7.35500000,237.03000000,7.342
1749263554,7.35600000,426.47000000,7.342
1749263554,7.35700000,512.19000000,7.342
1749263554,7.35800000,209.02000000,7.342
1749263554,7.35900000,143.53000000,7.342
1749263554,7.36000000,414.05000000,7.342
1749263554,7.36100000,153.33000000,7.342
1749263554,7.36200000,77.27000000,7.342
1749263554,7.36300000,20.92000000,7.342
1749263554,7.36400000,23.94000000,7.342
1749263554,7.36500000,269.75000000,7.342
1749263554,7.36600000,61.56000000,7.342
1749263554,7.36700000,99.95000000,7.342
1749263554,7.36800000,52.12000000,7.342
1749263554,7.36900000,220.28000000,7.342
1749263554,7.37000000,706.96000000,7.342
1749263554,7.37100000,41.27000000,7.342
1749263554,7.37200000,197.71000000,7.342
1749263554,7.37300000,87.03000000,7.342
1749263554,7.37400000,74.52000000,7.342
1749263554,7.37500000,34.51000000,7.342
1749263554,7.37600000,46.60000000,7.342
1749263554,7.37700000,73.02000000,7.342
1749263554,7.37800000,14.84000000,7.342
1749263554,7.37900000,56.65000000,7.342
1749263554,7.38000000,22.37000000,7.342
1749263554,7.38100000,34.50000000,7.342
1749263554,7.38200000,92.23000000,7.342
1749263554,7.38300000,34.50000000,7.342
1749263554,7.38400000,35.24000000,7.342
1749263554,7.38500000,140.78000000,7.342
1749263554,7.38600000,97.78000000,7.342
1749263554,7.38700000,45.74000000,7.342
1749263554,7.38800000,14.31000000,7.342
1749263554,7.38900000,134.11000000,7.342
1749263554,7.39000000,1.02000000,7.342
1749263554,7.39100000,272.24000000,7.342
1749263554,7.39200000,44.36000000,7.342
1749263554,7.39400000,1.02000000,7.342
1749263554,7.39500000,13.56000000,7.342
1749263554,7.39600000,13.55000000,7.342
1749263554,7.39700000,53.49000000,7.342
1749263554,7.39800000,52.77000000,7.342
1749263554,7.39900000,13.55000000,7.342
1749263554,7.40000000,15.48000000,7.342
1749263554,7.40100000,50.25000000,7.342
1749263554,7.40200000,3.29000000,7.342
1749263554,7.40300000,13.54000000,7.342
1749263554,7.40400000,13.54000000,7.342
1749263554,7.40500000,54.61000000,7.342
1749263554,7.40600000,14.56000000,7.342
1749263554,7.40800000,94.34000000,7.342
1749263554,7.41000000,1.02000000,7.342
1749263554,7.41200000,33.02000000,7.342
1749263554,7.41400000,8.07000000,7.342
1749263554,7.41600000,0.75000000,7.342
1749263554,7.41700000,0.70000000,7.342
1749263554,7.41800000,85.38000000,7.342
1749263554,7.42200000,1.02000000,7.342
1749263554,7.42400000,0.75000000,7.342
1749263554,7.42500000,6.90000000,7.342
1749263554,7.42600000,2.13000000,7.342
1749263554,7.43000000,1.02000000,7.342
1749263554,7.43200000,0.75000000,7.342
1749263554,7.43400000,1.01000000,7.342
1749263554,7.43500000,60.88000000,7.342
1749263554,7.43800000,1.01000000,7.342
1749263554,7.43900000,137.01000000,7.342
1749263554,7.44200000,1.01000000,7.342
1749263554,7.44500000,124.66000000,7.342
1749263554,7.44600000,1.01000000,7.342
1749263554,7.45000000,2.19000000,7.342
1749263554,7.45100000,1.89000000,7.342
1749263554,7.45200000,284.43000000,7.342
1749263554,7.45400000,1.01000000,7.342
1749263554,7.45500000,0.70000000,7.342
1749263554,7.45700000,1.35000000,7.342
1749263554,7.45800000,1.01000000,7.342
1749263554,7.46100000,7.05000000,7.342
1749263554,7.46200000,1.01000000,7.342
1749263554,7.46600000,1.01000000,7.342
1749263554,7.46700000,0.80000000,7.342
1749263554,7.46900000,98.82000000,7.342
1749263554,7.47000000,1.01000000,7.342
1749263554,7.47200000,100.00000000,7.342
1749263554,7.47300000,1.11000000,7.342
1749263554,7.47400000,1.01000000,7.342
1749263554,7.47600000,750.00000000,7.342
1749263855,7.27700000,86.76000000,7.277
1749263855,7.27800000,21.96000000,7.277
1749263855,7.27900000,59.47000000,7.277
1749263855,7.28000000,133.67000000,7.277
1749263855,7.28100000,167.87000000,7.277
1749263855,7.28200000,158.22000000,7.277
1749263855,7.28300000,88.97000000,7.277
1749263855,7.28400000,87.16000000,7.277
1749263855,7.28500000,15.24000000,7.277
1749263855,7.28600000,31.18000000,7.277
1749263855,7.28700000,81.79000000,7.277
1749263855,7.28800000,33.12000000,7.277
1749263855,7.28900000,162.73000000,7.277
1749263855,7.29000000,21.68000000,7.277
1749263855,7.29100000,36.90000000,7.277
1749263855,7.29200000,87.89000000,7.277
1749263855,7.29300000,128.94000000,7.277
1749263855,7.29400000,380.68000000,7.277
1749263855,7.29500000,95.14000000,7.277
1749263855,7.29600000,33.15000000,7.277
1749263855,7.29700000,121.94000000,7.277
1749263855,7.29800000,768.66000000,7.277
1749263855,7.29900000,35.69000000,7.277
1749263855,7.30000000,44.19000000,7.277
1749263855,7.30100000,36.92000000,7.277
1749263855,7.30200000,112.72000000,7.277
1749263855,7.30300000,35.68000000,7.277
1749263855,7.30400000,33.13000000,7.277
1749263855,7.30500000,86.68000000,7.277
1749263855,7.30600000,88.87000000,7.277
1749263855,7.30700000,21.95000000,7.277
1749263855,7.30800000,0.76000000,7.277
1749263855,7.30900000,88.46000000,7.277
1749263855,7.31000000,34.64000000,7.277
1749263855,7.31100000,1.03000000,7.277
1749263855,7.31200000,21.68000000,7.277
1749263855,7.31300000,120.65000000,7.277
1749263855,7.31500000,35.66000000,7.277
1749263855,7.31600000,67.69000000,7.277
1749263855,7.31700000,246.15000000,7.277
1749263855,7.31800000,13.71000000,7.277
1749263855,7.31900000,8.08000000,7.277
1749263855,7.32000000,314.10000000,7.277
1749263855,7.32100000,13.70000000,7.277
1749263855,7.32300000,14.73000000,7.277
1749263855,7.32400000,193.80000000,7.277
1749263855,7.32500000,27.66000000,7.277
1749263855,7.32600000,13.68000000,7.277
1749263855,7.32700000,1.03000000,7.277
1749263855,7.32800000,14.44000000,7.277
1749263855,7.32900000,55.48000000,7.277
1749263855,7.33000000,13.68000000,7.277
1749263855,7.33100000,55.14000000,7.277
1749263855,7.33200000,13.68000000,7.277
1749263855,7.33300000,110.85000000,7.277
1749263855,7.33500000,46.88000000,7.277
1749263855,7.33600000,0.75000000,7.277
1749263855,7.33700000,13.66000000,7.277
1749263855,7.33800000,13.69000000,7.277
1749263855,7.33900000,1.03000000,7.277
1749263855,7.34000000,14.64000000,7.277
1749263855,7.34200000,13.66000000,7.277
1749263855,7.34300000,86.09000000,7.277
1749263855,7.34400000,7.65000000,7.277
1749263855,7.34500000,43.71000000,7.277
1749263855,7.34700000,14.69000000,7.277
1749263855,7.34800000,13.66000000,7.277
1749263855,7.34900000,99.96000000,7.277
1749263855,7.35000000,1.18000000,7.277
1749263855,7.35100000,16.96000000,7.277
1749263855,7.35200000,0.75000000,7.277
1749263855,7.35500000,1.03000000,7.277
1749263855,7.35900000,1.03000000,7.277
1749263855,7.36000000,470.27000000,7.277
1749263855,7.36100000,99.00000000,7.277
1749263855,7.36300000,1.03000000,7.277
1749263855,7.36600000,7.05000000,7.277
1749263855,7.36700000,1.03000000,7.277
1749263855,7.36900000,105.29000000,7.277
1749263855,7.37100000,1.03000000,7.277
1749263855,7.37500000,1.03000000,7.277
1749263855,7.37900000,286.00000000,7.277
1749263855,7.38000000,1.81000000,7.277
1749263855,7.38200000,22.13000000,7.277
1749263855,7.38300000,1.03000000,7.277
1749263855,7.38700000,1.03000000,7.277
1749263855,7.39200000,1.09000000,7.277
1749263855,7.39600000,60.88000000,7.277
1749263855,7.39800000,101.08000000,7.277
1749263855,7.39900000,231.56000000,7.277
1749263855,7.40000000,103.24000000,7.277
1749263855,7.40200000,2.27000000,7.277
1749263855,7.40300000,750.00000000,7.277
1749263855,7.40400000,6.37000000,7.277
1749263855,7.40500000,124.66000000,7.277
1749263855,7.41100000,224.41000000,7.277
1749263855,7.41400000,120.63000000,7.277
1749263855,7.41600000,0.80000000,7.277
1749263855,7.41700000,1.68000000,7.277
1749263855,7.42500000,6.90000000,7.277
1749264157,7.28200000,55.65000000,7.279
1749264157,7.28300000,111.66000000,7.279
1749264157,7.28400000,79.41000000,7.279
1749264157,7.28500000,90.35000000,7.279
1749264157,7.28600000,124.87000000,7.279
1749264157,7.28700000,111.34000000,7.279
1749264157,7.28800000,156.60000000,7.279
1749264157,7.28900000,253.49000000,7.279
1749264157,7.29000000,362.78000000,7.279
1749264157,7.29100000,949.64000000,7.279
1749264157,7.29200000,193.98000000,7.279
1749264157,7.29300000,237.33000000,7.279
1749264157,7.29400000,196.58000000,7.279
1749264157,7.29500000,108.83000000,7.279
1749264157,7.29600000,118.97000000,7.279
1749264157,7.29700000,108.41000000,7.279
1749264157,7.29800000,300.21000000,7.279
1749264157,7.29900000,20.92000000,7.279
1749264157,7.30000000,189.87000000,7.279
1749264157,7.30100000,716.20000000,7.279
1749264157,7.30200000,36.43000000,7.279
1749264157,7.30300000,66.07000000,7.279
1749264157,7.30400000,46.85000000,7.279
1749264157,7.30500000,72.95000000,7.279
1749264157,7.30600000,76.17000000,7.279
1749264157,7.30700000,210.54000000,7.279
1749264157,7.30800000,35.40000000,7.279
1749264157,7.30900000,74.73000000,7.279
1749264157,7.31000000,21.95000000,7.279
1749264157,7.31100000,34.64000000,7.279
1749264157,7.31200000,21.68000000,7.279
1749264157,7.31300000,48.42000000,7.279
1749264157,7.31400000,35.75000000,7.279
1749264157,7.31500000,48.34000000,7.279
1749264157,7.31600000,102.41000000,7.279
1749264157,7.31700000,70.91000000,7.279
1749264157,7.31800000,49.36000000,7.279
1749264157,7.31900000,41.77000000,7.279
1749264157,7.32000000,68.84000000,7.279
1749264157,7.32100000,119.32000000,7.279
1749264157,7.32200000,87.05000000,7.279
1749264157,7.32300000,27.54000000,7.279
1749264157,7.32400000,303.08000000,7.279
1749264157,7.32600000,35.44000000,7.279
1749264157,7.32700000,14.14000000,7.279
1749264157,7.32800000,14.44000000,7.279
1749264157,7.33000000,28.38000000,7.279
1749264157,7.33100000,109.81000000,7.279
1749264157,7.33200000,28.01000000,7.279
1749264157,7.33300000,78.03000000,7.279
1749264157,7.33400000,31.39000000,7.279
1749264157,7.33500000,45.85000000,7.279
1749264157,7.33600000,14.77000000,7.279
1749264157,7.33700000,28.27000000,7.279
1749264157,7.33800000,62.28000000,7.279
1749264157,7.34000000,35.62000000,7.279
1749264157,7.34200000,71.82000000,7.279
1749264157,7.34300000,0.70000000,7.279
1749264157,7.34400000,7.65000000,7.279
1749264157,7.34500000,13.66000000,7.279
1749264157,7.34600000,1.03000000,7.279
1749264157,7.34700000,13.66000000,7.279
1749264157,7.34800000,13.66000000,7.279
1749264157,7.34900000,99.96000000,7.279
1749264157,7.35000000,2.21000000,7.279
1749264157,7.35100000,15.93000000,7.279
1749264157,7.35200000,0.75000000,7.279
1749264157,7.35400000,1.03000000,7.279
1749264157,7.35600000,137.01000000,7.279
1749264157,7.35800000,1.03000000,7.279
1749264157,7.36000000,471.02000000,7.279
1749264157,7.36100000,99.00000000,7.279
1749264157,7.36200000,1.03000000,7.279
1749264157,7.36600000,8.08000000,7.279
1749264157,7.36800000,85.11000000,7.279
1749264157,7.36900000,105.29000000,7.279
1749264157,7.37000000,1.03000000,7.279
1749264157,7.38000000,62.69000000,7.279
1749264157,7.38100000,284.76000000,7.279
1749264157,7.38200000,22.13000000,7.279
1749264157,7.39100000,108.00000000,7.279
1749264157,7.39200000,1.09000000,7.279
1749264157,7.39500000,113.58000000,7.279
1749264157,7.39800000,101.08000000,7.279
1749264157,7.39900000,231.56000000,7.279
1749264157,7.40000000,103.24000000,7.279
1749264157,7.40200000,2.27000000,7.279
1749264157,7.40400000,6.37000000,7.279
1749264157,7.40500000,124.66000000,7.279
1749264157,7.41100000,116.41000000,7.279
1749264157,7.41300000,750.00000000,7.279
1749264157,7.41400000,7.05000000,7.279
1749264157,7.41600000,573.42000000,7.279
1749264157,7.41700000,1.68000000,7.279
1749264157,7.42500000,6.90000000,7.279
1749264157,7.42600000,1.11000000,7.279
1749264157,7.43500000,34.17000000,7.279
1749264157,7.44100000,131.57000000,7.279
1749264157,7.45000000,1.18000000,7.279
1749264157,7.45100000,1.89000000,7.279
1749264459,7.28800000,35.00000000,7.289
1749264459,7.28900000,46.94000000,7.289
1749264459,7.29000000,102.08000000,7.289
1749264459,7.29100000,162.46000000,7.289
1749264459,7.29200000,47.58000000,7.289
1749264459,7.29300000,151.29000000,7.289
1749264459,7.29400000,443.31000000,7.289
1749264459,7.29500000,393.30000000,7.289
1749264459,7.29600000,589.09000000,7.289
1749264459,7.29700000,390.25000000,7.289
1749264459,7.29800000,280.75000000,7.289
1749264459,7.29900000,163.14000000,7.289
1749264459,7.30000000,75.16000000,7.289
1749264459,7.30100000,24.22000000,7.289
1749264459,7.30200000,23.74000000,7.289
1749264459,7.30300000,57.31000000,7.289
1749264459,7.30400000,117.87000000,7.289
1749264459,7.30500000,269.11000000,7.289
1749264459,7.30600000,126.72000000,7.289
1749264459,7.30700000,821.76000000,7.289
1749264459,7.30800000,64.02000000,7.289
1749264459,7.30900000,71.72000000,7.289
1749264459,7.31000000,35.66000000,7.289
1749264459,7.31100000,20.92000000,7.289
1749264459,7.31200000,50.76000000,7.289
1749264459,7.31300000,210.18000000,7.289
1749264459,7.31400000,39.62000000,7.289
1749264459,7.31500000,48.34000000,7.289
1749264459,7.31600000,102.83000000,7.289
1749264459,7.31700000,162.63000000,7.289
1749264459,7.31800000,52.28000000,7.289
1749264459,7.31900000,44.63000000,7.289
1749264459,7.32000000,88.66000000,7.289
1749264459,7.32100000,48.44000000,7.289
1749264459,7.32200000,1.03000000,7.289
1749264459,7.32300000,79.39000000,7.289
1749264459,7.32400000,56.46000000,7.289
1749264459,7.32600000,53.34000000,7.289
1749264459,7.32700000,73.55000000,7.289
1749264459,7.32800000,84.14000000,7.289
1749264459,7.33000000,14.71000000,7.289
1749264459,7.33100000,310.23000000,7.289
1749264459,7.33200000,106.26000000,7.289
1749264459,7.33300000,120.15000000,7.289
1749264459,7.33400000,46.05000000,7.289
1749264459,7.33500000,13.68000000,7.289
1749264459,7.33600000,0.75000000,7.289
1749264459,7.33700000,13.66000000,7.289
1749264459,7.33800000,14.72000000,7.289
1749264459,7.34000000,24.64000000,7.289
1749264459,7.34100000,43.11000000,7.289
1749264459,7.34200000,69.82000000,7.289
1749264459,7.34300000,0.70000000,7.289
1749264459,7.34400000,62.01000000,7.289
1749264459,7.34500000,13.66000000,7.289
1749264459,7.34600000,1.03000000,7.289
1749264459,7.34700000,13.66000000,7.289
1749264459,7.34900000,99.96000000,7.289
1749264459,7.35000000,2.21000000,7.289
1749264459,7.35100000,2.27000000,7.289
1749264459,7.35200000,0.75000000,7.289
1749264459,7.35400000,1.03000000,7.289
1749264459,7.35600000,137.01000000,7.289
1749264459,7.35800000,1.03000000,7.289
1749264459,7.36000000,70.08000000,7.289
1749264459,7.36100000,99.00000000,7.289
1749264459,7.36200000,1.03000000,7.289
1749264459,7.36600000,61.26000000,7.289
1749264459,7.36800000,85.11000000,7.289
1749264459,7.36900000,105.29000000,7.289
1749264459,7.37000000,1.03000000,7.289
1749264459,7.37200000,60.88000000,7.289
1749264459,7.37400000,1.03000000,7.289
1749264459,7.38000000,243.37000000,7.289
1749264459,7.38200000,22.13000000,7.289
1749264459,7.38700000,284.48000000,7.289
1749264459,7.39000000,10.00000000,7.289
1749264459,7.39100000,108.00000000,7.289
1749264459,7.39200000,117.50000000,7.289
1749264459,7.39500000,113.58000000,7.289
1749264459,7.39900000,100.41000000,7.289
1749264459,7.40000000,101.54000000,7.289
1749264459,7.40100000,573.78000000,7.289
1749264459,7.40200000,2.27000000,7.289
1749264459,7.40500000,124.66000000,7.289
1749264459,7.41400000,7.05000000,7.289
1749264459,7.41500000,750.00000000,7.289
1749264459,7.41600000,0.80000000,7.289
1749264459,7.41700000,1.68000000,7.289
1749264459,7.42300000,6.37000000,7.289
1749264459,7.42500000,6.90000000,7.289
1749264459,7.42600000,1.11000000,7.289
1749264459,7.43000000,10.00000000,7.289
1749264459,7.43500000,34.17000000,7.289
1749264459,7.44000000,10.00000000,7.289
1749264459,7.44100000,131.57000000,7.289
1749264459,7.45000000,1.18000000,7.289
1749264459,7.45100000,1.89000000,7.289
1749264459,7.45200000,2.27000000,7.289
1749264459,7.45500000,0.70000000,7.289
1749264760,7.32700000,44.80000000,7.328
1749264760,7.32800000,43.65000000,7.328
1749264760,7.32900000,83.31000000,7.328
1749264760,7.33000000,84.33000000,7.328
1749264760,7.33100000,103.17000000,7.328
1749264760,7.33200000,44.21000000,7.328
1749264760,7.33300000,199.26000000,7.328
1749264760,7.33400000,434.29000000,7.328
1749264760,7.33500000,599.66000000,7.328
1749264760,7.33600000,1119.79000000,7.328
1749264760,7.33700000,201.42000000,7.328
1749264760,7.33800000,654.68000000,7.328
1749264760,7.33900000,104.19000000,7.328
1749264760,7.34000000,320.89000000,7.328
1749264760,7.34100000,315.14000000,7.328
1749264760,7.34200000,158.96000000,7.328
1749264760,7.34300000,84.63000000,7.328
1749264760,7.34400000,125.77000000,7.328
1749264760,7.34500000,102.89000000,7.328
1749264760,7.34600000,121.92000000,7.328
1749264760,7.34700000,715.71000000,7.328
1749264760,7.34800000,21.67000000,7.328
1749264760,7.34900000,89.79000000,7.328
1749264760,7.35000000,112.88000000,7.328
1749264760,7.35100000,2.27000000,7.328
1749264760,7.35200000,46.73000000,7.328
1749264760,7.35300000,100.89000000,7.328
1749264760,7.35400000,69.77000000,7.328
1749264760,7.35500000,247.70000000,7.328
1749264760,7.35600000,21.67000000,7.328
1749264760,7.35700000,34.61000000,7.328
1749264760,7.35800000,113.75000000,7.328
1749264760,7.35900000,73.16000000,7.328
1749264760,7.36000000,52.73000000,7.328
1749264760,7.36100000,106.07000000,7.328
1749264760,7.36200000,87.05000000,7.328
1749264760,7.36300000,13.68000000,7.328
1749264760,7.36400000,125.58000000,7.328
1749264760,7.36500000,13.68000000,7.328
1749264760,7.36600000,42.21000000,7.328
1749264760,7.36700000,13.67000000,7.328
1749264760,7.36800000,14.42000000,7.328
1749264760,7.36900000,105.29000000,7.328
1749264760,7.37000000,274.20000000,7.328
1749264760,7.37100000,50.30000000,7.328
1749264760,7.37200000,49.71000000,7.328
1749264760,7.37300000,13.67000000,7.328
1749264760,7.37400000,155.98000000,7.328
1749264760,7.37500000,13.65000000,7.328
1749264760,7.37600000,0.75000000,7.328
1749264760,7.37700000,13.65000000,7.328
1749264760,7.37800000,1.03000000,7.328
1749264760,7.37900000,13.67000000,7.328
1749264760,7.38000000,11.81000000,7.328
1749264760,7.38100000,137.21000000,7.328
1749264760,7.38200000,122.16000000,7.328
1749264760,7.38400000,0.75000000,7.328
1749264760,7.38600000,198.92000000,7.328
1749264760,7.39000000,11.03000000,7.328
1749264760,7.39200000,1.84000000,7.328
1749264760,7.39300000,84.36000000,7.328
1749264760,7.39400000,1.03000000,7.328
1749264760,7.39500000,113.58000000,7.328
1749264760,7.39700000,33.02000000,7.328
1749264760,7.39800000,1.03000000,7.328
1749264760,7.39900000,113.55000000,7.328
1749264760,7.40000000,130.68000000,7.328
1749264760,7.40200000,3.30000000,7.328
1749264760,7.40500000,124.66000000,7.328
1749264760,7.40600000,1.03000000,7.328
1749264760,7.40800000,0.75000000,7.328
1749264760,7.41000000,1.03000000,7.328
1749264760,7.41100000,224.41000000,7.328
1749264760,7.41400000,7.05000000,7.328
1749264760,7.41600000,0.80000000,7.328
1749264760,7.41700000,1.68000000,7.328
1749264760,7.42000000,572.32000000,7.328
1749264760,7.42500000,208.36000000,7.328
1749264760,7.42600000,1.11000000,7.328
1749264760,7.43000000,292.95000000,7.328
1749264760,7.43500000,34.17000000,7.328
1749264760,7.44000000,10.00000000,7.328
1749264760,7.44100000,131.57000000,7.328
1749264760,7.44200000,6.37000000,7.328
1749264760,7.45000000,1.18000000,7.328
1749264760,7.45100000,1.89000000,7.328
1749264760,7.45200000,2.27000000,7.328
1749264760,7.45500000,0.70000000,7.328
1749264760,7.45700000,1.35000000,7.328
1749264760,7.45900000,750.00000000,7.328
1749264760,7.46100000,7.05000000,7.328
1749264760,7.46700000,32.31000000,7.328
1749264760,7.47300000,1.11000000,7.328
1749264760,7.47800000,1.08000000,7.328
1749264760,7.48000000,10.00000000,7.328
1749264760,7.49000000,17.06000000,7.328
1749264760,7.49200000,7.76000000,7.328
1749264760,7.49600000,0.98000000,7.328
1749264760,7.50000000,1.94000000,7.328
1749264760,7.50300000,4.15000000,7.328
1749265062,7.33100000,63.20000000,7.328
1749265062,7.33200000,125.00000000,7.328
1749265062,7.33300000,140.13000000,7.328
1749265062,7.33400000,115.41000000,7.328
1749265062,7.33500000,85.87000000,7.328
1749265062,7.33600000,204.62000000,7.328
1749265062,7.33700000,103.77000000,7.328
1749265062,7.33800000,160.74000000,7.328
1749265062,7.33900000,107.55000000,7.328
1749265062,7.34000000,169.01000000,7.328
1749265062,7.34100000,162.02000000,7.328
1749265062,7.34200000,188.06000000,7.328
1749265062,7.34300000,318.60000000,7.328
1749265062,7.34400000,729.22000000,7.328
1749265062,7.34500000,256.65000000,7.328
1749265062,7.34600000,50.34000000,7.328
1749265062,7.34700000,21.95000000,7.328
1749265062,7.34800000,715.72000000,7.328
1749265062,7.34900000,173.06000000,7.328
1749265062,7.35000000,96.28000000,7.328
1749265062,7.35100000,58.80000000,7.328
1749265062,7.35200000,54.58000000,7.328
1749265062,7.35300000,79.75000000,7.328
1749265062,7.35400000,35.57000000,7.328
1749265062,7.35500000,20.92000000,7.328
1749265062,7.35600000,210.02000000,7.328
1749265062,7.35700000,88.98000000,7.328
1749265062,7.35800000,21.95000000,7.328
1749265062,7.35900000,61.83000000,7.328
1749265062,7.36000000,89.14000000,7.328
1749265062,7.36100000,72.40000000,7.328
1749265062,7.36200000,21.95000000,7.328
1749265062,7.36300000,216.47000000,7.328
1749265062,7.36400000,573.80000000,7.328
1749265062,7.36500000,62.26000000,7.328
1749265062,7.36600000,29.00000000,7.328
1749265062,7.36700000,34.59000000,7.328
1749265062,7.36800000,65.39000000,7.328
1749265062,7.36900000,158.38000000,7.328
1749265062,7.37000000,35.62000000,7.328
1749265062,7.37100000,53.50000000,7.328
1749265062,7.37200000,49.87000000,7.328
1749265062,7.37300000,379.86000000,7.328
1749265062,7.37400000,121.91000000,7.328
1749265062,7.37500000,86.54000000,7.328
1749265062,7.37600000,0.75000000,7.328
1749265062,7.37700000,44.01000000,7.328
1749265062,7.37800000,1.03000000,7.328
1749265062,7.37900000,105.47000000,7.328
1749265062,7.38000000,81.80000000,7.328
1749265062,7.38100000,138.49000000,7.328
1749265062,7.38200000,23.16000000,7.328
1749265062,7.38300000,13.64000000,7.328
1749265062,7.38400000,0.75000000,7.328
1749265062,7.38500000,13.64000000,7.328
1749265062,7.38600000,1.03000000,7.328
1749265062,7.38700000,67.91000000,7.328
1749265062,7.38900000,13.64000000,7.328
1749265062,7.39000000,11.03000000,7.328
1749265062,7.39100000,13.64000000,7.328
1749265062,7.39200000,1.84000000,7.328
1749265062,7.39300000,74.50000000,7.328
1749265062,7.39400000,1.03000000,7.328
1749265062,7.39500000,13.62000000,7.328
1749265062,7.39700000,46.63000000,7.328
1749265062,7.39800000,14.64000000,7.328
1749265062,7.40000000,12.67000000,7.328
1749265062,7.40100000,99.00000000,7.328
1749265062,7.40200000,3.30000000,7.328
1749265062,7.40600000,1.03000000,7.328
1749265062,7.40800000,0.75000000,7.328
1749265062,7.41000000,1.03000000,7.328
1749265062,7.41400000,8.08000000,7.328
1749265062,7.41600000,138.56000000,7.328
1749265062,7.41700000,1.68000000,7.328
1749265062,7.41800000,1.03000000,7.328
1749265062,7.41900000,231.56000000,7.328
1749265062,7.42000000,84.36000000,7.328
1749265062,7.42200000,1.03000000,7.328
1749265062,7.42500000,6.90000000,7.328
1749265062,7.42600000,126.80000000,7.328
1749265062,7.43000000,234.41000000,7.328
1749265062,7.43500000,147.75000000,7.328
1749265062,7.43700000,282.52000000,7.328
1749265062,7.44000000,10.00000000,7.328
1749265062,7.45000000,202.70000000,7.328
1749265062,7.45100000,1.89000000,7.328
1749265062,7.45200000,2.27000000,7.328
1749265062,7.45500000,0.70000000,7.328
1749265062,7.45700000,1.35000000,7.328
1749265062,7.46000000,881.57000000,7.328
1749265062,7.46100000,7.05000000,7.328
1749265062,7.46700000,0.80000000,7.328
1749265062,7.46800000,6.37000000,7.328
1749265062,7.47300000,1.11000000,7.328
1749265062,7.47800000,1.08000000,7.328
1749265062,7.48000000,10.00000000,7.328
1749265062,7.48500000,567.35000000,7.328
1749265062,7.49000000,17.06000000,7.328
1749265062,7.49200000,7.76000000,7.328
1749265372,7.30500000,26.06000000,7.305
1749265372,7.30600000,42.58000000,7.305
1749265372,7.30700000,68.93000000,7.305
1749265372,7.30800000,64.12000000,7.305
1749265372,7.30900000,184.01000000,7.305
1749265372,7.31000000,48.20000000,7.305
1749265372,7.31100000,133.79000000,7.305
1749265372,7.31200000,148.69000000,7.305
1749265372,7.31300000,210.07000000,7.305
1749265372,7.31400000,806.51000000,7.305
1749265372,7.31500000,652.80000000,7.305
1749265372,7.31600000,660.03000000,7.305
1749265372,7.31700000,324.31000000,7.305
1749265372,7.31800000,23.74000000,7.305
1749265372,7.31900000,57.64000000,7.305
1749265372,7.32000000,201.20000000,7.305
1749265372,7.32100000,424.91000000,7.305
1749265372,7.32200000,23.74000000,7.305
1749265372,7.32300000,21.95000000,7.305
1749265372,7.32400000,704.35000000,7.305
1749265372,7.32500000,48.28000000,7.305
1749265372,7.32600000,36.38000000,7.305
1749265372,7.32700000,75.50000000,7.305
1749265372,7.32800000,280.15000000,7.305
1749265372,7.32900000,205.68000000,7.305
1749265372,7.33000000,64.34000000,7.305
1749265372,7.33100000,170.41000000,7.305
1749265372,7.33200000,35.34000000,7.305
1749265372,7.33300000,20.92000000,7.305
1749265372,7.33400000,35.62000000,7.305
1749265372,7.33500000,20.92000000,7.305
1749265372,7.33600000,21.67000000,7.305
1749265372,7.33700000,34.59000000,7.305
1749265372,7.33800000,71.64000000,7.305
1749265372,7.33900000,86.88000000,7.305
1749265372,7.34000000,35.32000000,7.305
1749265372,7.34100000,48.58000000,7.305
1749265372,7.34200000,105.34000000,7.305
1749265372,7.34300000,35.27000000,7.305
1749265372,7.34400000,51.72000000,7.305
1749265372,7.34500000,34.57000000,7.305
1749265372,7.34600000,87.05000000,7.305
1749265372,7.34700000,13.64000000,7.305
1749265372,7.34800000,14.38000000,7.305
1749265372,7.34900000,50.03000000,7.305
1749265372,7.35000000,55.13000000,7.305
1749265372,7.35100000,46.26000000,7.305
1749265372,7.35200000,14.37000000,7.305
1749265372,7.35400000,52.67000000,7.305
1749265372,7.35600000,68.15000000,7.305
1749265372,7.35700000,43.11000000,7.305
1749265372,7.35800000,1.03000000,7.305
1749265372,7.35900000,365.21000000,7.305
1749265372,7.36000000,14.36000000,7.305
1749265372,7.36100000,54.08000000,7.305
1749265372,7.36200000,1.03000000,7.305
1749265372,7.36300000,13.61000000,7.305
1749265372,7.36400000,499.50000000,7.305
1749265372,7.36500000,13.68000000,7.305
1749265372,7.36600000,8.08000000,7.305
1749265372,7.36700000,13.67000000,7.305
1749265372,7.36800000,14.42000000,7.305
1749265372,7.36900000,105.29000000,7.305
1749265372,7.37000000,14.70000000,7.305
1749265372,7.37300000,13.67000000,7.305
1749265372,7.37400000,100.99000000,7.305
1749265372,7.37500000,13.65000000,7.305
1749265372,7.37600000,61.63000000,7.305
1749265372,7.37700000,13.65000000,7.305
1749265372,7.37800000,1.03000000,7.305
1749265372,7.37900000,150.68000000,7.305
1749265372,7.38000000,11.81000000,7.305
1749265372,7.38100000,82.97000000,7.305
1749265372,7.38200000,206.52000000,7.305
1749265372,7.38300000,13.64000000,7.305
1749265372,7.38400000,0.75000000,7.305
1749265372,7.38500000,13.64000000,7.305
1749265372,7.38600000,1.03000000,7.305
1749265372,7.38700000,13.64000000,7.305
1749265372,7.39000000,11.03000000,7.305
1749265372,7.39200000,1.84000000,7.305
1749265372,7.39400000,1.03000000,7.305
1749265372,7.39700000,33.02000000,7.305
1749265372,7.39800000,1.03000000,7.305
1749265372,7.40000000,243.48000000,7.305
1749265372,7.40200000,3.30000000,7.305
1749265372,7.40600000,1.03000000,7.305
1749265372,7.41000000,1.03000000,7.305
1749265372,7.41100000,224.41000000,7.305
1749265372,7.41400000,8.08000000,7.305
1749265372,7.41600000,114.38000000,7.305
1749265372,7.41700000,1.68000000,7.305
1749265372,7.41800000,284.44000000,7.305
1749265372,7.42200000,1.03000000,7.305
1749265372,7.42500000,209.25000000,7.305
1749265372,7.42600000,126.80000000,7.305
1749265372,7.43000000,10.00000000,7.305
1749265372,7.43400000,750.00000000,7.305
1749265372,7.43500000,34.17000000,7.305
1749265372,7.44000000,10.00000000,7.305
1749265673,7.31700000,35.56000000,7.316
1749265673,7.31800000,59.64000000,7.316
1749265673,7.31900000,89.04000000,7.316
1749265673,7.32000000,98.78000000,7.316
1749265673,7.32100000,56.31000000,7.316
1749265673,7.32200000,45.77000000,7.316
1749265673,7.32300000,73.76000000,7.316
1749265673,7.32400000,160.34000000,7.316
1749265673,7.32500000,232.20000000,7.316
1749265673,7.32600000,226.29000000,7.316
1749265673,7.32700000,870.25000000,7.316
1749265673,7.32800000,678.81000000,7.316
1749265673,7.32900000,800.43000000,7.316
1749265673,7.33000000,282.83000000,7.316
1749265673,7.33100000,264.76000000,7.316
1749265673,7.33200000,21.68000000,7.316
1749265673,7.33300000,49.30000000,7.316
1749265673,7.33400000,54.30000000,7.316
1749265673,7.33500000,105.32000000,7.316
1749265673,7.33600000,55.15000000,7.316
1749265673,7.33700000,35.85000000,7.316
1749265673,7.33800000,214.09000000,7.316
1749265673,7.33900000,97.55000000,7.316
1749265673,7.34000000,714.97000000,7.316
1749265673,7.34100000,27.76000000,7.316
1749265673,7.34200000,73.06000000,7.316
1749265673,7.34300000,35.27000000,7.316
1749265673,7.34400000,33.06000000,7.316
1749265673,7.34500000,34.57000000,7.316
1749265673,7.34600000,209.92000000,7.316
1749265673,7.34700000,34.56000000,7.316
1749265673,7.34800000,247.29000000,7.316
1749265673,7.34900000,71.94000000,7.316
1749265673,7.35000000,103.21000000,7.316
1749265673,7.35100000,36.82000000,7.316
1749265673,7.35200000,35.29000000,7.316
1749265673,7.35300000,103.79000000,7.316
1749265673,7.35400000,78.68000000,7.316
1749265673,7.35600000,127.09000000,7.316
1749265673,7.35700000,33.02000000,7.316
1749265673,7.35800000,107.21000000,7.316
1749265673,7.35900000,13.61000000,7.316
1749265673,7.36000000,68.24000000,7.316
1749265673,7.36100000,53.09000000,7.316
1749265673,7.36200000,1.03000000,7.316
1749265673,7.36300000,13.61000000,7.316
1749265673,7.36400000,499.50000000,7.316
1749265673,7.36500000,13.68000000,7.316
1749265673,7.36600000,267.79000000,7.316
1749265673,7.36700000,13.67000000,7.316
1749265673,7.36800000,14.42000000,7.316
1749265673,7.36900000,160.25000000,7.316
1749265673,7.37000000,114.66000000,7.316
1749265673,7.37300000,67.76000000,7.316
1749265673,7.37400000,1.03000000,7.316
1749265673,7.37500000,13.65000000,7.316
1749265673,7.37600000,0.75000000,7.316
1749265673,7.37800000,70.36000000,7.316
1749265673,7.37900000,137.01000000,7.316
1749265673,7.38000000,11.81000000,7.316
1749265673,7.38200000,206.52000000,7.316
1749265673,7.38300000,60.88000000,7.316
1749265673,7.38400000,0.75000000,7.316
1749265673,7.38600000,1.03000000,7.316
1749265673,7.38800000,0.70000000,7.316
1749265673,7.38900000,4.11000000,7.316
1749265673,7.39000000,11.03000000,7.316
1749265673,7.39200000,1.84000000,7.316
1749265673,7.39400000,1.73000000,7.316
1749265673,7.39800000,1.03000000,7.316
1749265673,7.40000000,126.22000000,7.316
1749265673,7.40200000,3.30000000,7.316
1749265673,7.40600000,1.03000000,7.316
1749265673,7.41000000,1.03000000,7.316
1749265673,7.41100000,224.41000000,7.316
1749265673,7.41400000,8.08000000,7.316
1749265673,7.41600000,114.38000000,7.316
1749265673,7.41700000,1.68000000,7.316
1749265673,7.41800000,1.03000000,7.316
1749265673,7.42100000,118.01000000,7.316
1749265673,7.42200000,284.24000000,7.316
1749265673,7.42400000,124.66000000,7.316
1749265673,7.42500000,107.74000000,7.316
1749265673,7.42600000,102.00000000,7.316
1749265673,7.43000000,10.00000000,7.316
1749265673,7.43500000,34.17000000,7.316
1749265673,7.43700000,6.37000000,7.316
1749265673,7.44000000,10.00000000,7.316
1749265673,7.44300000,570.55000000,7.316
1749265673,7.45000000,1.18000000,7.316
1749265673,7.45100000,1.89000000,7.316
1749265673,7.45200000,752.27000000,7.316
1749265673,7.45500000,0.70000000,7.316
1749265673,7.45700000,1.35000000,7.316
1749265673,7.46000000,131.57000000,7.316
1749265673,7.46100000,7.05000000,7.316
1749265673,7.46700000,0.80000000,7.316
1749265673,7.47300000,1.11000000,7.316
1749265673,7.47800000,1.08000000,7.316
1749265673,7.48000000,10.00000000,7.316
1749265975,7.30000000,38.86000000,7.298
1749265975,7.30100000,70.78000000,7.298
1749265975,7.30200000,96.65000000,7.298
1749265975,7.30300000,119.54000000,7.298
1749265975,7.30400000,37.95000000,7.298
1749265975,7.30500000,109.43000000,7.298
1749265975,7.30600000,83.04000000,7.298
1749265975,7.30700000,83.50000000,7.298
1749265975,7.30800000,414.11000000,7.298
1749265975,7.30900000,918.27000000,7.298
1749265975,7.31000000,612.39000000,7.298
1749265975,7.31100000,498.23000000,7.298
1749265975,7.31200000,22.71000000,7.298
1749265975,7.31300000,49.84000000,7.298
1749265975,7.31400000,206.22000000,7.298
1749265975,7.31500000,373.24000000,7.298
1749265975,7.31600000,212.05000000,7.298
1749265975,7.31700000,113.78000000,7.298
1749265975,7.31800000,123.94000000,7.298
1749265975,7.31900000,134.97000000,7.298
1749265975,7.32000000,762.27000000,7.298
1749265975,7.32100000,34.61000000,7.298
1749265975,7.32200000,22.71000000,7.298
1749265975,7.32300000,34.60000000,7.298
1749265975,7.32400000,57.50000000,7.298
1749265975,7.32500000,43.02000000,7.298
1749265975,7.32600000,28.79000000,7.298
1749265975,7.32700000,263.81000000,7.298
1749265975,7.32800000,88.48000000,7.298
1749265975,7.32900000,20.92000000,7.298
1749265975,7.33000000,35.63000000,7.298
1749265975,7.33100000,71.24000000,7.298
1749265975,7.33200000,35.35000000,7.298
1749265975,7.33400000,35.61000000,7.298
1749265975,7.33500000,55.15000000,7.298
1749265975,7.33600000,51.72000000,7.298
1749265975,7.33700000,154.04000000,7.298
1749265975,7.33800000,88.89000000,7.298
1749265975,7.33900000,73.18000000,7.298
1749265975,7.34000000,35.32000000,7.298
1749265975,7.34200000,120.59000000,7.298
1749265975,7.34300000,46.52000000,7.298
1749265975,7.34400000,0.75000000,7.298
1749265975,7.34500000,13.65000000,7.298
1749265975,7.34600000,87.05000000,7.298
1749265975,7.34700000,13.64000000,7.298
1749265975,7.34800000,13.63000000,7.298
1749265975,7.35000000,262.32000000,7.298
1749265975,7.35100000,59.01000000,7.298
1749265975,7.35200000,44.73000000,7.298
1749265975,7.35400000,14.65000000,7.298
1749265975,7.35600000,68.64000000,7.298
1749265975,7.35700000,33.02000000,7.298
1749265975,7.35800000,1.03000000,7.298
1749265975,7.35900000,13.61000000,7.298
1749265975,7.36000000,68.75000000,7.298
1749265975,7.36200000,1.03000000,7.298
1749265975,7.36300000,13.61000000,7.298
1749265975,7.36400000,499.50000000,7.298
1749265975,7.36500000,13.68000000,7.298
1749265975,7.36600000,8.08000000,7.298
1749265975,7.36700000,13.67000000,7.298
1749265975,7.36800000,196.36000000,7.298
1749265975,7.36900000,105.29000000,7.298
1749265975,7.37000000,114.66000000,7.298
1749265975,7.37300000,13.67000000,7.298
1749265975,7.37400000,1.03000000,7.298
1749265975,7.37500000,13.65000000,7.298
1749265975,7.37600000,0.75000000,7.298
1749265975,7.37700000,60.88000000,7.298
1749265975,7.37800000,70.36000000,7.298
1749265975,7.37900000,137.01000000,7.298
1749265975,7.38000000,11.81000000,7.298
1749265975,7.38200000,206.52000000,7.298
1749265975,7.38400000,0.75000000,7.298
1749265975,7.38600000,1.03000000,7.298
1749265975,7.38800000,0.70000000,7.298
1749265975,7.38900000,4.11000000,7.298
1749265975,7.39000000,11.03000000,7.298
1749265975,7.39200000,1.09000000,7.298
1749265975,7.39400000,1.73000000,7.298
1749265975,7.39800000,1.03000000,7.298
1749265975,7.40000000,11.92000000,7.298
1749265975,7.40100000,99.46000000,7.298
1749265975,7.40200000,3.30000000,7.298
1749265975,7.40500000,283.78000000,7.298
1749265975,7.40600000,1.03000000,7.298
1749265975,7.41000000,1.03000000,7.298
1749265975,7.41400000,8.08000000,7.298
1749265975,7.41600000,0.80000000,7.298
1749265975,7.41700000,1.68000000,7.298
1749265975,7.41800000,7.40000000,7.298
1749265975,7.41900000,113.55000000,7.298
1749265975,7.42100000,118.01000000,7.298
1749265975,7.42200000,1.03000000,7.298
1749265975,7.42400000,124.66000000,7.298
1749265975,7.42500000,107.74000000,7.298
1749265975,7.42600000,2.14000000,7.298
1749265975,7.43000000,234.41000000,7.298
1749265975,7.43400000,750.00000000,7.298
1749266281,7.29900000,39.68000000,7.3
1749266281,7.30000000,37.87000000,7.3
1749266281,7.30100000,117.84000000,7.3
1749266281,7.30200000,83.04000000,7.3
1749266281,7.30300000,86.22000000,7.3
1749266281,7.30400000,185.66000000,7.3
1749266281,7.30500000,130.94000000,7.3
1749266281,7.30600000,135.29000000,7.3
1749266281,7.30700000,40.91000000,7.3
1749266281,7.30800000,77.62000000,7.3
1749266281,7.30900000,191.41000000,7.3
1749266281,7.31000000,333.22000000,7.3
1749266281,7.31100000,106.54000000,7.3
1749266281,7.31200000,116.02000000,7.3
1749266281,7.31300000,1788.67000000,7.3
1749266281,7.31400000,33733.81000000,7.3
1749266281,7.31500000,21.95000000,7.3
1749266281,7.31600000,302.64000000,7.3
1749266281,7.31700000,71.53000000,7.3
1749266281,7.31800000,36.67000000,7.3
1749266281,7.31900000,733.40000000,7.3
1749266281,7.32000000,93.55000000,7.3
1749266281,7.32100000,41.22000000,7.3
1749266281,7.32200000,36.86000000,7.3
1749266281,7.32300000,307.33000000,7.3
1749266281,7.32400000,21.68000000,7.3
1749266281,7.32500000,41.42000000,7.3
1749266281,7.32600000,57.82000000,7.3
1749266281,7.32700000,94.60000000,7.3
1749266281,7.32800000,84.62000000,7.3
1749266281,7.32900000,20.92000000,7.3
1749266281,7.33000000,35.61000000,7.3
1749266281,7.33100000,71.02000000,7.3
1749266281,7.33200000,63.00000000,7.3
1749266281,7.33300000,20.92000000,7.3
1749266281,7.33400000,21.95000000,7.3
1749266281,7.33500000,34.58000000,7.3
1749266281,7.33600000,0.75000000,7.3
1749266281,7.33700000,13.66000000,7.3
1749266281,7.33800000,137.37000000,7.3
1749266281,7.33900000,64.95000000,7.3
1749266281,7.34000000,0.75000000,7.3
1749266281,7.34100000,45.81000000,7.3
1749266281,7.34200000,51.21000000,7.3
1749266281,7.34300000,106.14000000,7.3
1749266281,7.34400000,14.39000000,7.3
1749266281,7.34600000,31.39000000,7.3
1749266281,7.34700000,303.85000000,7.3
1749266281,7.34800000,13.64000000,7.3
1749266281,7.35000000,15.84000000,7.3
1749266281,7.35100000,2.27000000,7.3
1749266281,7.35200000,46.21000000,7.3
1749266281,7.35400000,1.03000000,7.3
1749266281,7.35500000,67.84000000,7.3
1749266281,7.35600000,13.62000000,7.3
1749266281,7.35800000,44.14000000,7.3
1749266281,7.35900000,68.18000000,7.3
1749266281,7.36000000,14.36000000,7.3
1749266281,7.36200000,1.03000000,7.3
1749266281,7.36300000,13.61000000,7.3
1749266281,7.36400000,499.50000000,7.3
1749266281,7.36500000,13.68000000,7.3
1749266281,7.36600000,8.08000000,7.3
1749266281,7.36700000,13.67000000,7.3
1749266281,7.36800000,14.42000000,7.3
1749266281,7.36900000,105.29000000,7.3
1749266281,7.37000000,114.66000000,7.3
1749266281,7.37300000,13.67000000,7.3
1749266281,7.37400000,1.03000000,7.3
1749266281,7.37500000,74.53000000,7.3
1749266281,7.37600000,14.40000000,7.3
1749266281,7.37800000,70.36000000,7.3
1749266281,7.37900000,150.66000000,7.3
1749266281,7.38000000,11.81000000,7.3
1749266281,7.38100000,13.65000000,7.3
1749266281,7.38200000,122.16000000,7.3
1749266281,7.38300000,13.65000000,7.3
1749266281,7.38400000,0.75000000,7.3
1749266281,7.38600000,67.62000000,7.3
1749266281,7.38800000,0.70000000,7.3
1749266281,7.38900000,4.11000000,7.3
1749266281,7.39000000,11.03000000,7.3
1749266281,7.39100000,33.02000000,7.3
1749266281,7.39200000,1.84000000,7.3
1749266281,7.39400000,1.73000000,7.3
1749266281,7.39800000,1.03000000,7.3
1749266281,7.40000000,11.92000000,7.3
1749266281,7.40200000,3.30000000,7.3
1749266281,7.40300000,283.85000000,7.3
1749266281,7.40600000,1.03000000,7.3
1749266281,7.40800000,84.36000000,7.3
1749266281,7.41000000,1.03000000,7.3
1749266281,7.41400000,8.08000000,7.3
1749266281,7.41600000,0.80000000,7.3
1749266281,7.41700000,1.68000000,7.3
1749266281,7.41800000,1.03000000,7.3
1749266281,7.41900000,113.55000000,7.3
1749266281,7.42200000,1.03000000,7.3
1749266281,7.42400000,124.66000000,7.3
1749266281,7.42500000,107.74000000,7.3
1749266583,7.26500000,10.52000000,7.266
1749266583,7.26600000,200.48000000,7.266
1749266583,7.26700000,64.49000000,7.266
1749266583,7.26800000,131.13000000,7.266
1749266583,7.26900000,255.30000000,7.266
1749266583,7.27000000,456.25000000,7.266
1749266583,7.27100000,693.89000000,7.266
1749266583,7.27200000,1309.59000000,7.266
1749266583,7.27300000,612.62000000,7.266
1749266583,7.27400000,614.59000000,7.266
1749266583,7.27500000,436.46000000,7.266
1749266583,7.27600000,848.59000000,7.266
1749266583,7.27700000,851.95000000,7.266
1749266583,7.27800000,1181.78000000,7.266
1749266583,7.27900000,1380.14000000,7.266
1749266583,7.28000000,119.14000000,7.266
1749266583,7.28100000,27.38000000,7.266
1749266583,7.28200000,23.76000000,7.266
1749266583,7.28300000,91.02000000,7.266
1749266583,7.28400000,764.31000000,7.266
1749266583,7.28500000,56.33000000,7.266
1749266583,7.28600000,37.70000000,7.266
1749266583,7.28700000,92.60000000,7.266
1749266583,7.28800000,167.02000000,7.266
1749266583,7.28900000,62.21000000,7.266
1749266583,7.29000000,48.68000000,7.266
1749266583,7.29100000,52.93000000,7.266
1749266583,7.29200000,239.55000000,7.266
1749266583,7.29300000,39.07000000,7.266
1749266583,7.29400000,90.92000000,7.266
1749266583,7.29500000,103.43000000,7.266
1749266583,7.29600000,39.60000000,7.266
1749266583,7.29700000,52.79000000,7.266
1749266583,7.29800000,93.90000000,7.266
1749266583,7.29900000,51.18000000,7.266
1749266583,7.30000000,22.86000000,7.266
1749266583,7.30100000,36.90000000,7.266
1749266583,7.30200000,122.52000000,7.266
1749266583,7.30300000,20.92000000,7.266
1749266583,7.30400000,43.40000000,7.266
1749266583,7.30500000,93.56000000,7.266
1749266583,7.30600000,65.22000000,7.266
1749266583,7.30800000,14.47000000,7.266
1749266583,7.30900000,50.94000000,7.266
1749266583,7.31000000,262.51000000,7.266
1749266583,7.31100000,13.70000000,7.266
1749266583,7.31200000,87.62000000,7.266
1749266583,7.31400000,33.20000000,7.266
1749266583,7.31500000,13.70000000,7.266
1749266583,7.31600000,54.01000000,7.266
1749266583,7.31700000,69.07000000,7.266
1749266583,7.31800000,45.08000000,7.266
1749266583,7.31900000,7.05000000,7.266
1749266583,7.32000000,0.76000000,7.266
1749266583,7.32100000,105.46000000,7.266
1749266583,7.32200000,14.69000000,7.266
1749266583,7.32500000,13.66000000,7.266
1749266583,7.32600000,14.69000000,7.266
1749266583,7.32800000,14.42000000,7.266
1749266583,7.33000000,14.69000000,7.266
1749266583,7.33200000,113.62000000,7.266
1749266583,7.33300000,1.11000000,7.266
1749266583,7.33400000,1.03000000,7.266
1749266583,7.33500000,13.66000000,7.266
1749266583,7.33600000,0.75000000,7.266
1749266583,7.33700000,13.66000000,7.266
1749266583,7.33800000,70.36000000,7.266
1749266583,7.33900000,13.66000000,7.266
1749266583,7.34000000,10.98000000,7.266
1749266583,7.34100000,13.64000000,7.266
1749266583,7.34200000,138.04000000,7.266
1749266583,7.34300000,14.34000000,7.266
1749266583,7.34400000,120.29000000,7.266
1749266583,7.34500000,60.88000000,7.266
1749266583,7.34600000,1.03000000,7.266
1749266583,7.34700000,13.64000000,7.266
1749266583,7.35000000,2.21000000,7.266
1749266583,7.35100000,2.27000000,7.266
1749266583,7.35200000,0.75000000,7.266
1749266583,7.35400000,34.05000000,7.266
1749266583,7.35800000,1.03000000,7.266
1749266583,7.36200000,1.03000000,7.266
1749266583,7.36400000,499.50000000,7.266
1749266583,7.36600000,8.08000000,7.266
1749266583,7.36700000,66.59000000,7.266
1749266583,7.36800000,285.19000000,7.266
1749266583,7.36900000,115.21000000,7.266
1749266583,7.37000000,85.39000000,7.266
1749266583,7.37300000,100.66000000,7.266
1749266583,7.37400000,1.03000000,7.266
1749266583,7.37600000,100.38000000,7.266
1749266583,7.37800000,1.03000000,7.266
1749266583,7.38000000,11.81000000,7.266
1749266583,7.38200000,23.16000000,7.266
1749266583,7.38300000,64.69000000,7.266
1749266583,7.38600000,1.03000000,7.266
1749266583,7.38700000,6.37000000,7.266
1749266583,7.39000000,11.03000000,7.266
1749266583,7.39200000,1.09000000,7.266
1749266583,7.39300000,750.00000000,7.266
1749266885,7.28000000,27.96000000,7.28
1749266885,7.28100000,44.15000000,7.28
1749266885,7.28200000,126.96000000,7.28
1749266885,7.28300000,210.37000000,7.28
1749266885,7.28400000,184.45000000,7.28
1749266885,7.28500000,286.22000000,7.28
1749266885,7.28600000,1003.94000000,7.28
1749266885,7.28700000,2267.12000000,7.28
1749266885,7.28800000,861.25000000,7.28
1749266885,7.28900000,1041.80000000,7.28
1749266885,7.29000000,1122.93000000,7.28
1749266885,7.29100000,1257.25000000,7.28
1749266885,7.29200000,470.75000000,7.28
1749266885,7.29300000,362.87000000,7.28
1749266885,7.29400000,73.25000000,7.28
1749266885,7.29500000,71.41000000,7.28
1749266885,7.29600000,46.88000000,7.28
1749266885,7.29700000,49.96000000,7.28
1749266885,7.29800000,139.39000000,7.28
1749266885,7.29900000,831.10000000,7.28
1749266885,7.30000000,43.45000000,7.28
1749266885,7.30100000,31.05000000,7.28
1749266885,7.30200000,43.67000000,7.28
1749266885,7.30300000,34.65000000,7.28
1749266885,7.30400000,224.22000000,7.28
1749266885,7.30500000,100.77000000,7.28
1749266885,7.30600000,72.43000000,7.28
1749266885,7.30700000,34.65000000,7.28
1749266885,7.30800000,35.39000000,7.28
1749266885,7.30900000,73.40000000,7.28
1749266885,7.31000000,1.03000000,7.28
1749266885,7.31100000,13.70000000,7.28
1749266885,7.31200000,44.51000000,7.28
1749266885,7.31400000,33.20000000,7.28
1749266885,7.31500000,13.70000000,7.28
1749266885,7.31600000,52.61000000,7.28
1749266885,7.31700000,65.38000000,7.28
1749266885,7.31800000,45.08000000,7.28
1749266885,7.31900000,93.91000000,7.28
1749266885,7.32000000,94.81000000,7.28
1749266885,7.32100000,105.46000000,7.28
1749266885,7.32200000,275.69000000,7.28
1749266885,7.32500000,13.66000000,7.28
1749266885,7.32600000,14.69000000,7.28
1749266885,7.32800000,14.42000000,7.28
1749266885,7.32900000,55.31000000,7.28
1749266885,7.33000000,68.65000000,7.28
1749266885,7.33100000,43.11000000,7.28
1749266885,7.33200000,113.62000000,7.28
1749266885,7.33300000,1.11000000,7.28
1749266885,7.33400000,1.03000000,7.28
1749266885,7.33500000,13.66000000,7.28
1749266885,7.33600000,0.75000000,7.28
1749266885,7.33700000,13.66000000,7.28
1749266885,7.33800000,70.36000000,7.28
1749266885,7.33900000,13.66000000,7.28
1749266885,7.34000000,10.98000000,7.28
1749266885,7.34100000,13.64000000,7.28
1749266885,7.34200000,138.04000000,7.28
1749266885,7.34300000,14.34000000,7.28
1749266885,7.34400000,120.29000000,7.28
1749266885,7.34600000,1.03000000,7.28
1749266885,7.34700000,13.64000000,7.28
1749266885,7.34900000,60.88000000,7.28
1749266885,7.35000000,2.21000000,7.28
1749266885,7.35100000,2.27000000,7.28
1749266885,7.35200000,0.75000000,7.28
1749266885,7.35400000,34.05000000,7.28
1749266885,7.35800000,1.03000000,7.28
1749266885,7.36000000,0.75000000,7.28
1749266885,7.36200000,1.03000000,7.28
1749266885,7.36400000,499.50000000,7.28
1749266885,7.36600000,8.08000000,7.28
1749266885,7.36900000,115.21000000,7.28
1749266885,7.37000000,85.39000000,7.28
1749266885,7.37300000,66.59000000,7.28
1749266885,7.37400000,1.03000000,7.28
1749266885,7.37600000,100.38000000,7.28
1749266885,7.37800000,1.03000000,7.28
1749266885,7.38000000,11.81000000,7.28
1749266885,7.38200000,307.99000000,7.28
1749266885,7.38600000,1.03000000,7.28
1749266885,7.38700000,6.37000000,7.28
1749266885,7.39000000,11.03000000,7.28
1749266885,7.39200000,1.09000000,7.28
1749266885,7.39400000,1.03000000,7.28
1749266885,7.39500000,64.69000000,7.28
1749266885,7.39800000,1.03000000,7.28
1749266885,7.39900000,214.28000000,7.28
1749266885,7.40000000,1.94000000,7.28
1749266885,7.40100000,118.01000000,7.28
1749266885,7.40200000,3.30000000,7.28
1749266885,7.40500000,124.66000000,7.28
1749266885,7.40600000,1.03000000,7.28
1749266885,7.40900000,108.00000000,7.28
1749266885,7.41000000,1.03000000,7.28
1749266885,7.41100000,116.41000000,7.28
1749266885,7.41200000,750.00000000,7.28
1749266885,7.41400000,8.08000000,7.28
1749266885,7.41600000,114.38000000,7.28
1749267186,7.24900000,56.96000000,7.248
1749267186,7.25000000,65.30000000,7.248
1749267186,7.25100000,91.50000000,7.248
1749267186,7.25200000,121.00000000,7.248
1749267186,7.25300000,206.33000000,7.248
1749267186,7.25400000,117.52000000,7.248
1749267186,7.25500000,151.90000000,7.248
1749267186,7.25600000,617.28000000,7.248
1749267186,7.25700000,982.50000000,7.248
1749267186,7.25800000,929.52000000,7.248
1749267186,7.25900000,69.71000000,7.248
1749267186,7.26000000,100.17000000,7.248
1749267186,7.26100000,110.11000000,7.248
1749267186,7.26200000,268.69000000,7.248
1749267186,7.26300000,835.04000000,7.248
1749267186,7.26400000,1922.12000000,7.248
1749267186,7.26500000,1328.26000000,7.248
1749267186,7.26600000,479.06000000,7.248
1749267186,7.26700000,21.96000000,7.248
1749267186,7.26800000,49.64000000,7.248
1749267186,7.26900000,50.48000000,7.248
1749267186,7.27000000,84.97000000,7.248
1749267186,7.27100000,709.50000000,7.248
1749267186,7.27200000,85.07000000,7.248
1749267186,7.27300000,110.24000000,7.248
1749267186,7.27400000,217.40000000,7.248
1749267186,7.27500000,127.70000000,7.248
1749267186,7.27600000,72.59000000,7.248
1749267186,7.27700000,34.69000000,7.248
1749267186,7.27800000,21.96000000,7.248
1749267186,7.27900000,34.69000000,7.248
1749267186,7.28000000,35.45000000,7.248
1749267186,7.28100000,20.92000000,7.248
1749267186,7.28200000,21.96000000,7.248
1749267186,7.28300000,87.85000000,7.248
1749267186,7.28400000,73.43000000,7.248
1749267186,7.28500000,34.68000000,7.248
1749267186,7.28600000,21.96000000,7.248
1749267186,7.28700000,115.10000000,7.248
1749267186,7.28800000,21.68000000,7.248
1749267186,7.28900000,34.67000000,7.248
1749267186,7.29000000,53.84000000,7.248
1749267186,7.29200000,0.76000000,7.248
1749267186,7.29300000,31.90000000,7.248
1749267186,7.29400000,140.26000000,7.248
1749267186,7.29500000,64.23000000,7.248
1749267186,7.29600000,14.52000000,7.248
1749267186,7.29800000,14.79000000,7.248
1749267186,7.29900000,261.79000000,7.248
1749267186,7.30000000,1.18000000,7.248
1749267186,7.30100000,46.08000000,7.248
1749267186,7.30200000,120.38000000,7.248
1749267186,7.30300000,201.85000000,7.248
1749267186,7.30400000,14.47000000,7.248
1749267186,7.30500000,0.70000000,7.248
1749267186,7.30600000,1.03000000,7.248
1749267186,7.30700000,13.71000000,7.248
1749267186,7.30800000,13.71000000,7.248
1749267186,7.31000000,1.03000000,7.248
1749267186,7.31100000,13.70000000,7.248
1749267186,7.31200000,14.46000000,7.248
1749267186,7.31400000,48.89000000,7.248
1749267186,7.31500000,13.70000000,7.248
1749267186,7.31700000,13.70000000,7.248
1749267186,7.31800000,14.72000000,7.248
1749267186,7.31900000,7.05000000,7.248
1749267186,7.32000000,33.78000000,7.248
1749267186,7.32100000,13.66000000,7.248
1749267186,7.32200000,14.69000000,7.248
1749267186,7.32500000,98.02000000,7.248
1749267186,7.32600000,75.57000000,7.248
1749267186,7.32800000,14.42000000,7.248
1749267186,7.33000000,14.69000000,7.248
1749267186,7.33200000,113.62000000,7.248
1749267186,7.33300000,1.11000000,7.248
1749267186,7.33400000,1.03000000,7.248
1749267186,7.33500000,13.66000000,7.248
1749267186,7.33600000,2.11000000,7.248
1749267186,7.33800000,70.36000000,7.248
1749267186,7.34000000,10.98000000,7.248
1749267186,7.34200000,138.04000000,7.248
1749267186,7.34300000,0.70000000,7.248
1749267186,7.34400000,106.65000000,7.248
1749267186,7.34600000,1.03000000,7.248
1749267186,7.35000000,2.21000000,7.248
1749267186,7.35100000,2.27000000,7.248
1749267186,7.35400000,1.03000000,7.248
1749267186,7.35500000,66.59000000,7.248
1749267186,7.35800000,1.03000000,7.248
1749267186,7.36000000,285.46000000,7.248
1749267186,7.36200000,1.03000000,7.248
1749267186,7.36400000,499.50000000,7.248
1749267186,7.36600000,8.08000000,7.248
1749267186,7.36800000,576.35000000,7.248
1749267186,7.36900000,115.21000000,7.248
1749267186,7.37000000,1.03000000,7.248
1749267186,7.37300000,99.37000000,7.248
1749267186,7.37400000,1.03000000,7.248
1749267186,7.37500000,100.45000000,7.248
1749267186,7.37600000,1.43000000,7.248
1749267493,7.24500000,37.52000000,7.241
1749267493,7.24600000,112.27000000,7.241
1749267493,7.24700000,245.42000000,7.241
1749267493,7.24800000,28.72000000,7.241
1749267493,7.24900000,146.69000000,7.241
1749267493,7.25000000,237.95000000,7.241
1749267493,7.25100000,302.44000000,7.241
1749267493,7.25200000,951.17000000,7.241
1749267493,7.25300000,1635.74000000,7.241
1749267493,7.25400000,986.87000000,7.241
1749267493,7.25500000,947.84000000,7.241
1749267493,7.25600000,643.02000000,7.241
1749267493,7.25700000,252.20000000,7.241
1749267493,7.25800000,1008.17000000,7.241
1749267493,7.25900000,625.65000000,7.241
1749267493,7.26000000,70.65000000,7.241
1749267493,7.26100000,397.34000000,7.241
1749267493,7.26200000,791.91000000,7.241
1749267493,7.26300000,20.92000000,7.241
1749267493,7.26400000,55.81000000,7.241
1749267493,7.26500000,118.00000000,7.241
1749267493,7.26600000,136.61000000,7.241
1749267493,7.26700000,195.02000000,7.241
1749267493,7.26800000,36.69000000,7.241
1749267493,7.26900000,20.92000000,7.241
1749267493,7.27000000,21.96000000,7.241
1749267493,7.27100000,34.70000000,7.241
1749267493,7.27200000,83.88000000,7.241
1749267493,7.27300000,88.24000000,7.241
1749267493,7.27400000,21.96000000,7.241
1749267493,7.27500000,34.69000000,7.241
1749267493,7.27600000,72.59000000,7.241
1749267493,7.27700000,34.69000000,7.241
1749267493,7.27800000,150.25000000,7.241
1749267493,7.27900000,59.44000000,7.241
1749267493,7.28000000,35.45000000,7.241
1749267493,7.28200000,21.96000000,7.241
1749267493,7.28300000,131.20000000,7.241
1749267493,7.28400000,75.40000000,7.241
1749267493,7.28500000,13.76000000,7.241
1749267493,7.28600000,2.15000000,7.241
1749267493,7.28700000,66.30000000,7.241
1749267493,7.28800000,0.76000000,7.241
1749267493,7.28900000,13.75000000,7.241
1749267493,7.29000000,339.16000000,7.241
1749267493,7.29100000,30.36000000,7.241
1749267493,7.29300000,13.74000000,7.241
1749267493,7.29400000,1.03000000,7.241
1749267493,7.29500000,13.74000000,7.241
1749267493,7.29600000,14.52000000,7.241
1749267493,7.29800000,14.79000000,7.241
1749267493,7.30000000,17.15000000,7.241
1749267493,7.30100000,16.03000000,7.241
1749267493,7.30200000,106.54000000,7.241
1749267493,7.30300000,246.65000000,7.241
1749267493,7.30400000,14.47000000,7.241
1749267493,7.30500000,0.70000000,7.241
1749267493,7.30600000,1.03000000,7.241
1749267493,7.30700000,13.71000000,7.241
1749267493,7.30800000,13.71000000,7.241
1749267493,7.31000000,1.03000000,7.241
1749267493,7.31100000,13.70000000,7.241
1749267493,7.31200000,114.42000000,7.241
1749267493,7.31400000,1.03000000,7.241
1749267493,7.31500000,13.70000000,7.241
1749267493,7.31600000,69.33000000,7.241
1749267493,7.31700000,13.70000000,7.241
1749267493,7.31800000,75.60000000,7.241
1749267493,7.31900000,7.05000000,7.241
1749267493,7.32000000,33.78000000,7.241
1749267493,7.32200000,100.03000000,7.241
1749267493,7.32500000,84.36000000,7.241
1749267493,7.32600000,1.03000000,7.241
1749267493,7.32800000,0.76000000,7.241
1749267493,7.33000000,1.03000000,7.241
1749267493,7.33300000,1.11000000,7.241
1749267493,7.33400000,1.03000000,7.241
1749267493,7.33600000,1.36000000,7.241
1749267493,7.33800000,1.03000000,7.241
1749267493,7.34000000,10.98000000,7.241
1749267493,7.34200000,1.03000000,7.241
1749267493,7.34300000,0.70000000,7.241
1749267493,7.34400000,6.90000000,7.241
1749267493,7.34600000,67.62000000,7.241
1749267493,7.34700000,286.07000000,7.241
1749267493,7.34800000,98.98000000,7.241
1749267493,7.35000000,4.32000000,7.241
1749267493,7.35100000,104.11000000,7.241
1749267493,7.35400000,1.03000000,7.241
1749267493,7.35600000,2.22000000,7.241
1749267493,7.35800000,1.03000000,7.241
1749267493,7.36200000,1.03000000,7.241
1749267493,7.36400000,499.50000000,7.241
1749267493,7.36600000,14.45000000,7.241
1749267493,7.36800000,576.35000000,7.241
1749267493,7.36900000,113.81000000,7.241
1749267493,7.37000000,1.03000000,7.241
1749267493,7.37100000,64.69000000,7.241
1749267493,7.37400000,1.03000000,7.241
1749267493,7.37600000,750.00000000,7.241
1749267794,7.26800000,20.92000000,7.269
1749267794,7.26900000,56.54000000,7.269
1749267794,7.27000000,56.58000000,7.269
1749267794,7.27100000,60.68000000,7.269
1749267794,7.27200000,87.02000000,7.269
1749267794,7.27300000,209.73000000,7.269
1749267794,7.27400000,266.19000000,7.269
1749267794,7.27500000,823.94000000,7.269
1749267794,7.27600000,1058.38000000,7.269
1749267794,7.27700000,1740.04000000,7.269
1749267794,7.27800000,1620.63000000,7.269
1749267794,7.27900000,1411.58000000,7.269
1749267794,7.28000000,546.00000000,7.269
1749267794,7.28100000,1111.62000000,7.269
1749267794,7.28200000,755.01000000,7.269
1749267794,7.28300000,898.77000000,7.269
1749267794,7.28400000,319.23000000,7.269
1749267794,7.28500000,55.88000000,7.269
1749267794,7.28600000,58.54000000,7.269
1749267794,7.28700000,120.98000000,7.269
1749267794,7.28800000,727.44000000,7.269
1749267794,7.28900000,62.33000000,7.269
1749267794,7.29000000,66.97000000,7.269
1749267794,7.29100000,204.28000000,7.269
1749267794,7.29200000,0.76000000,7.269
1749267794,7.29300000,34.66000000,7.269
1749267794,7.29400000,108.34000000,7.269
1749267794,7.29500000,85.42000000,7.269
1749267794,7.29600000,46.91000000,7.269
1749267794,7.29800000,120.63000000,7.269
1749267794,7.29900000,53.09000000,7.269
1749267794,7.30000000,38.83000000,7.269
1749267794,7.30100000,36.95000000,7.269
1749267794,7.30200000,214.32000000,7.269
1749267794,7.30300000,188.29000000,7.269
1749267794,7.30400000,35.39000000,7.269
1749267794,7.30500000,119.77000000,7.269
1749267794,7.30600000,76.81000000,7.269
1749267794,7.30700000,296.28000000,7.269
1749267794,7.30800000,35.39000000,7.269
1749267794,7.30900000,51.19000000,7.269
1749267794,7.31000000,1.03000000,7.269
1749267794,7.31100000,13.70000000,7.269
1749267794,7.31200000,114.42000000,7.269
1749267794,7.31400000,1.03000000,7.269
1749267794,7.31500000,13.70000000,7.269
1749267794,7.31600000,230.90000000,7.269
1749267794,7.31700000,13.70000000,7.269
1749267794,7.31800000,14.72000000,7.269
1749267794,7.31900000,7.05000000,7.269
1749267794,7.32000000,33.78000000,7.269
1749267794,7.32200000,100.03000000,7.269
1749267794,7.32500000,84.36000000,7.269
1749267794,7.32600000,61.91000000,7.269
1749267794,7.32800000,0.76000000,7.269
1749267794,7.33000000,1.03000000,7.269
1749267794,7.33300000,1.11000000,7.269
1749267794,7.33400000,1.03000000,7.269
1749267794,7.33600000,2.11000000,7.269
1749267794,7.33800000,1.03000000,7.269
1749267794,7.34000000,10.98000000,7.269
1749267794,7.34200000,1.03000000,7.269
1749267794,7.34300000,0.70000000,7.269
1749267794,7.34400000,7.65000000,7.269
1749267794,7.34600000,1.03000000,7.269
1749267794,7.35000000,4.32000000,7.269
1749267794,7.35100000,2.27000000,7.269
1749267794,7.35200000,66.59000000,7.269
1749267794,7.35400000,1.03000000,7.269
1749267794,7.35600000,2.22000000,7.269
1749267794,7.35800000,1.03000000,7.269
1749267794,7.36200000,1.03000000,7.269
1749267794,7.36400000,499.50000000,7.269
1749267794,7.36500000,285.36000000,7.269
1749267794,7.36600000,14.45000000,7.269
1749267794,7.36900000,113.81000000,7.269
1749267794,7.37000000,1.03000000,7.269
1749267794,7.37300000,100.94000000,7.269
1749267794,7.37400000,1.03000000,7.269
1749267794,7.37500000,100.96000000,7.269
1749267794,7.37700000,64.69000000,7.269
1749267794,7.37800000,1.03000000,7.269
1749267794,7.37900000,113.55000000,7.269
1749267794,7.38000000,11.81000000,7.269
1749267794,7.38100000,118.01000000,7.269
1749267794,7.38200000,23.16000000,7.269
1749267794,7.38600000,700.64000000,7.269
1749267794,7.39000000,119.03000000,7.269
1749267794,7.39200000,117.50000000,7.269
1749267794,7.39400000,751.03000000,7.269
1749267794,7.39700000,113.58000000,7.269
1749267794,7.40000000,1.94000000,7.269
1749267794,7.40200000,2.27000000,7.269
1749267794,7.41400000,7.05000000,7.269
1749267794,7.41600000,0.80000000,7.269
1749267794,7.41700000,1.68000000,7.269
1749267794,7.42200000,131.57000000,7.269
1749267794,7.42500000,6.90000000,7.269
1749267794,7.42600000,1.11000000,7.269
1749267794,7.43000000,10.00000000,7.269
1749268096,7.28800000,0.76000000,7.288
1749268096,7.28900000,1.04000000,7.288
1749268096,7.29000000,109.78000000,7.288
1749268096,7.29100000,221.84000000,7.288
1749268096,7.29200000,1368.40000000,7.288
1749268096,7.29300000,3161.67000000,7.288
1749268096,7.29400000,3636.56000000,7.288
1749268096,7.29500000,2791.91000000,7.288
1749268096,7.29600000,22.71000000,7.288
1749268096,7.29700000,30.10000000,7.288
1749268096,7.29800000,176.77000000,7.288
1749268096,7.29900000,52.03000000,7.288
1749268096,7.30000000,75.96000000,7.288
1749268096,7.30100000,180.51000000,7.288
1749268096,7.30200000,107.46000000,7.288
1749268096,7.30300000,709.29000000,7.288
1749268096,7.30400000,28.58000000,7.288
1749268096,7.30500000,86.66000000,7.288
1749268096,7.30600000,101.59000000,7.288
1749268096,7.30700000,34.63000000,7.288
1749268096,7.30800000,111.22000000,7.288
1749268096,7.30900000,107.59000000,7.288
1749268096,7.31000000,1.04000000,7.288
1749268096,7.31100000,34.62000000,7.288
1749268096,7.31200000,35.38000000,7.288
1749268096,7.31300000,203.65000000,7.288
1749268096,7.31400000,52.32000000,7.288
1749268096,7.31500000,34.62000000,7.288
1749268096,7.31600000,110.82000000,7.288
1749268096,7.31700000,84.79000000,7.288
1749268096,7.31800000,14.73000000,7.288
1749268096,7.31900000,7.05000000,7.288
1749268096,7.32000000,175.85000000,7.288
1749268096,7.32100000,13.76000000,7.288
1749268096,7.32200000,1.04000000,7.288
1749268096,7.32300000,56.86000000,7.288
1749268096,7.32400000,14.51000000,7.288
1749268096,7.32500000,347.76000000,7.288
1749268096,7.32600000,1.04000000,7.288
1749268096,7.32700000,67.32000000,7.288
1749268096,7.32800000,67.47000000,7.288
1749268096,7.32900000,307.75000000,7.288
1749268096,7.33000000,14.78000000,7.288
1749268096,7.33100000,153.76000000,7.288
1749268096,7.33300000,1.11000000,7.288
1749268096,7.33400000,1.04000000,7.288
1749268096,7.33600000,71.44000000,7.288
1749268096,7.33800000,1.04000000,7.288
1749268096,7.34000000,24.70000000,7.288
