timestamp,price,volume,current_price
1749260679,86.74000000,45.44200000,86.74
1749260679,86.75000000,156.66400000,86.74
1749260679,86.76000000,191.72100000,86.74
1749260679,86.77000000,208.77800000,86.74
1749260679,86.78000000,212.13600000,86.74
1749260679,86.79000000,155.78400000,86.74
1749260679,86.80000000,368.80000000,86.74
1749260679,86.81000000,216.49000000,86.74
1749260679,86.82000000,130.36400000,86.74
1749260679,86.83000000,64.37600000,86.74
1749260679,86.84000000,150.03600000,86.74
1749260679,86.85000000,151.67200000,86.74
1749260679,86.86000000,160.43600000,86.74
1749260679,86.87000000,101.39000000,86.74
1749260679,86.88000000,193.28300000,86.74
1749260679,86.89000000,253.59400000,86.74
1749260679,86.90000000,72.02200000,86.74
1749260679,86.91000000,130.60800000,86.74
1749260679,86.92000000,98.65600000,86.74
1749260679,86.93000000,155.05900000,86.74
1749260679,86.94000000,156.85900000,86.74
1749260679,86.95000000,18.52500000,86.74
1749260679,86.96000000,55.37400000,86.74
1749260679,86.97000000,38.25500000,86.74
1749260679,86.98000000,18.00400000,86.74
1749260679,86.99000000,13.48000000,86.74
1749260679,87.00000000,76.66400000,86.74
1749260679,87.01000000,12.32500000,86.74
1749260679,87.02000000,23.81400000,86.74
1749260679,87.03000000,450.35000000,86.74
1749260679,87.04000000,196.29500000,86.74
1749260679,87.05000000,26.34200000,86.74
1749260679,87.06000000,0.23700000,86.74
1749260679,87.07000000,12.34000000,86.74
1749260679,87.08000000,42.55200000,86.74
1749260679,87.09000000,12.32300000,86.74
1749260679,87.10000000,591.94500000,86.74
1749260679,87.11000000,23.75500000,86.74
1749260679,87.12000000,19.54100000,86.74
1749260679,87.13000000,49.42700000,86.74
1749260679,87.14000000,12.33000000,86.74
1749260679,87.15000000,19.97500000,86.74
1749260679,87.16000000,24.01200000,86.74
1749260679,87.17000000,12.33800000,86.74
1749260679,87.18000000,25.51000000,86.74
1749260679,87.19000000,0.17300000,86.74
1749260679,87.20000000,9.12100000,86.74
1749260679,87.21000000,745.53300000,86.74
1749260679,87.22000000,12.11800000,86.74
1749260679,87.23000000,44.35500000,86.74
1749260679,87.24000000,6.93700000,86.74
1749260679,87.25000000,0.45300000,86.74
1749260679,87.26000000,15.33700000,86.74
1749260679,87.27000000,31.26300000,86.74
1749260679,87.28000000,0.94300000,86.74
1749260679,87.29000000,26.28600000,86.74
1749260679,87.30000000,7.27200000,86.74
1749260679,87.31000000,79.16700000,86.74
1749260679,87.32000000,23.54500000,86.74
1749260679,87.33000000,36.44000000,86.74
1749260679,87.34000000,15.17300000,86.74
1749260679,87.35000000,1.39500000,86.74
1749260679,87.36000000,23.91000000,86.74
1749260679,87.37000000,25.56700000,86.74
1749260679,87.38000000,0.17300000,86.74
1749260679,87.39000000,0.17900000,86.74
1749260679,87.40000000,35.46000000,86.74
1749260679,87.41000000,0.17300000,86.74
1749260679,87.42000000,0.52700000,86.74
1749260679,87.43000000,0.70300000,86.74
1749260679,87.44000000,137.64900000,86.74
1749260679,87.45000000,114.79400000,86.74
1749260679,87.46000000,155.80000000,86.74
1749260679,87.47000000,154.89600000,86.74
1749260679,87.48000000,1.97800000,86.74
1749260679,87.49000000,34.95900000,86.74
1749260679,87.50000000,207.41800000,86.74
1749260679,87.51000000,0.31700000,86.74
1749260679,87.52000000,0.53400000,86.74
1749260679,87.53000000,3.99200000,86.74
1749260679,87.54000000,23.97000000,86.74
1749260679,87.55000000,10.28800000,86.74
1749260679,87.56000000,1.34900000,86.74
1749260679,87.57000000,1.00000000,86.74
1749260679,87.58000000,26.79100000,86.74
1749260679,87.59000000,11.47700000,86.74
1749260679,87.60000000,0.63300000,86.74
1749260679,87.61000000,1.18700000,86.74
1749260679,87.62000000,0.05800000,86.74
1749260679,87.63000000,23.75100000,86.74
1749260679,87.64000000,0.44900000,86.74
1749260679,87.65000000,5.49400000,86.74
1749260679,87.66000000,2.95200000,86.74
1749260679,87.67000000,23.25700000,86.74
1749260679,87.68000000,12.41700000,86.74
1749260679,87.69000000,45.76000000,86.74
1749260679,87.70000000,8.87300000,86.74
1749260679,87.71000000,0.20100000,86.74
1749260679,87.72000000,24.12400000,86.74
1749260679,87.73000000,10.42800000,86.74
1749260997,86.78000000,132.56100000,86.77
1749260997,86.79000000,78.72000000,86.77
1749260997,86.80000000,231.53800000,86.77
1749260997,86.81000000,99.51000000,86.77
1749260997,86.82000000,172.43200000,86.77
1749260997,86.83000000,99.69500000,86.77
1749260997,86.84000000,195.03100000,86.77
1749260997,86.85000000,274.08100000,86.77
1749260997,86.86000000,571.38000000,86.77
1749260997,86.87000000,639.88300000,86.77
1749260997,86.88000000,233.66700000,86.77
1749260997,86.89000000,269.00000000,86.77
1749260997,86.90000000,133.33000000,86.77
1749260997,86.91000000,138.28000000,86.77
1749260997,86.92000000,232.35000000,86.77
1749260997,86.93000000,118.38100000,86.77
1749260997,86.94000000,114.46900000,86.77
1749260997,86.95000000,78.91700000,86.77
1749260997,86.96000000,129.54000000,86.77
1749260997,86.97000000,63.69100000,86.77
1749260997,86.98000000,30.37700000,86.77
1749260997,86.99000000,132.30700000,86.77
1749260997,87.00000000,91.54400000,86.77
1749260997,87.01000000,17.93300000,86.77
1749260997,87.02000000,30.84700000,86.77
1749260997,87.03000000,13.47800000,86.77
1749260997,87.04000000,45.16700000,86.77
1749260997,87.05000000,26.34200000,86.77
1749260997,87.06000000,432.51800000,86.77
1749260997,87.07000000,12.39900000,86.77
1749260997,87.08000000,42.55200000,86.77
1749260997,87.09000000,12.32300000,86.77
1749260997,87.10000000,13.47700000,86.77
1749260997,87.11000000,23.75500000,86.77
1749260997,87.12000000,19.54100000,86.77
1749260997,87.13000000,49.42700000,86.77
1749260997,87.14000000,168.31300000,86.77
1749260997,87.15000000,12.59400000,86.77
1749260997,87.16000000,590.73900000,86.77
1749260997,87.17000000,736.00000000,86.77
1749260997,87.18000000,37.66000000,86.77
1749260997,87.19000000,0.17300000,86.77
1749260997,87.20000000,9.12100000,86.77
1749260997,87.21000000,15.31400000,86.77
1749260997,87.22000000,12.11800000,86.77
1749260997,87.23000000,25.40600000,86.77
1749260997,87.24000000,6.93700000,86.77
1749260997,87.25000000,0.45300000,86.77
1749260997,87.26000000,15.33700000,86.77
1749260997,87.27000000,31.26300000,86.77
1749260997,87.28000000,18.64600000,86.77
1749260997,87.29000000,15.94100000,86.77
1749260997,87.30000000,11.76000000,86.77
1749260997,87.31000000,25.50600000,86.77
1749260997,87.32000000,23.54500000,86.77
1749260997,87.33000000,25.11400000,86.77
1749260997,87.34000000,15.17300000,86.77
1749260997,87.35000000,1.39500000,86.77
1749260997,87.36000000,23.91000000,86.77
1749260997,87.37000000,51.04200000,86.77
1749260997,87.38000000,0.17300000,86.77
1749260997,87.39000000,0.17900000,86.77
1749260997,87.40000000,35.46000000,86.77
1749260997,87.41000000,0.17300000,86.77
1749260997,87.42000000,120.28700000,86.77
1749260997,87.43000000,222.06200000,86.77
1749260997,87.44000000,23.57200000,86.77
1749260997,87.45000000,0.71700000,86.77
1749260997,87.46000000,269.87700000,86.77
1749260997,87.47000000,0.17400000,86.77
1749260997,87.48000000,1.97800000,86.77
1749260997,87.49000000,34.95900000,86.77
1749260997,87.50000000,207.53400000,86.77
1749260997,87.51000000,0.43300000,86.77
1749260997,87.52000000,0.65000000,86.77
1749260997,87.53000000,4.10800000,86.77
1749260997,87.54000000,23.97000000,86.77
1749260997,87.55000000,10.28800000,86.77
1749260997,87.56000000,1.34900000,86.77
1749260997,87.57000000,1.00000000,86.77
1749260997,87.58000000,26.79100000,86.77
1749260997,87.59000000,11.47700000,86.77
1749260997,87.60000000,0.63300000,86.77
1749260997,87.61000000,1.18700000,86.77
1749260997,87.62000000,0.05800000,86.77
1749260997,87.63000000,23.75100000,86.77
1749260997,87.64000000,0.44900000,86.77
1749260997,87.65000000,5.49400000,86.77
1749260997,87.66000000,2.95200000,86.77
1749260997,87.67000000,23.25700000,86.77
1749260997,87.68000000,12.41700000,86.77
1749260997,87.69000000,45.76000000,86.77
1749260997,87.70000000,8.87300000,86.77
1749260997,87.71000000,0.20100000,86.77
1749260997,87.72000000,24.12400000,86.77
1749260997,87.73000000,10.42800000,86.77
1749260997,87.74000000,1.40300000,86.77
1749260997,87.75000000,8.16000000,86.77
1749260997,87.76000000,258.49900000,86.77
1749260997,87.77000000,672.55800000,86.77
1749261298,86.74000000,77.69100000,86.74
1749261298,86.75000000,109.42100000,86.74
1749261298,86.76000000,160.47500000,86.74
1749261298,86.77000000,288.28200000,86.74
1749261298,86.78000000,147.90400000,86.74
1749261298,86.79000000,165.25200000,86.74
1749261298,86.80000000,168.22200000,86.74
1749261298,86.81000000,169.97900000,86.74
1749261298,86.82000000,308.78700000,86.74
1749261298,86.83000000,462.82300000,86.74
1749261298,86.84000000,99.36000000,86.74
1749261298,86.85000000,88.38100000,86.74
1749261298,86.86000000,121.10300000,86.74
1749261298,86.87000000,115.06400000,86.74
1749261298,86.88000000,82.49400000,86.74
1749261298,86.89000000,58.71900000,86.74
1749261298,86.90000000,88.14000000,86.74
1749261298,86.91000000,194.23300000,86.74
1749261298,86.92000000,217.38600000,86.74
1749261298,86.93000000,101.88300000,86.74
1749261298,86.94000000,95.64200000,86.74
1749261298,86.95000000,42.97900000,86.74
1749261298,86.96000000,77.29600000,86.74
1749261298,86.97000000,62.10100000,86.74
1749261298,86.98000000,12.39500000,86.74
1749261298,86.99000000,47.22600000,86.74
1749261298,87.00000000,86.50500000,86.74
1749261298,87.01000000,18.01400000,86.74
1749261298,87.02000000,23.81400000,86.74
1749261298,87.03000000,13.47800000,86.74
1749261298,87.04000000,41.57800000,86.74
1749261298,87.05000000,26.42300000,86.74
1749261298,87.06000000,432.51800000,86.74
1749261298,87.07000000,12.34000000,86.74
1749261298,87.08000000,42.55200000,86.74
1749261298,87.09000000,12.32300000,86.74
1749261298,87.10000000,13.47700000,86.74
1749261298,87.11000000,23.75500000,86.74
1749261298,87.12000000,19.54100000,86.74
1749261298,87.13000000,49.50800000,86.74
1749261298,87.14000000,168.31300000,86.74
1749261298,87.15000000,19.97500000,86.74
1749261298,87.16000000,595.22700000,86.74
1749261298,87.17000000,736.00000000,86.74
1749261298,87.18000000,37.66000000,86.74
1749261298,87.19000000,0.17300000,86.74
1749261298,87.20000000,21.27100000,86.74
1749261298,87.21000000,15.31400000,86.74
1749261298,87.22000000,12.11800000,86.74
1749261298,87.23000000,44.53000000,86.74
1749261298,87.24000000,6.93700000,86.74
1749261298,87.25000000,0.45300000,86.74
1749261298,87.26000000,15.33700000,86.74
1749261298,87.27000000,31.34400000,86.74
1749261298,87.28000000,18.64600000,86.74
1749261298,87.29000000,8.56000000,86.74
1749261298,87.30000000,7.27200000,86.74
1749261298,87.31000000,25.50600000,86.74
1749261298,87.32000000,23.54500000,86.74
1749261298,87.33000000,42.12300000,86.74
1749261298,87.34000000,15.17300000,86.74
1749261298,87.35000000,1.39500000,86.74
1749261298,87.36000000,23.91000000,86.74
1749261298,87.37000000,19.88400000,86.74
1749261298,87.38000000,0.17300000,86.74
1749261298,87.39000000,0.17900000,86.74
1749261298,87.40000000,35.46000000,86.74
1749261298,87.41000000,53.46200000,86.74
1749261298,87.42000000,114.60400000,86.74
1749261298,87.43000000,168.69900000,86.74
1749261298,87.44000000,23.57200000,86.74
1749261298,87.45000000,0.71700000,86.74
1749261298,87.46000000,155.80000000,86.74
1749261298,87.47000000,0.17400000,86.74
1749261298,87.48000000,1.97800000,86.74
1749261298,87.49000000,149.03600000,86.74
1749261298,87.50000000,207.41800000,86.74
1749261298,87.51000000,0.23200000,86.74
1749261298,87.52000000,0.53400000,86.74
1749261298,87.53000000,3.97600000,86.74
1749261298,87.54000000,23.97000000,86.74
1749261298,87.55000000,10.28800000,86.74
1749261298,87.56000000,1.34900000,86.74
1749261298,87.57000000,1.00000000,86.74
1749261298,87.58000000,26.79100000,86.74
1749261298,87.59000000,11.47700000,86.74
1749261298,87.60000000,0.63300000,86.74
1749261298,87.61000000,1.18700000,86.74
1749261298,87.62000000,0.05800000,86.74
1749261298,87.63000000,23.75100000,86.74
1749261298,87.64000000,0.44900000,86.74
1749261298,87.65000000,5.49400000,86.74
1749261298,87.66000000,2.95200000,86.74
1749261298,87.67000000,23.25700000,86.74
1749261298,87.68000000,12.41700000,86.74
1749261298,87.69000000,45.76000000,86.74
1749261298,87.70000000,8.87300000,86.74
1749261298,87.71000000,0.20100000,86.74
1749261298,87.72000000,24.12400000,86.74
1749261298,87.73000000,10.42800000,86.74
1749261600,86.79000000,0.84400000,86.79
1749261600,86.80000000,55.79300000,86.79
1749261600,86.81000000,106.38700000,86.79
1749261600,86.82000000,226.11300000,86.79
1749261600,86.83000000,162.93900000,86.79
1749261600,86.84000000,127.82200000,86.79
1749261600,86.85000000,134.66500000,86.79
1749261600,86.86000000,377.10900000,86.79
1749261600,86.87000000,310.53200000,86.79
1749261600,86.88000000,344.73500000,86.79
1749261600,86.89000000,412.84600000,86.79
1749261600,86.90000000,341.17500000,86.79
1749261600,86.91000000,469.40100000,86.79
1749261600,86.92000000,282.08100000,86.79
1749261600,86.93000000,92.48000000,86.79
1749261600,86.94000000,148.00300000,86.79
1749261600,86.95000000,474.56400000,86.79
1749261600,86.96000000,48.98400000,86.79
1749261600,86.97000000,50.53500000,86.79
1749261600,86.98000000,91.25700000,86.79
1749261600,86.99000000,104.51700000,86.79
1749261600,87.00000000,77.88000000,86.79
1749261600,87.01000000,20.15400000,86.79
1749261600,87.02000000,24.97300000,86.79
1749261600,87.03000000,20.51300000,86.79
1749261600,87.04000000,616.38200000,86.79
1749261600,87.05000000,26.42400000,86.79
1749261600,87.06000000,1.39600000,86.79
1749261600,87.07000000,12.39900000,86.79
1749261600,87.08000000,41.39800000,86.79
1749261600,87.09000000,12.32400000,86.79
1749261600,87.10000000,13.42300000,86.79
1749261600,87.11000000,23.81400000,86.79
1749261600,87.12000000,19.54600000,86.79
1749261600,87.13000000,49.45000000,86.79
1749261600,87.14000000,168.37200000,86.79
1749261600,87.15000000,21.13400000,86.79
1749261600,87.16000000,22.80100000,86.79
1749261600,87.17000000,736.05900000,86.79
1749261600,87.18000000,36.50800000,86.79
1749261600,87.19000000,1.27300000,86.79
1749261600,87.20000000,21.33000000,86.79
1749261600,87.21000000,14.16200000,86.79
1749261600,87.22000000,12.06000000,86.79
1749261600,87.23000000,45.74700000,86.79
1749261600,87.24000000,6.93800000,86.79
1749261600,87.25000000,1.55300000,86.79
1749261600,87.26000000,14.24400000,86.79
1749261600,87.27000000,31.34500000,86.79
1749261600,87.28000000,18.58800000,86.79
1749261600,87.29000000,8.62500000,86.79
1749261600,87.30000000,6.12200000,86.79
1749261600,87.31000000,79.11000000,86.79
1749261600,87.32000000,24.76200000,86.79
1749261600,87.33000000,12.12400000,86.79
1749261600,87.34000000,15.11500000,86.79
1749261600,87.35000000,1.45400000,86.79
1749261600,87.36000000,23.91100000,86.79
1749261600,87.37000000,19.88500000,86.79
1749261600,87.38000000,1.27300000,86.79
1749261600,87.39000000,30.23800000,86.79
1749261600,87.40000000,35.46100000,86.79
1749261600,87.41000000,0.11500000,86.79
1749261600,87.42000000,114.66300000,86.79
1749261600,87.43000000,168.70000000,86.79
1749261600,87.44000000,23.51400000,86.79
1749261600,87.45000000,0.77600000,86.79
1749261600,87.46000000,155.80100000,86.79
1749261600,87.47000000,0.11600000,86.79
1749261600,87.48000000,2.03700000,86.79
1749261600,87.49000000,149.03700000,86.79
1749261600,87.50000000,207.47600000,86.79
1749261600,87.51000000,0.40700000,86.79
1749261600,87.52000000,0.65100000,86.79
1749261600,87.53000000,4.03400000,86.79
1749261600,87.54000000,24.08600000,86.79
1749261600,87.55000000,10.23000000,86.79
1749261600,87.56000000,1.29100000,86.79
1749261600,87.57000000,1.00000000,86.79
1749261600,87.58000000,26.73300000,86.79
1749261600,87.59000000,11.41900000,86.79
1749261600,87.60000000,0.63300000,86.79
1749261600,87.61000000,1.12900000,86.79
1749261600,87.63000000,23.75100000,86.79
1749261600,87.64000000,0.44900000,86.79
1749261600,87.65000000,5.49400000,86.79
1749261600,87.66000000,2.95200000,86.79
1749261600,87.67000000,23.25700000,86.79
1749261600,87.68000000,12.34400000,86.79
1749261600,87.69000000,51.75200000,86.79
1749261600,87.70000000,8.87300000,86.79
1749261600,87.71000000,0.20100000,86.79
1749261600,87.72000000,24.12400000,86.79
1749261600,87.73000000,10.42800000,86.79
1749261600,87.74000000,1.40300000,86.79
1749261600,87.75000000,8.16000000,86.79
1749261600,87.76000000,252.50700000,86.79
1749261600,87.77000000,672.55800000,86.79
1749261600,87.78000000,130.26500000,86.79
1749261600,87.79000000,6.01200000,86.79
1749261901,86.66000000,84.82300000,86.65
1749261901,86.67000000,113.32600000,86.65
1749261901,86.68000000,118.36400000,86.65
1749261901,86.69000000,156.42800000,86.65
1749261901,86.70000000,179.18100000,86.65
1749261901,86.71000000,179.68300000,86.65
1749261901,86.72000000,199.47400000,86.65
1749261901,86.73000000,345.81400000,86.65
1749261901,86.74000000,326.48400000,86.65
1749261901,86.75000000,932.61500000,86.65
1749261901,86.76000000,122.48100000,86.65
1749261901,86.77000000,78.93900000,86.65
1749261901,86.78000000,87.28600000,86.65
1749261901,86.79000000,175.33500000,86.65
1749261901,86.80000000,272.22500000,86.65
1749261901,86.81000000,427.59900000,86.65
1749261901,86.82000000,264.70900000,86.65
1749261901,86.83000000,118.53200000,86.65
1749261901,86.84000000,68.28200000,86.65
1749261901,86.85000000,103.70400000,86.65
1749261901,86.86000000,14.71100000,86.65
1749261901,86.87000000,157.70000000,86.65
1749261901,86.88000000,78.35300000,86.65
1749261901,86.89000000,162.65800000,86.65
1749261901,86.90000000,14.56000000,86.65
1749261901,86.91000000,12.32500000,86.65
1749261901,86.92000000,103.81800000,86.65
1749261901,86.93000000,509.56500000,86.65
1749261901,86.94000000,25.30800000,86.65
1749261901,86.95000000,12.32500000,86.65
1749261901,86.96000000,42.67300000,86.65
1749261901,86.97000000,63.58500000,86.65
1749261901,86.98000000,13.49500000,86.65
1749261901,86.99000000,12.32500000,86.65
1749261901,87.00000000,77.23200000,86.65
1749261901,87.01000000,12.43500000,86.65
1749261901,87.02000000,24.97300000,86.65
1749261901,87.03000000,13.48200000,86.65
1749261901,87.04000000,612.73400000,86.65
1749261901,87.05000000,26.51900000,86.65
1749261901,87.06000000,1.39600000,86.65
1749261901,87.07000000,12.34000000,86.65
1749261901,87.08000000,41.48300000,86.65
1749261901,87.09000000,12.32400000,86.65
1749261901,87.10000000,13.48200000,86.65
1749261901,87.11000000,23.75500000,86.65
1749261901,87.12000000,19.54600000,86.65
1749261901,87.13000000,49.50800000,86.65
1749261901,87.14000000,168.31300000,86.65
1749261901,87.15000000,21.13400000,86.65
1749261901,87.16000000,22.80100000,86.65
1749261901,87.17000000,736.05900000,86.65
1749261901,87.18000000,42.29500000,86.65
1749261901,87.19000000,1.27300000,86.65
1749261901,87.20000000,22.60300000,86.65
1749261901,87.21000000,14.16200000,86.65
1749261901,87.22000000,12.06000000,86.65
1749261901,87.23000000,45.64300000,86.65
1749261901,87.24000000,6.93800000,86.65
1749261901,87.25000000,55.36400000,86.65
1749261901,87.26000000,14.24400000,86.65
1749261901,87.27000000,61.34500000,86.65
1749261901,87.28000000,0.88500000,86.65
1749261901,87.29000000,8.62500000,86.65
1749261901,87.30000000,6.12200000,86.65
1749261901,87.31000000,25.44800000,86.65
1749261901,87.32000000,23.60400000,86.65
1749261901,87.33000000,6.43300000,86.65
1749261901,87.34000000,15.11500000,86.65
1749261901,87.35000000,0.29600000,86.65
1749261901,87.36000000,23.91100000,86.65
1749261901,87.37000000,0.17400000,86.65
1749261901,87.38000000,0.11500000,86.65
1749261901,87.39000000,0.23800000,86.65
1749261901,87.40000000,35.46100000,86.65
1749261901,87.41000000,114.19200000,86.65
1749261901,87.42000000,114.48500000,86.65
1749261901,87.43000000,168.58500000,86.65
1749261901,87.44000000,23.39900000,86.65
1749261901,87.45000000,114.89300000,86.65
1749261901,87.46000000,155.68500000,86.65
1749261901,87.48000000,1.92100000,86.65
1749261901,87.49000000,34.84400000,86.65
1749261901,87.50000000,207.36000000,86.65
1749261901,87.51000000,0.29100000,86.65
1749261901,87.52000000,0.53500000,86.65
1749261901,87.53000000,3.84900000,86.65
1749261901,87.54000000,24.02900000,86.65
1749261901,87.55000000,16.28000000,86.65
1749261901,87.56000000,1.29100000,86.65
1749261901,87.57000000,1.05800000,86.65
1749261901,87.58000000,26.73300000,86.65
1749261901,87.59000000,11.41900000,86.65
1749261901,87.60000000,115.71800000,86.65
1749261901,87.61000000,1.12900000,86.65
1749261901,87.63000000,23.75100000,86.65
1749261901,87.64000000,0.52400000,86.65
1749261901,87.65000000,5.49400000,86.65
1749261901,87.66000000,2.95200000,86.65
1749261901,87.67000000,23.25700000,86.65
1749262202,86.69000000,125.12300000,86.69
1749262202,86.70000000,100.92500000,86.69
1749262202,86.71000000,131.18600000,86.69
1749262202,86.72000000,289.62200000,86.69
1749262202,86.73000000,183.21600000,86.69
1749262202,86.74000000,323.25100000,86.69
1749262202,86.75000000,891.49900000,86.69
1749262202,86.76000000,60.81800000,86.69
1749262202,86.77000000,37.15800000,86.69
1749262202,86.78000000,74.96500000,86.69
1749262202,86.79000000,111.04000000,86.69
1749262202,86.80000000,299.57600000,86.69
1749262202,86.81000000,429.14300000,86.69
1749262202,86.82000000,657.07700000,86.69
1749262202,86.83000000,346.73500000,86.69
1749262202,86.84000000,147.68800000,86.69
1749262202,86.85000000,69.16600000,86.69
1749262202,86.86000000,92.32600000,86.69
1749262202,86.87000000,104.60900000,86.69
1749262202,86.88000000,77.92300000,86.69
1749262202,86.89000000,31.95300000,86.69
1749262202,86.90000000,22.03200000,86.69
1749262202,86.91000000,12.32500000,86.69
1749262202,86.92000000,100.22900000,86.69
1749262202,86.93000000,486.51500000,86.69
1749262202,86.94000000,25.16000000,86.69
1749262202,86.95000000,15.91400000,86.69
1749262202,86.96000000,42.67300000,86.69
1749262202,86.97000000,63.58500000,86.69
1749262202,86.98000000,13.55400000,86.69
1749262202,86.99000000,12.32500000,86.69
1749262202,87.00000000,77.23200000,86.69
1749262202,87.01000000,12.43500000,86.69
1749262202,87.02000000,24.97300000,86.69
1749262202,87.03000000,13.48200000,86.69
1749262202,87.04000000,612.73400000,86.69
1749262202,87.05000000,26.51900000,86.69
1749262202,87.06000000,1.39600000,86.69
1749262202,87.07000000,12.34000000,86.69
1749262202,87.08000000,41.48300000,86.69
1749262202,87.09000000,12.32400000,86.69
1749262202,87.10000000,13.48200000,86.69
1749262202,87.11000000,23.75500000,86.69
1749262202,87.12000000,7.39600000,86.69
1749262202,87.13000000,37.35800000,86.69
1749262202,87.14000000,156.16300000,86.69
1749262202,87.15000000,8.98400000,86.69
1749262202,87.16000000,16.33400000,86.69
1749262202,87.17000000,736.05900000,86.69
1749262202,87.18000000,42.29500000,86.69
1749262202,87.19000000,1.27300000,86.69
1749262202,87.20000000,16.92000000,86.69
1749262202,87.21000000,14.16200000,86.69
1749262202,87.22000000,12.26400000,86.69
1749262202,87.23000000,99.45300000,86.69
1749262202,87.24000000,6.93800000,86.69
1749262202,87.25000000,1.55300000,86.69
1749262202,87.26000000,14.24400000,86.69
1749262202,87.27000000,31.34500000,86.69
1749262202,87.28000000,0.76900000,86.69
1749262202,87.29000000,37.46700000,86.69
1749262202,87.30000000,6.12200000,86.69
1749262202,87.31000000,25.44800000,86.69
1749262202,87.32000000,23.60400000,86.69
1749262202,87.33000000,0.63600000,86.69
1749262202,87.34000000,15.11500000,86.69
1749262202,87.35000000,0.29600000,86.69
1749262202,87.36000000,23.84800000,86.69
1749262202,87.37000000,0.17400000,86.69
1749262202,87.38000000,0.11500000,86.69
1749262202,87.39000000,0.23800000,86.69
1749262202,87.40000000,35.46200000,86.69
1749262202,87.41000000,114.19300000,86.69
1749262202,87.42000000,114.88700000,86.69
1749262202,87.43000000,168.70100000,86.69
1749262202,87.44000000,23.51500000,86.69
1749262202,87.45000000,0.66000000,86.69
1749262202,87.46000000,155.68500000,86.69
1749262202,87.48000000,1.92100000,86.69
1749262202,87.49000000,149.07700000,86.69
1749262202,87.50000000,207.36000000,86.69
1749262202,87.51000000,0.29100000,86.69
1749262202,87.52000000,1.00900000,86.69
1749262202,87.53000000,3.84900000,86.69
1749262202,87.54000000,24.02900000,86.69
1749262202,87.55000000,16.28000000,86.69
1749262202,87.56000000,1.29100000,86.69
1749262202,87.57000000,1.05800000,86.69
1749262202,87.58000000,26.73300000,86.69
1749262202,87.59000000,21.81800000,86.69
1749262202,87.60000000,115.71800000,86.69
1749262202,87.61000000,1.12900000,86.69
1749262202,87.63000000,23.75100000,86.69
1749262202,87.64000000,0.52400000,86.69
1749262202,87.65000000,5.49400000,86.69
1749262202,87.66000000,2.95200000,86.69
1749262202,87.67000000,23.25700000,86.69
1749262202,87.68000000,12.34400000,86.69
1749262202,87.69000000,45.76000000,86.69
1749262202,87.70000000,8.87300000,86.69
1749262504,86.72000000,61.64100000,86.71
1749262504,86.73000000,148.16400000,86.71
1749262504,86.74000000,155.24100000,86.71
1749262504,86.75000000,217.69100000,86.71
1749262504,86.76000000,192.80400000,86.71
1749262504,86.77000000,258.74300000,86.71
1749262504,86.78000000,389.41200000,86.71
1749262504,86.79000000,440.52000000,86.71
1749262504,86.80000000,489.81000000,86.71
1749262504,86.81000000,178.36300000,86.71
1749262504,86.82000000,112.42100000,86.71
1749262504,86.83000000,32.89500000,86.71
1749262504,86.84000000,89.47200000,86.71
1749262504,86.85000000,106.02800000,86.71
1749262504,86.86000000,170.93600000,86.71
1749262504,86.87000000,252.47300000,86.71
1749262504,86.88000000,196.48100000,86.71
1749262504,86.89000000,67.81900000,86.71
1749262504,86.90000000,13.54600000,86.71
1749262504,86.91000000,158.45600000,86.71
1749262504,86.92000000,151.43500000,86.71
1749262504,86.93000000,288.11600000,86.71
1749262504,86.94000000,24.72700000,86.71
1749262504,86.95000000,12.32500000,86.71
1749262504,86.96000000,42.67300000,86.71
1749262504,86.97000000,26.38400000,86.71
1749262504,86.98000000,24.77500000,86.71
1749262504,86.99000000,19.39800000,86.71
1749262504,87.00000000,77.23200000,86.71
1749262504,87.01000000,444.77500000,86.71
1749262504,87.02000000,24.97300000,86.71
1749262504,87.03000000,13.48200000,86.71
1749262504,87.04000000,612.73400000,86.71
1749262504,87.05000000,26.51900000,86.71
1749262504,87.06000000,1.39600000,86.71
1749262504,87.07000000,12.34000000,86.71
1749262504,87.08000000,41.48300000,86.71
1749262504,87.09000000,12.32400000,86.71
1749262504,87.10000000,1.33200000,86.71
1749262504,87.11000000,23.75500000,86.71
1749262504,87.12000000,19.54600000,86.71
1749262504,87.13000000,49.50800000,86.71
1749262504,87.14000000,168.31300000,86.71
1749262504,87.15000000,8.98400000,86.71
1749262504,87.16000000,10.65100000,86.71
1749262504,87.17000000,736.05900000,86.71
1749262504,87.18000000,24.35800000,86.71
1749262504,87.19000000,1.27300000,86.71
1749262504,87.20000000,16.92000000,86.71
1749262504,87.21000000,14.16200000,86.71
1749262504,87.22000000,12.26400000,86.71
1749262504,87.23000000,45.64300000,86.71
1749262504,87.24000000,6.93800000,86.71
1749262504,87.25000000,1.55300000,86.71
1749262504,87.26000000,14.15500000,86.71
1749262504,87.27000000,54.44400000,86.71
1749262504,87.28000000,0.73800000,86.71
1749262504,87.29000000,62.32400000,86.71
1749262504,87.30000000,6.12200000,86.71
1749262504,87.31000000,25.44800000,86.71
1749262504,87.32000000,54.76300000,86.71
1749262504,87.33000000,0.63600000,86.71
1749262504,87.34000000,15.11500000,86.71
1749262504,87.35000000,1.45400000,86.71
1749262504,87.36000000,23.91100000,86.71
1749262504,87.37000000,0.17400000,86.71
1749262504,87.38000000,0.11500000,86.71
1749262504,87.39000000,0.23800000,86.71
1749262504,87.40000000,35.46200000,86.71
1749262504,87.41000000,114.19300000,86.71
1749262504,87.42000000,114.88700000,86.71
1749262504,87.43000000,168.70100000,86.71
1749262504,87.44000000,23.51500000,86.71
1749262504,87.45000000,0.77600000,86.71
1749262504,87.46000000,155.80100000,86.71
1749262504,87.47000000,0.11600000,86.71
1749262504,87.48000000,1.92100000,86.71
1749262504,87.49000000,34.84400000,86.71
1749262504,87.50000000,321.59300000,86.71
1749262504,87.51000000,0.29100000,86.71
1749262504,87.52000000,1.00900000,86.71
1749262504,87.53000000,3.84900000,86.71
1749262504,87.54000000,24.02900000,86.71
1749262504,87.55000000,10.28800000,86.71
1749262504,87.56000000,1.29100000,86.71
1749262504,87.57000000,1.49600000,86.71
1749262504,87.58000000,26.73300000,86.71
1749262504,87.59000000,21.81800000,86.71
1749262504,87.60000000,115.71800000,86.71
1749262504,87.61000000,1.12900000,86.71
1749262504,87.62000000,5.99200000,86.71
1749262504,87.63000000,23.75100000,86.71
1749262504,87.64000000,0.52400000,86.71
1749262504,87.65000000,5.49400000,86.71
1749262504,87.66000000,1.73700000,86.71
1749262504,87.67000000,23.25700000,86.71
1749262504,87.68000000,12.34400000,86.71
1749262504,87.69000000,45.76000000,86.71
1749262504,87.70000000,8.87300000,86.71
1749262504,87.71000000,0.20100000,86.71
1749262805,86.81000000,73.82900000,86.8
1749262805,86.82000000,60.21800000,86.8
1749262805,86.83000000,193.68700000,86.8
1749262805,86.84000000,135.71700000,86.8
1749262805,86.85000000,155.92000000,86.8
1749262805,86.86000000,186.44700000,86.8
1749262805,86.87000000,74.11500000,86.8
1749262805,86.88000000,159.14300000,86.8
1749262805,86.89000000,307.93600000,86.8
1749262805,86.90000000,240.57400000,86.8
1749262805,86.91000000,192.58900000,86.8
1749262805,86.92000000,238.29400000,86.8
1749262805,86.93000000,407.98400000,86.8
1749262805,86.94000000,397.65300000,86.8
1749262805,86.95000000,129.14300000,86.8
1749262805,86.96000000,120.66700000,86.8
1749262805,86.97000000,37.73300000,86.8
1749262805,86.98000000,92.80800000,86.8
1749262805,86.99000000,256.03100000,86.8
1749262805,87.00000000,106.07100000,86.8
1749262805,87.01000000,504.45700000,86.8
1749262805,87.02000000,94.15200000,86.8
1749262805,87.03000000,13.48200000,86.8
1749262805,87.04000000,41.57800000,86.8
1749262805,87.05000000,49.56900000,86.8
1749262805,87.06000000,2.35600000,86.8
1749262805,87.07000000,30.59500000,86.8
1749262805,87.08000000,41.48300000,86.8
1749262805,87.09000000,12.32400000,86.8
1749262805,87.10000000,1.33200000,86.8
1749262805,87.11000000,23.81400000,86.8
1749262805,87.12000000,19.54600000,86.8
1749262805,87.13000000,620.72300000,86.8
1749262805,87.14000000,168.31300000,86.8
1749262805,87.15000000,13.75300000,86.8
1749262805,87.16000000,18.31300000,86.8
1749262805,87.17000000,735.98600000,86.8
1749262805,87.18000000,36.50800000,86.8
1749262805,87.19000000,1.27300000,86.8
1749262805,87.20000000,29.07000000,86.8
1749262805,87.21000000,26.31200000,86.8
1749262805,87.22000000,24.41400000,86.8
1749262805,87.23000000,38.77300000,86.8
1749262805,87.24000000,6.93800000,86.8
1749262805,87.25000000,1.55300000,86.8
1749262805,87.26000000,14.15500000,86.8
1749262805,87.27000000,35.83300000,86.8
1749262805,87.28000000,6.42100000,86.8
1749262805,87.29000000,16.00700000,86.8
1749262805,87.30000000,6.12200000,86.8
1749262805,87.31000000,25.44800000,86.8
1749262805,87.32000000,24.76300000,86.8
1749262805,87.33000000,19.53800000,86.8
1749262805,87.34000000,68.47700000,86.8
1749262805,87.35000000,1.45400000,86.8
1749262805,87.36000000,23.91100000,86.8
1749262805,87.37000000,18.10600000,86.8
1749262805,87.38000000,1.27300000,86.8
1749262805,87.39000000,0.23800000,86.8
1749262805,87.40000000,36.61900000,86.8
1749262805,87.41000000,30.11600000,86.8
1749262805,87.42000000,114.95000000,86.8
1749262805,87.43000000,168.70100000,86.8
1749262805,87.44000000,24.67200000,86.8
1749262805,87.45000000,0.77600000,86.8
1749262805,87.46000000,155.80100000,86.8
1749262805,87.47000000,0.11600000,86.8
1749262805,87.48000000,2.03700000,86.8
1749262805,87.49000000,34.96000000,86.8
1749262805,87.50000000,207.47600000,86.8
1749262805,87.51000000,0.40700000,86.8
1749262805,87.52000000,1.12500000,86.8
1749262805,87.53000000,3.96500000,86.8
1749262805,87.54000000,24.14500000,86.8
1749262805,87.55000000,10.40400000,86.8
1749262805,87.56000000,1.40700000,86.8
1749262805,87.57000000,1.49600000,86.8
1749262805,87.58000000,26.73300000,86.8
1749262805,87.59000000,125.49600000,86.8
1749262805,87.60000000,115.71800000,86.8
1749262805,87.61000000,1.12900000,86.8
1749262805,87.62000000,5.99200000,86.8
1749262805,87.63000000,23.75100000,86.8
1749262805,87.64000000,0.52400000,86.8
1749262805,87.65000000,5.49400000,86.8
1749262805,87.66000000,1.73700000,86.8
1749262805,87.67000000,23.25700000,86.8
1749262805,87.68000000,12.34400000,86.8
1749262805,87.69000000,45.76000000,86.8
1749262805,87.70000000,8.87300000,86.8
1749262805,87.71000000,0.20100000,86.8
1749262805,87.72000000,24.12400000,86.8
1749262805,87.73000000,10.42800000,86.8
1749262805,87.74000000,0.92900000,86.8
1749262805,87.75000000,8.16000000,86.8
1749262805,87.76000000,229.31700000,86.8
1749262805,87.77000000,444.11700000,86.8
1749262805,87.78000000,15.41600000,86.8
1749262805,87.79000000,6.01200000,86.8
1749262805,87.80000000,3.12800000,86.8
1749263107,86.91000000,8.11000000,86.91
1749263107,86.92000000,39.38200000,86.91
1749263107,86.93000000,98.80400000,86.91
1749263107,86.94000000,46.76700000,86.91
1749263107,86.95000000,154.25500000,86.91
1749263107,86.96000000,229.36100000,86.91
1749263107,86.97000000,193.37000000,86.91
1749263107,86.98000000,161.46500000,86.91
1749263107,86.99000000,318.47300000,86.91
1749263107,87.00000000,418.86700000,86.91
1749263107,87.01000000,384.81500000,86.91
1749263107,87.02000000,310.33400000,86.91
1749263107,87.03000000,241.27300000,86.91
1749263107,87.04000000,193.19300000,86.91
1749263107,87.05000000,334.81800000,86.91
1749263107,87.06000000,61.28500000,86.91
1749263107,87.07000000,70.35900000,86.91
1749263107,87.08000000,69.42100000,86.91
1749263107,87.09000000,518.19900000,86.91
1749263107,87.10000000,95.38000000,86.91
1749263107,87.11000000,35.42500000,86.91
1749263107,87.12000000,20.50500000,86.91
1749263107,87.13000000,620.72300000,86.91
1749263107,87.14000000,168.37100000,86.91
1749263107,87.15000000,28.36500000,86.91
1749263107,87.16000000,18.37100000,86.91
1749263107,87.17000000,15.91200000,86.91
1749263107,87.18000000,36.50800000,86.91
1749263107,87.19000000,1.33100000,86.91
1749263107,87.20000000,29.52600000,86.91
1749263107,87.21000000,26.31200000,86.91
1749263107,87.22000000,24.41400000,86.91
1749263107,87.23000000,38.77300000,86.91
1749263107,87.24000000,19.08800000,86.91
1749263107,87.25000000,1.55300000,86.91
1749263107,87.26000000,26.30500000,86.91
1749263107,87.27000000,47.98300000,86.91
1749263107,87.28000000,18.57100000,86.91
1749263107,87.29000000,28.15700000,86.91
1749263107,87.30000000,708.20500000,86.91
1749263107,87.31000000,37.59800000,86.91
1749263107,87.32000000,36.91300000,86.91
1749263107,87.33000000,0.63600000,86.91
1749263107,87.34000000,15.11500000,86.91
1749263107,87.35000000,1.45400000,86.91
1749263107,87.36000000,29.70800000,86.91
1749263107,87.37000000,18.10600000,86.91
1749263107,87.38000000,1.27300000,86.91
1749263107,87.39000000,0.23800000,86.91
1749263107,87.40000000,36.61900000,86.91
1749263107,87.41000000,0.11600000,86.91
1749263107,87.42000000,6.67000000,86.91
1749263107,87.43000000,235.24000000,86.91
1749263107,87.44000000,24.73000000,86.91
1749263107,87.45000000,0.77600000,86.91
1749263107,87.46000000,155.80100000,86.91
1749263107,87.47000000,1.27300000,86.91
1749263107,87.48000000,2.10000000,86.91
1749263107,87.49000000,149.03700000,86.91
1749263107,87.50000000,208.63200000,86.91
1749263107,87.51000000,30.40700000,86.91
1749263107,87.52000000,1.12500000,86.91
1749263107,87.53000000,3.96500000,86.91
1749263107,87.54000000,24.14500000,86.91
1749263107,87.55000000,10.40400000,86.91
1749263107,87.56000000,1.40700000,86.91
1749263107,87.57000000,1.61200000,86.91
1749263107,87.58000000,26.90700000,86.91
1749263107,87.59000000,125.61200000,86.91
1749263107,87.60000000,115.89200000,86.91
1749263107,87.61000000,1.30300000,86.91
1749263107,87.62000000,95.19600000,86.91
1749263107,87.63000000,23.92500000,86.91
1749263107,87.64000000,0.69800000,86.91
1749263107,87.65000000,5.61000000,86.91
1749263107,87.66000000,1.91100000,86.91
1749263107,87.67000000,23.25700000,86.91
1749263107,87.68000000,12.34400000,86.91
1749263107,87.69000000,13.40500000,86.91
1749263107,87.70000000,8.87300000,86.91
1749263107,87.71000000,0.20100000,86.91
1749263107,87.72000000,24.12400000,86.91
1749263107,87.73000000,10.42800000,86.91
1749263107,87.74000000,0.92900000,86.91
1749263107,87.75000000,8.16000000,86.91
1749263107,87.76000000,115.24000000,86.91
1749263107,87.77000000,444.11700000,86.91
1749263107,87.78000000,15.41600000,86.91
1749263107,87.79000000,6.01200000,86.91
1749263107,87.80000000,3.12800000,86.91
1749263107,87.81000000,10.61000000,86.91
1749263107,87.82000000,0.14600000,86.91
1749263107,87.83000000,35.18300000,86.91
1749263107,87.84000000,11.71300000,86.91
1749263107,87.85000000,1.72100000,86.91
1749263107,87.86000000,115.15900000,86.91
1749263107,87.87000000,274.04500000,86.91
1749263107,87.88000000,35.14000000,86.91
1749263107,87.89000000,0.22000000,86.91
1749263107,87.90000000,94.21700000,86.91
1749263408,87.00000000,32.80400000,86.99
1749263408,87.01000000,37.12200000,86.99
1749263408,87.02000000,65.55100000,86.99
1749263408,87.03000000,136.64800000,86.99
1749263408,87.04000000,127.87700000,86.99
1749263408,87.05000000,164.52900000,86.99
1749263408,87.06000000,182.30400000,86.99
1749263408,87.07000000,69.07500000,86.99
1749263408,87.08000000,107.03500000,86.99
1749263408,87.09000000,145.04800000,86.99
1749263408,87.10000000,116.09100000,86.99
1749263408,87.11000000,139.77100000,86.99
1749263408,87.12000000,213.90800000,86.99
1749263408,87.13000000,214.70100000,86.99
1749263408,87.14000000,215.53500000,86.99
1749263408,87.15000000,177.17400000,86.99
1749263408,87.16000000,219.55400000,86.99
1749263408,87.17000000,125.37000000,86.99
1749263408,87.18000000,89.74500000,86.99
1749263408,87.19000000,199.81000000,86.99
1749263408,87.20000000,37.88000000,86.99
1749263408,87.21000000,31.60100000,86.99
1749263408,87.22000000,24.53600000,86.99
1749263408,87.23000000,1247.22800000,86.99
1749263408,87.24000000,19.01700000,86.99
1749263408,87.25000000,13.84100000,86.99
1749263408,87.26000000,29.89400000,86.99
1749263408,87.27000000,35.59500000,86.99
1749263408,87.28000000,20.20600000,86.99
1749263408,87.29000000,20.20200000,86.99
1749263408,87.30000000,19.22900000,86.99
1749263408,87.31000000,37.65600000,86.99
1749263408,87.32000000,36.85400000,86.99
1749263408,87.33000000,12.78600000,86.99
1749263408,87.34000000,27.26500000,86.99
1749263408,87.35000000,1.53400000,86.99
1749263408,87.36000000,41.85800000,86.99
1749263408,87.37000000,0.17400000,86.99
1749263408,87.38000000,6.95600000,86.99
1749263408,87.39000000,12.38800000,86.99
1749263408,87.40000000,53.25700000,86.99
1749263408,87.41000000,0.11600000,86.99
1749263408,87.42000000,18.74900000,86.99
1749263408,87.43000000,722.31900000,86.99
1749263408,87.44000000,24.73000000,86.99
1749263408,87.45000000,0.77600000,86.99
1749263408,87.46000000,155.88100000,86.99
1749263408,87.47000000,71.77400000,86.99
1749263408,87.48000000,4.20100000,86.99
1749263408,87.49000000,40.75700000,86.99
1749263408,87.50000000,216.53200000,86.99
1749263408,87.51000000,0.40700000,86.99
1749263408,87.52000000,1.80700000,86.99
1749263408,87.53000000,22.76200000,86.99
1749263408,87.54000000,24.20800000,86.99
1749263408,87.55000000,10.40400000,86.99
1749263408,87.56000000,8.36000000,86.99
1749263408,87.57000000,1.61200000,86.99
1749263408,87.58000000,26.90700000,86.99
1749263408,87.59000000,42.69000000,86.99
1749263408,87.60000000,0.92800000,86.99
1749263408,87.61000000,115.38000000,86.99
1749263408,87.62000000,90.35800000,86.99
1749263408,87.63000000,29.65100000,86.99
1749263408,87.64000000,174.38700000,86.99
1749263408,87.65000000,5.61000000,86.99
1749263408,87.66000000,1.91100000,86.99
1749263408,87.67000000,23.43100000,86.99
1749263408,87.68000000,12.46000000,86.99
1749263408,87.69000000,19.57100000,86.99
1749263408,87.70000000,9.04700000,86.99
1749263408,87.71000000,0.31700000,86.99
1749263408,87.72000000,24.29800000,86.99
1749263408,87.73000000,10.60200000,86.99
1749263408,87.74000000,1.57700000,86.99
1749263408,87.75000000,8.27600000,86.99
1749263408,87.76000000,115.14200000,86.99
1749263408,87.77000000,444.11700000,86.99
1749263408,87.78000000,15.41600000,86.99
1749263408,87.79000000,6.01200000,86.99
1749263408,87.80000000,117.95100000,86.99
1749263408,87.81000000,10.61000000,86.99
1749263408,87.82000000,0.14600000,86.99
1749263408,87.83000000,0.30800000,86.99
1749263408,87.84000000,11.71300000,86.99
1749263408,87.85000000,1.72100000,86.99
1749263408,87.86000000,115.31500000,86.99
1749263408,87.87000000,274.04500000,86.99
1749263408,87.88000000,35.14000000,86.99
1749263408,87.89000000,0.14900000,86.99
1749263408,87.90000000,94.21700000,86.99
1749263408,87.91000000,0.28200000,86.99
1749263408,87.92000000,0.15000000,86.99
1749263408,87.93000000,0.15300000,86.99
1749263408,87.94000000,2.31900000,86.99
1749263408,87.95000000,1.13600000,86.99
1749263408,87.96000000,5.29000000,86.99
1749263408,87.97000000,20.49900000,86.99
1749263408,87.98000000,1.19800000,86.99
1749263408,87.99000000,0.83200000,86.99
1749263710,87.02000000,5.01600000,87.01
1749263710,87.03000000,111.54300000,87.01
1749263710,87.04000000,337.15200000,87.01
1749263710,87.05000000,67.58200000,87.01
1749263710,87.06000000,124.14900000,87.01
1749263710,87.07000000,153.85800000,87.01
1749263710,87.08000000,163.99200000,87.01
1749263710,87.09000000,305.31800000,87.01
1749263710,87.10000000,139.77300000,87.01
1749263710,87.11000000,81.52100000,87.01
1749263710,87.12000000,86.43800000,87.01
1749263710,87.13000000,119.62600000,87.01
1749263710,87.14000000,131.61600000,87.01
1749263710,87.15000000,198.61600000,87.01
1749263710,87.16000000,375.86000000,87.01
1749263710,87.17000000,160.05900000,87.01
1749263710,87.18000000,100.12500000,87.01
1749263710,87.19000000,79.20200000,87.01
1749263710,87.20000000,57.39900000,87.01
1749263710,87.21000000,27.26900000,87.01
1749263710,87.22000000,46.74500000,87.01
1749263710,87.23000000,555.95800000,87.01
1749263710,87.24000000,87.97200000,87.01
1749263710,87.25000000,13.84100000,87.01
1749263710,87.26000000,26.30400000,87.01
1749263710,87.27000000,43.28400000,87.01
1749263710,87.28000000,23.59800000,87.01
1749263710,87.29000000,19.27900000,87.01
1749263710,87.30000000,13.59100000,87.01
1749263710,87.31000000,37.65600000,87.01
1749263710,87.32000000,36.85400000,87.01
1749263710,87.33000000,756.63300000,87.01
1749263710,87.34000000,27.32300000,87.01
1749263710,87.35000000,19.30800000,87.01
1749263710,87.36000000,41.85800000,87.01
1749263710,87.37000000,0.17400000,87.01
1749263710,87.38000000,1.27300000,87.01
1749263710,87.39000000,12.38800000,87.01
1749263710,87.40000000,53.25700000,87.01
1749263710,87.41000000,0.11600000,87.01
1749263710,87.42000000,18.74900000,87.01
1749263710,87.43000000,710.16900000,87.01
1749263710,87.44000000,36.88000000,87.01
1749263710,87.45000000,0.77600000,87.01
1749263710,87.46000000,168.03100000,87.01
1749263710,87.47000000,1.27300000,87.01
1749263710,87.48000000,4.20100000,87.01
1749263710,87.49000000,40.75700000,87.01
1749263710,87.50000000,216.53200000,87.01
1749263710,87.51000000,53.80000000,87.01
1749263710,87.52000000,1.80700000,87.01
1749263710,87.53000000,22.76200000,87.01
1749263710,87.54000000,29.84600000,87.01
1749263710,87.55000000,10.40400000,87.01
1749263710,87.56000000,26.18300000,87.01
1749263710,87.57000000,1.61200000,87.01
1749263710,87.58000000,26.90700000,87.01
1749263710,87.59000000,12.69000000,87.01
1749263710,87.60000000,0.92800000,87.01
1749263710,87.61000000,31.30300000,87.01
1749263710,87.62000000,90.35900000,87.01
1749263710,87.63000000,143.72800000,87.01
1749263710,87.64000000,174.38700000,87.01
1749263710,87.65000000,5.61000000,87.01
1749263710,87.66000000,1.91100000,87.01
1749263710,87.67000000,23.43100000,87.01
1749263710,87.68000000,12.46000000,87.01
1749263710,87.69000000,19.57100000,87.01
1749263710,87.70000000,9.04700000,87.01
1749263710,87.71000000,0.31700000,87.01
1749263710,87.72000000,24.29800000,87.01
1749263710,87.73000000,10.60200000,87.01
1749263710,87.74000000,1.57700000,87.01
1749263710,87.75000000,8.27600000,87.01
1749263710,87.76000000,115.25800000,87.01
1749263710,87.77000000,444.29100000,87.01
1749263710,87.78000000,15.41600000,87.01
1749263710,87.79000000,6.01200000,87.01
1749263710,87.80000000,117.95100000,87.01
1749263710,87.81000000,10.61000000,87.01
1749263710,87.82000000,0.14600000,87.01
1749263710,87.83000000,0.30800000,87.01
1749263710,87.84000000,11.71300000,87.01
1749263710,87.85000000,1.72100000,87.01
1749263710,87.86000000,115.31500000,87.01
1749263710,87.87000000,274.04500000,87.01
1749263710,87.88000000,35.14000000,87.01
1749263710,87.89000000,0.14900000,87.01
1749263710,87.90000000,94.21700000,87.01
1749263710,87.91000000,0.28200000,87.01
1749263710,87.92000000,0.15000000,87.01
1749263710,87.93000000,0.15300000,87.01
1749263710,87.94000000,2.31900000,87.01
1749263710,87.95000000,1.13600000,87.01
1749263710,87.96000000,5.29000000,87.01
1749263710,87.97000000,20.49900000,87.01
1749263710,87.98000000,1.19800000,87.01
1749263710,87.99000000,0.83200000,87.01
1749263710,88.00000000,120.78800000,87.01
1749263710,88.01000000,0.30200000,87.01
1749264011,87.08000000,40.93700000,87.08
1749264011,87.09000000,108.49100000,87.08
1749264011,87.10000000,271.02600000,87.08
1749264011,87.11000000,468.63400000,87.08
1749264011,87.12000000,362.99200000,87.08
1749264011,87.13000000,165.62200000,87.08
1749264011,87.14000000,120.82300000,87.08
1749264011,87.15000000,184.13900000,87.08
1749264011,87.16000000,117.07600000,87.08
1749264011,87.17000000,79.09800000,87.08
1749264011,87.18000000,214.03800000,87.08
1749264011,87.19000000,331.26700000,87.08
1749264011,87.20000000,366.12400000,87.08
1749264011,87.21000000,258.27000000,87.08
1749264011,87.22000000,220.28300000,87.08
1749264011,87.23000000,256.83100000,87.08
1749264011,87.24000000,19.01700000,87.08
1749264011,87.25000000,13.84100000,87.08
1749264011,87.26000000,117.78800000,87.08
1749264011,87.27000000,35.51400000,87.08
1749264011,87.28000000,94.78600000,87.08
1749264011,87.29000000,111.17600000,87.08
1749264011,87.30000000,13.59100000,87.08
1749264011,87.31000000,481.93900000,87.08
1749264011,87.32000000,43.96600000,87.08
1749264011,87.33000000,756.63300000,87.08
1749264011,87.34000000,30.98800000,87.08
1749264011,87.35000000,13.68300000,87.08
1749264011,87.36000000,41.85800000,87.08
1749264011,87.37000000,0.25000000,87.08
1749264011,87.38000000,1.33100000,87.08
1749264011,87.39000000,13.28600000,87.08
1749264011,87.40000000,54.45200000,87.08
1749264011,87.41000000,0.11600000,87.08
1749264011,87.42000000,32.66300000,87.08
1749264011,87.43000000,710.16900000,87.08
1749264011,87.44000000,36.88000000,87.08
1749264011,87.45000000,12.92600000,87.08
1749264011,87.46000000,168.03100000,87.08
1749264011,87.47000000,1.27300000,87.08
1749264011,87.48000000,16.35100000,87.08
1749264011,87.49000000,52.90700000,87.08
1749264011,87.50000000,216.53200000,87.08
1749264011,87.51000000,1.33000000,87.08
1749264011,87.52000000,1.80700000,87.08
1749264011,87.53000000,22.76200000,87.08
1749264011,87.54000000,34.33400000,87.08
1749264011,87.55000000,10.40400000,87.08
1749264011,87.56000000,78.46800000,87.08
1749264011,87.57000000,1.61200000,87.08
1749264011,87.58000000,26.90700000,87.08
1749264011,87.59000000,12.69000000,87.08
1749264011,87.60000000,0.92800000,87.08
1749264011,87.61000000,1.30300000,87.08
1749264011,87.62000000,90.35900000,87.08
1749264011,87.63000000,29.65100000,87.08
1749264011,87.64000000,175.54100000,87.08
1749264011,87.65000000,5.61000000,87.08
1749264011,87.66000000,3.12800000,87.08
1749264011,87.67000000,23.43100000,87.08
1749264011,87.68000000,42.46000000,87.08
1749264011,87.69000000,13.57900000,87.08
1749264011,87.70000000,14.84400000,87.08
1749264011,87.71000000,0.31700000,87.08
1749264011,87.72000000,24.29800000,87.08
1749264011,87.73000000,10.60200000,87.08
1749264011,87.74000000,1.57700000,87.08
1749264011,87.75000000,14.07300000,87.08
1749264011,87.76000000,121.25000000,87.08
1749264011,87.77000000,444.29100000,87.08
1749264011,87.78000000,15.53200000,87.08
1749264011,87.79000000,6.18600000,87.08
1749264011,87.80000000,3.30200000,87.08
1749264011,87.81000000,10.72500000,87.08
1749264011,87.82000000,0.31900000,87.08
1749264011,87.83000000,0.48100000,87.08
1749264011,87.84000000,11.71300000,87.08
1749264011,87.85000000,1.77900000,87.08
1749264011,87.86000000,115.15900000,87.08
1749264011,87.87000000,388.27800000,87.08
1749264011,87.88000000,2.26200000,87.08
1749264011,87.89000000,0.14900000,87.08
1749264011,87.90000000,94.21700000,87.08
1749264011,87.91000000,0.28200000,87.08
1749264011,87.92000000,0.15000000,87.08
1749264011,87.93000000,0.15300000,87.08
1749264011,87.94000000,2.31900000,87.08
1749264011,87.95000000,1.13600000,87.08
1749264011,87.96000000,5.29000000,87.08
1749264011,87.97000000,31.91800000,87.08
1749264011,87.98000000,115.78600000,87.08
1749264011,87.99000000,0.83200000,87.08
1749264011,88.00000000,117.78800000,87.08
1749264011,88.01000000,0.30200000,87.08
1749264011,88.02000000,2.82000000,87.08
1749264011,88.03000000,34.77300000,87.08
1749264011,88.04000000,0.31200000,87.08
1749264011,88.05000000,1.08700000,87.08
1749264011,88.07000000,32.81200000,87.08
1749264011,88.08000000,1.56900000,87.08
1749264313,87.08000000,185.84200000,87.07
1749264313,87.09000000,85.31400000,87.07
1749264313,87.10000000,247.53000000,87.07
1749264313,87.11000000,335.77700000,87.07
1749264313,87.12000000,197.90700000,87.07
1749264313,87.13000000,242.15400000,87.07
1749264313,87.14000000,158.65100000,87.07
1749264313,87.15000000,118.30200000,87.07
1749264313,87.16000000,158.16800000,87.07
1749264313,87.17000000,116.78300000,87.07
1749264313,87.18000000,171.45600000,87.07
1749264313,87.19000000,234.49100000,87.07
1749264313,87.20000000,464.20600000,87.07
1749264313,87.21000000,368.51500000,87.07
1749264313,87.22000000,297.19800000,87.07
1749264313,87.23000000,295.58600000,87.07
1749264313,87.24000000,19.07500000,87.07
1749264313,87.25000000,62.90800000,87.07
1749264313,87.26000000,31.96400000,87.07
1749264313,87.27000000,95.00300000,87.07
1749264313,87.28000000,35.29900000,87.07
1749264313,87.29000000,111.17500000,87.07
1749264313,87.30000000,14.04700000,87.07
1749264313,87.31000000,474.42800000,87.07
1749264313,87.32000000,36.91200000,87.07
1749264313,87.33000000,762.31600000,87.07
1749264313,87.34000000,34.98600000,87.07
1749264313,87.35000000,24.37500000,87.07
1749264313,87.36000000,41.85800000,87.07
1749264313,87.37000000,12.40000000,87.07
1749264313,87.38000000,1.33100000,87.07
1749264313,87.39000000,13.28500000,87.07
1749264313,87.40000000,48.76900000,87.07
1749264313,87.41000000,0.17400000,87.07
1749264313,87.42000000,32.60400000,87.07
1749264313,87.43000000,710.16900000,87.07
1749264313,87.44000000,36.88000000,87.07
1749264313,87.45000000,0.77600000,87.07
1749264313,87.46000000,168.03100000,87.07
1749264313,87.47000000,1.27300000,87.07
1749264313,87.48000000,4.20100000,87.07
1749264313,87.49000000,40.75700000,87.07
1749264313,87.50000000,216.53200000,87.07
1749264313,87.51000000,1.33000000,87.07
1749264313,87.52000000,1.80700000,87.07
1749264313,87.53000000,22.76200000,87.07
1749264313,87.54000000,34.33400000,87.07
1749264313,87.55000000,62.72600000,87.07
1749264313,87.56000000,26.18300000,87.07
1749264313,87.57000000,1.61200000,87.07
1749264313,87.58000000,26.90700000,87.07
1749264313,87.59000000,12.69000000,87.07
1749264313,87.60000000,0.92800000,87.07
1749264313,87.61000000,1.30300000,87.07
1749264313,87.62000000,90.35900000,87.07
1749264313,87.63000000,29.65100000,87.07
1749264313,87.64000000,175.54100000,87.07
1749264313,87.65000000,5.61000000,87.07
1749264313,87.66000000,1.97400000,87.07
1749264313,87.67000000,23.43100000,87.07
1749264313,87.68000000,13.61400000,87.07
1749264313,87.69000000,43.57900000,87.07
1749264313,87.70000000,14.84400000,87.07
1749264313,87.71000000,0.31700000,87.07
1749264313,87.72000000,24.29800000,87.07
1749264313,87.73000000,10.60200000,87.07
1749264313,87.74000000,1.57700000,87.07
1749264313,87.75000000,20.06500000,87.07
1749264313,87.76000000,115.25800000,87.07
1749264313,87.77000000,444.29000000,87.07
1749264313,87.78000000,15.53100000,87.07
1749264313,87.79000000,6.18500000,87.07
1749264313,87.80000000,3.30100000,87.07
1749264313,87.81000000,10.72500000,87.07
1749264313,87.82000000,0.31900000,87.07
1749264313,87.83000000,0.48100000,87.07
1749264313,87.84000000,11.71300000,87.07
1749264313,87.85000000,1.77900000,87.07
1749264313,87.86000000,115.15900000,87.07
1749264313,87.87000000,274.04500000,87.07
1749264313,87.88000000,2.26200000,87.07
1749264313,87.89000000,0.14900000,87.07
1749264313,87.90000000,94.21700000,87.07
1749264313,87.91000000,0.28200000,87.07
1749264313,87.92000000,0.15000000,87.07
1749264313,87.93000000,0.15300000,87.07
1749264313,87.94000000,2.31900000,87.07
1749264313,87.95000000,1.13600000,87.07
1749264313,87.96000000,5.29000000,87.07
1749264313,87.97000000,31.91800000,87.07
1749264313,87.98000000,115.78600000,87.07
1749264313,87.99000000,0.83200000,87.07
1749264313,88.00000000,117.78800000,87.07
1749264313,88.01000000,0.30200000,87.07
1749264313,88.02000000,2.82000000,87.07
1749264313,88.03000000,34.77300000,87.07
1749264313,88.04000000,0.31200000,87.07
1749264313,88.05000000,1.08700000,87.07
1749264313,88.07000000,32.81200000,87.07
1749264313,88.08000000,1.56900000,87.07
1749264615,87.22000000,58.77900000,87.22
1749264615,87.23000000,56.93300000,87.22
1749264615,87.24000000,105.43900000,87.22
1749264615,87.25000000,131.67000000,87.22
1749264615,87.26000000,234.69200000,87.22
1749264615,87.27000000,105.70000000,87.22
1749264615,87.28000000,115.38900000,87.22
1749264615,87.29000000,111.19700000,87.22
1749264615,87.30000000,177.71200000,87.22
1749264615,87.31000000,217.94500000,87.22
1749264615,87.32000000,272.61300000,87.22
1749264615,87.33000000,143.38900000,87.22
1749264615,87.34000000,162.24000000,87.22
1749264615,87.35000000,158.20200000,87.22
1749264615,87.36000000,305.49100000,87.22
1749264615,87.37000000,202.35600000,87.22
1749264615,87.38000000,450.00700000,87.22
1749264615,87.39000000,127.84500000,87.22
1749264615,87.40000000,96.88700000,87.22
1749264615,87.41000000,32.51300000,87.22
1749264615,87.42000000,209.94100000,87.22
1749264615,87.43000000,12.85500000,87.22
1749264615,87.44000000,633.76600000,87.22
1749264615,87.45000000,6.45800000,87.22
1749264615,87.46000000,13.03200000,87.22
1749264615,87.47000000,20.51600000,87.22
1749264615,87.48000000,20.89500000,87.22
1749264615,87.49000000,52.90700000,87.22
1749264615,87.50000000,228.74000000,87.22
1749264615,87.51000000,1.33000000,87.22
1749264615,87.52000000,13.95700000,87.22
1749264615,87.53000000,12.61500000,87.22
1749264615,87.54000000,46.48400000,87.22
1749264615,87.55000000,36.46800000,87.22
1749264615,87.56000000,722.59300000,87.22
1749264615,87.57000000,22.09800000,87.22
1749264615,87.58000000,38.42300000,87.22
1749264615,87.59000000,24.84000000,87.22
1749264615,87.60000000,0.92800000,87.22
1749264615,87.61000000,1.30300000,87.22
1749264615,87.62000000,102.50900000,87.22
1749264615,87.63000000,41.80100000,87.22
1749264615,87.64000000,1.85200000,87.22
1749264615,87.65000000,0.29100000,87.22
1749264615,87.66000000,173.38200000,87.22
1749264615,87.67000000,23.43100000,87.22
1749264615,87.68000000,27.52800000,87.22
1749264615,87.69000000,0.99400000,87.22
1749264615,87.70000000,14.84400000,87.22
1749264615,87.71000000,53.34800000,87.22
1749264615,87.72000000,24.36100000,87.22
1749264615,87.73000000,29.51700000,87.22
1749264615,87.74000000,2.73000000,87.22
1749264615,87.75000000,15.22600000,87.22
1749264615,87.76000000,1.23800000,87.22
1749264615,87.77000000,444.29000000,87.22
1749264615,87.78000000,15.59400000,87.22
1749264615,87.79000000,6.18500000,87.22
1749264615,87.80000000,4.45300000,87.22
1749264615,87.81000000,40.72500000,87.22
1749264615,87.82000000,12.10800000,87.22
1749264615,87.83000000,0.48100000,87.22
1749264615,87.84000000,11.82800000,87.22
1749264615,87.85000000,1.89400000,87.22
1749264615,87.86000000,289.02100000,87.22
1749264615,87.87000000,388.23700000,87.22
1749264615,87.88000000,2.43500000,87.22
1749264615,87.89000000,9.61900000,87.22
1749264615,87.90000000,94.33200000,87.22
1749264615,87.91000000,0.45500000,87.22
1749264615,87.92000000,0.95700000,87.22
1749264615,87.93000000,0.26800000,87.22
1749264615,87.94000000,2.49200000,87.22
1749264615,87.95000000,1.30900000,87.22
1749264615,87.96000000,23.78700000,87.22
1749264615,87.97000000,32.03300000,87.22
1749264615,87.98000000,115.78600000,87.22
1749264615,87.99000000,0.83200000,87.22
1749264615,88.00000000,118.04900000,87.22
1749264615,88.01000000,0.30200000,87.22
1749264615,88.02000000,2.82000000,87.22
1749264615,88.03000000,5.44200000,87.22
1749264615,88.04000000,0.31200000,87.22
1749264615,88.05000000,1.08700000,87.22
1749264615,88.07000000,32.81200000,87.22
1749264615,88.08000000,1.56900000,87.22
1749264615,88.09000000,0.21000000,87.22
1749264615,88.10000000,0.12100000,87.22
1749264615,88.11000000,11.67000000,87.22
1749264615,88.12000000,0.67900000,87.22
1749264615,88.13000000,1.05000000,87.22
1749264615,88.14000000,0.52000000,87.22
1749264615,88.15000000,0.09400000,87.22
1749264615,88.16000000,0.50100000,87.22
1749264615,88.17000000,5.65300000,87.22
1749264615,88.18000000,11.78800000,87.22
1749264615,88.19000000,0.07700000,87.22
1749264615,88.20000000,10.27900000,87.22
1749264615,88.21000000,0.51500000,87.22
1749264615,88.22000000,0.07400000,87.22
1749264916,87.33000000,88.26500000,87.33
1749264916,87.34000000,110.27200000,87.33
1749264916,87.35000000,227.40400000,87.33
1749264916,87.36000000,321.99100000,87.33
1749264916,87.37000000,216.07700000,87.33
1749264916,87.38000000,188.93400000,87.33
1749264916,87.39000000,225.17200000,87.33
1749264916,87.40000000,88.70000000,87.33
1749264916,87.41000000,91.32800000,87.33
1749264916,87.42000000,203.49600000,87.33
1749264916,87.43000000,368.23800000,87.33
1749264916,87.44000000,302.63900000,87.33
1749264916,87.45000000,382.93800000,87.33
1749264916,87.46000000,362.46000000,87.33
1749264916,87.47000000,256.77100000,87.33
1749264916,87.48000000,186.07400000,87.33
1749264916,87.49000000,48.05700000,87.33
1749264916,87.50000000,255.03700000,87.33
1749264916,87.51000000,32.74500000,87.33
1749264916,87.52000000,103.62300000,87.33
1749264916,87.53000000,449.44500000,87.33
1749264916,87.54000000,138.82000000,87.33
1749264916,87.55000000,105.17400000,87.33
1749264916,87.56000000,20.56800000,87.33
1749264916,87.57000000,14.71700000,87.33
1749264916,87.58000000,46.01500000,87.33
1749264916,87.59000000,31.98600000,87.33
1749264916,87.60000000,4.51700000,87.33
1749264916,87.61000000,13.45300000,87.33
1749264916,87.62000000,116.48100000,87.33
1749264916,87.63000000,201.54500000,87.33
1749264916,87.64000000,591.17600000,87.33
1749264916,87.65000000,12.49900000,87.33
1749264916,87.66000000,15.02000000,87.33
1749264916,87.67000000,35.58100000,87.33
1749264916,87.68000000,32.01600000,87.33
1749264916,87.69000000,703.07700000,87.33
1749264916,87.70000000,14.84400000,87.33
1749264916,87.71000000,8.85100000,87.33
1749264916,87.72000000,24.36100000,87.33
1749264916,87.73000000,19.42500000,87.33
1749264916,87.74000000,2.25600000,87.33
1749264916,87.75000000,15.43600000,87.33
1749264916,87.76000000,30.06600000,87.33
1749264916,87.77000000,444.29000000,87.33
1749264916,87.78000000,15.59400000,87.33
1749264916,87.79000000,8.28600000,87.33
1749264916,87.80000000,4.45300000,87.33
1749264916,87.81000000,14.24000000,87.33
1749264916,87.82000000,6.11600000,87.33
1749264916,87.83000000,20.36700000,87.33
1749264916,87.84000000,188.64500000,87.33
1749264916,87.85000000,1.89400000,87.33
1749264916,87.86000000,193.78600000,87.33
1749264916,87.87000000,274.16000000,87.33
1749264916,87.88000000,2.43500000,87.33
1749264916,87.89000000,10.77000000,87.33
1749264916,87.90000000,145.75700000,87.33
1749264916,87.91000000,0.45500000,87.33
1749264916,87.92000000,25.35500000,87.33
1749264916,87.93000000,0.26800000,87.33
1749264916,87.94000000,2.49200000,87.33
1749264916,87.95000000,32.46000000,87.33
1749264916,87.96000000,17.19400000,87.33
1749264916,87.97000000,32.56500000,87.33
1749264916,87.98000000,1.37100000,87.33
1749264916,87.99000000,115.02400000,87.33
1749264916,88.00000000,118.22200000,87.33
1749264916,88.01000000,0.47500000,87.33
1749264916,88.02000000,2.93500000,87.33
1749264916,88.03000000,11.41200000,87.33
1749264916,88.04000000,0.48500000,87.33
1749264916,88.05000000,11.60100000,87.33
1749264916,88.06000000,0.17300000,87.33
1749264916,88.07000000,0.53300000,87.33
1749264916,88.08000000,1.68400000,87.33
1749264916,88.09000000,0.26800000,87.33
1749264916,88.10000000,5.91800000,87.33
1749264916,88.11000000,11.67000000,87.33
1749264916,88.12000000,0.67900000,87.33
1749264916,88.13000000,1.05000000,87.33
1749264916,88.14000000,0.52000000,87.33
1749264916,88.15000000,0.09400000,87.33
1749264916,88.16000000,114.57800000,87.33
1749264916,88.17000000,119.99400000,87.33
1749264916,88.18000000,11.78800000,87.33
1749264916,88.19000000,0.07700000,87.33
1749264916,88.20000000,10.27900000,87.33
1749264916,88.21000000,0.51500000,87.33
1749264916,88.22000000,0.07400000,87.33
1749264916,88.23000000,48.19200000,87.33
1749264916,88.24000000,6.14500000,87.33
1749264916,88.25000000,22.30400000,87.33
1749264916,88.26000000,32.61900000,87.33
1749264916,88.27000000,2.34900000,87.33
1749264916,88.28000000,0.34000000,87.33
1749264916,88.30000000,65.11600000,87.33
1749264916,88.31000000,3.88100000,87.33
1749264916,88.32000000,0.66800000,87.33
1749264916,88.33000000,3.15700000,87.33
1749265223,87.42000000,21.05300000,87.41
1749265223,87.43000000,36.91200000,87.41
1749265223,87.44000000,124.64900000,87.41
1749265223,87.45000000,58.01500000,87.41
1749265223,87.46000000,115.41400000,87.41
1749265223,87.47000000,244.77000000,87.41
1749265223,87.48000000,135.82700000,87.41
1749265223,87.49000000,171.98900000,87.41
1749265223,87.50000000,346.96900000,87.41
1749265223,87.51000000,263.92000000,87.41
1749265223,87.52000000,612.47700000,87.41
1749265223,87.53000000,568.45000000,87.41
1749265223,87.54000000,347.80200000,87.41
1749265223,87.55000000,279.14200000,87.41
1749265223,87.56000000,179.87300000,87.41
1749265223,87.57000000,88.46300000,87.41
1749265223,87.58000000,129.43500000,87.41
1749265223,87.59000000,288.35200000,87.41
1749265223,87.60000000,33.76800000,87.41
1749265223,87.61000000,518.87100000,87.41
1749265223,87.62000000,35.43200000,87.41
1749265223,87.63000000,183.71200000,87.41
1749265223,87.64000000,599.14900000,87.41
1749265223,87.65000000,0.34900000,87.41
1749265223,87.66000000,17.60500000,87.41
1749265223,87.67000000,23.43100000,87.41
1749265223,87.68000000,31.17500000,87.41
1749265223,87.69000000,3.28400000,87.41
1749265223,87.70000000,14.84400000,87.41
1749265223,87.71000000,1.52800000,87.41
1749265223,87.72000000,24.30300000,87.41
1749265223,87.73000000,19.42500000,87.41
1749265223,87.74000000,4.54600000,87.41
1749265223,87.75000000,16.38900000,87.41
1749265223,87.76000000,30.06600000,87.41
1749265223,87.77000000,444.29000000,87.41
1749265223,87.78000000,22.97500000,87.41
1749265223,87.79000000,10.57600000,87.41
1749265223,87.80000000,4.45300000,87.41
1749265223,87.81000000,14.24000000,87.41
1749265223,87.82000000,708.19900000,87.41
1749265223,87.83000000,1.63300000,87.41
1749265223,87.84000000,195.42300000,87.41
1749265223,87.85000000,1.89400000,87.41
1749265223,87.86000000,20.09700000,87.41
1749265223,87.87000000,274.16000000,87.41
1749265223,87.88000000,2.43500000,87.41
1749265223,87.89000000,13.06000000,87.41
1749265223,87.90000000,94.39500000,87.41
1749265223,87.91000000,0.45500000,87.41
1749265223,87.92000000,25.35500000,87.41
1749265223,87.93000000,19.03700000,87.41
1749265223,87.94000000,2.49200000,87.41
1749265223,87.95000000,53.60100000,87.41
1749265223,87.96000000,11.26500000,87.41
1749265223,87.97000000,39.70700000,87.41
1749265223,87.98000000,1.37100000,87.41
1749265223,87.99000000,0.94700000,87.41
1749265223,88.00000000,141.41200000,87.41
1749265223,88.01000000,1.62400000,87.41
1749265223,88.02000000,2.99800000,87.41
1749265223,88.03000000,36.09300000,87.41
1749265223,88.04000000,0.48500000,87.41
1749265223,88.05000000,11.60100000,87.41
1749265223,88.06000000,114.25000000,87.41
1749265223,88.07000000,174.22200000,87.41
1749265223,88.08000000,24.87400000,87.41
1749265223,88.09000000,0.38300000,87.41
1749265223,88.10000000,6.09100000,87.41
1749265223,88.11000000,11.78500000,87.41
1749265223,88.12000000,0.85200000,87.41
1749265223,88.13000000,1.22300000,87.41
1749265223,88.14000000,0.63500000,87.41
1749265223,88.15000000,0.26700000,87.41
1749265223,88.16000000,120.07000000,87.41
1749265223,88.17000000,120.10900000,87.41
1749265223,88.18000000,11.78800000,87.41
1749265223,88.19000000,0.07700000,87.41
1749265223,88.20000000,10.27900000,87.41
1749265223,88.21000000,0.51500000,87.41
1749265223,88.22000000,0.07400000,87.41
1749265223,88.23000000,13.51200000,87.41
1749265223,88.24000000,6.14500000,87.41
1749265223,88.25000000,22.30400000,87.41
1749265223,88.26000000,32.61900000,87.41
1749265223,88.27000000,2.34900000,87.41
1749265223,88.28000000,0.42600000,87.41
1749265223,88.30000000,65.11600000,87.41
1749265223,88.31000000,3.88100000,87.41
1749265223,88.32000000,0.66800000,87.41
1749265223,88.33000000,3.15700000,87.41
1749265223,88.34000000,0.05900000,87.41
1749265223,88.35000000,3.21200000,87.41
1749265223,88.36000000,0.77600000,87.41
1749265223,88.37000000,0.31700000,87.41
1749265223,88.38000000,0.34400000,87.41
1749265223,88.39000000,12.64900000,87.41
1749265223,88.40000000,14.89200000,87.41
1749265223,88.41000000,0.33600000,87.41
1749265223,88.42000000,0.87300000,87.41
1749265525,87.59000000,53.69500000,87.58
1749265525,87.60000000,37.12200000,87.58
1749265525,87.61000000,109.74100000,87.58
1749265525,87.62000000,233.84000000,87.58
1749265525,87.63000000,64.46300000,87.58
1749265525,87.64000000,105.01400000,87.58
1749265525,87.65000000,124.04300000,87.58
1749265525,87.66000000,168.22400000,87.58
1749265525,87.67000000,225.74400000,87.58
1749265525,87.68000000,97.12500000,87.58
1749265525,87.69000000,61.75900000,87.58
1749265525,87.70000000,125.74700000,87.58
1749265525,87.71000000,105.23400000,87.58
1749265525,87.72000000,223.93800000,87.58
1749265525,87.73000000,195.86600000,87.58
1749265525,87.74000000,184.29900000,87.58
1749265525,87.75000000,62.12300000,87.58
1749265525,87.76000000,270.59300000,87.58
1749265525,87.77000000,496.35500000,87.58
1749265525,87.78000000,131.36400000,87.58
1749265525,87.79000000,201.42100000,87.58
1749265525,87.80000000,153.93300000,87.58
1749265525,87.81000000,161.79000000,87.58
1749265525,87.82000000,442.88800000,87.58
1749265525,87.83000000,13.87600000,87.58
1749265525,87.84000000,113.06200000,87.58
1749265525,87.85000000,34.81500000,87.58
1749265525,87.86000000,15.58100000,87.58
1749265525,87.87000000,273.75700000,87.58
1749265525,87.88000000,2.43500000,87.58
1749265525,87.89000000,9.56000000,87.58
1749265525,87.90000000,94.45300000,87.58
1749265525,87.91000000,0.39700000,87.58
1749265525,87.92000000,24.72100000,87.58
1749265525,87.93000000,742.03500000,87.58
1749265525,87.94000000,18.63800000,87.58
1749265525,87.95000000,704.54300000,87.58
1749265525,87.96000000,19.16500000,87.58
1749265525,87.97000000,33.71500000,87.58
1749265525,87.98000000,12.42000000,87.58
1749265525,87.99000000,3.23700000,87.58
1749265525,88.00000000,141.41200000,87.58
1749265525,88.01000000,1.83500000,87.58
1749265525,88.02000000,5.09900000,87.58
1749265525,88.03000000,6.09300000,87.58
1749265525,88.04000000,3.92400000,87.58
1749265525,88.05000000,11.60100000,87.58
1749265525,88.06000000,159.83200000,87.58
1749265525,88.07000000,15.59600000,87.58
1749265525,88.08000000,26.14200000,87.58
1749265525,88.09000000,0.38300000,87.58
1749265525,88.10000000,6.09100000,87.58
1749265525,88.11000000,11.78500000,87.58
1749265525,88.12000000,0.85200000,87.58
1749265525,88.13000000,21.23100000,87.58
1749265525,88.14000000,0.69800000,87.58
1749265525,88.15000000,29.25400000,87.58
1749265525,88.16000000,19.26000000,87.58
1749265525,88.17000000,11.76000000,87.58
1749265525,88.18000000,62.40500000,87.58
1749265525,88.19000000,1.39700000,87.58
1749265525,88.20000000,40.45700000,87.58
1749265525,88.21000000,0.68800000,87.58
1749265525,88.22000000,7.19100000,87.58
1749265525,88.23000000,24.23200000,87.58
1749265525,88.24000000,6.31800000,87.58
1749265525,88.25000000,25.97700000,87.58
1749265525,88.26000000,114.60300000,87.58
1749265525,88.27000000,176.21100000,87.58
1749265525,88.28000000,0.59900000,87.58
1749265525,88.29000000,0.74900000,87.58
1749265525,88.30000000,71.08600000,87.58
1749265525,88.31000000,27.24400000,87.58
1749265525,88.32000000,0.86900000,87.58
1749265525,88.33000000,3.33000000,87.58
1749265525,88.34000000,0.23200000,87.58
1749265525,88.35000000,3.27000000,87.58
1749265525,88.36000000,0.86200000,87.58
1749265525,88.37000000,0.37500000,87.58
1749265525,88.38000000,6.14100000,87.58
1749265525,88.39000000,35.10400000,87.58
1749265525,88.40000000,14.97800000,87.58
1749265525,88.41000000,0.33600000,87.58
1749265525,88.42000000,0.87300000,87.58
1749265525,88.43000000,0.53700000,87.58
1749265525,88.44000000,1.33300000,87.58
1749265525,88.45000000,21.49700000,87.58
1749265525,88.46000000,0.20600000,87.58
1749265525,88.47000000,0.14600000,87.58
1749265525,88.48000000,2.07100000,87.58
1749265525,88.49000000,1.84100000,87.58
1749265525,88.50000000,54.10900000,87.58
1749265525,88.51000000,1.69000000,87.58
1749265525,88.52000000,3.23000000,87.58
1749265525,88.53000000,11.68800000,87.58
1749265525,88.54000000,5.38400000,87.58
1749265525,88.55000000,0.88400000,87.58
1749265525,88.56000000,6.46000000,87.58
1749265525,88.57000000,0.90600000,87.58
1749265525,88.58000000,114.46700000,87.58
1749265827,87.78000000,7.12200000,87.78
1749265827,87.79000000,150.20100000,87.78
1749265827,87.80000000,152.07900000,87.78
1749265827,87.81000000,58.06700000,87.78
1749265827,87.82000000,60.93800000,87.78
1749265827,87.83000000,128.23100000,87.78
1749265827,87.84000000,106.10100000,87.78
1749265827,87.85000000,207.00700000,87.78
1749265827,87.86000000,142.03000000,87.78
1749265827,87.87000000,534.88500000,87.78
1749265827,87.88000000,292.55800000,87.78
1749265827,87.89000000,252.48900000,87.78
1749265827,87.90000000,465.36800000,87.78
1749265827,87.91000000,509.85000000,87.78
1749265827,87.92000000,351.95100000,87.78
1749265827,87.93000000,146.42800000,87.78
1749265827,87.94000000,46.08200000,87.78
1749265827,87.95000000,187.41800000,87.78
1749265827,87.96000000,481.90100000,87.78
1749265827,87.97000000,51.58600000,87.78
1749265827,87.98000000,101.94400000,87.78
1749265827,87.99000000,64.11700000,87.78
1749265827,88.00000000,141.41200000,87.78
1749265827,88.01000000,154.14700000,87.78
1749265827,88.02000000,4.00600000,87.78
1749265827,88.03000000,663.76800000,87.78
1749265827,88.04000000,15.09700000,87.78
1749265827,88.05000000,18.75900000,87.78
1749265827,88.06000000,0.17300000,87.78
1749265827,88.07000000,15.59600000,87.78
1749265827,88.08000000,26.20000000,87.78
1749265827,88.09000000,704.69800000,87.78
1749265827,88.10000000,6.09100000,87.78
1749265827,88.11000000,12.73400000,87.78
1749265827,88.12000000,5.34000000,87.78
1749265827,88.13000000,2.37100000,87.78
1749265827,88.14000000,2.98800000,87.78
1749265827,88.15000000,29.25400000,87.78
1749265827,88.16000000,1.82200000,87.78
1749265827,88.17000000,5.76800000,87.78
1749265827,88.18000000,11.96100000,87.78
1749265827,88.19000000,11.58700000,87.78
1749265827,88.20000000,32.43200000,87.78
1749265827,88.21000000,15.68800000,87.78
1749265827,88.22000000,7.19100000,87.78
1749265827,88.23000000,49.90500000,87.78
1749265827,88.24000000,160.38600000,87.78
1749265827,88.25000000,27.12400000,87.78
1749265827,88.26000000,18.03700000,87.78
1749265827,88.27000000,176.21100000,87.78
1749265827,88.28000000,4.21900000,87.78
1749265827,88.29000000,3.03900000,87.78
1749265827,88.30000000,71.08600000,87.78
1749265827,88.31000000,28.39000000,87.78
1749265827,88.32000000,0.93200000,87.78
1749265827,88.33000000,3.33000000,87.78
1749265827,88.34000000,3.66700000,87.78
1749265827,88.35000000,53.31600000,87.78
1749265827,88.36000000,0.97700000,87.78
1749265827,88.37000000,1.63500000,87.78
1749265827,88.38000000,12.36900000,87.78
1749265827,88.39000000,65.21900000,87.78
1749265827,88.40000000,16.29500000,87.78
1749265827,88.41000000,0.50900000,87.78
1749265827,88.42000000,0.98800000,87.78
1749265827,88.43000000,0.71000000,87.78
1749265827,88.44000000,1.50600000,87.78
1749265827,88.45000000,21.61200000,87.78
1749265827,88.46000000,6.17600000,87.78
1749265827,88.47000000,23.50900000,87.78
1749265827,88.48000000,2.27200000,87.78
1749265827,88.49000000,2.01400000,87.78
1749265827,88.50000000,54.11200000,87.78
1749265827,88.51000000,1.80500000,87.78
1749265827,88.52000000,3.48900000,87.78
1749265827,88.53000000,11.86100000,87.78
1749265827,88.54000000,11.18100000,87.78
1749265827,88.55000000,24.07400000,87.78
1749265827,88.56000000,6.54600000,87.78
1749265827,88.57000000,114.82700000,87.78
1749265827,88.58000000,114.46700000,87.78
1749265827,88.59000000,124.15500000,87.78
1749265827,88.60000000,4.48700000,87.78
1749265827,88.61000000,0.07200000,87.78
1749265827,88.62000000,4.45900000,87.78
1749265827,88.63000000,34.70400000,87.78
1749265827,88.64000000,0.40200000,87.78
1749265827,88.65000000,47.90000000,87.78
1749265827,88.66000000,0.68900000,87.78
1749265827,88.67000000,0.07700000,87.78
1749265827,88.68000000,11.85400000,87.78
1749265827,88.69000000,0.40600000,87.78
1749265827,88.70000000,56.33000000,87.78
1749265827,88.71000000,1.42000000,87.78
1749265827,88.72000000,0.65800000,87.78
1749265827,88.73000000,4.23300000,87.78
1749265827,88.74000000,8.01900000,87.78
1749265827,88.75000000,0.79600000,87.78
1749265827,88.76000000,0.28600000,87.78
1749265827,88.77000000,1.62500000,87.78
1749266128,87.89000000,28.27200000,87.88
1749266128,87.90000000,140.41500000,87.88
1749266128,87.91000000,273.28600000,87.88
1749266128,87.92000000,92.46900000,87.88
1749266128,87.93000000,209.33100000,87.88
1749266128,87.94000000,242.82400000,87.88
1749266128,87.95000000,138.25200000,87.88
1749266128,87.96000000,261.85400000,87.88
1749266128,87.97000000,123.82100000,87.88
1749266128,87.98000000,191.06200000,87.88
1749266128,87.99000000,170.26100000,87.88
1749266128,88.00000000,229.38700000,87.88
1749266128,88.01000000,318.18500000,87.88
1749266128,88.02000000,314.83500000,87.88
1749266128,88.03000000,411.30500000,87.88
1749266128,88.04000000,187.02700000,87.88
1749266128,88.05000000,132.85100000,87.88
1749266128,88.06000000,135.23500000,87.88
1749266128,88.07000000,139.00200000,87.88
1749266128,88.08000000,72.56000000,87.88
1749266128,88.09000000,171.08500000,87.88
1749266128,88.10000000,76.69900000,87.88
1749266128,88.11000000,102.99200000,87.88
1749266128,88.12000000,5.52100000,87.88
1749266128,88.13000000,8.05500000,87.88
1749266128,88.14000000,484.33000000,87.88
1749266128,88.15000000,53.91000000,87.88
1749266128,88.16000000,17.45000000,87.88
1749266128,88.17000000,41.58600000,87.88
1749266128,88.18000000,11.96100000,87.88
1749266128,88.19000000,38.47300000,87.88
1749266128,88.20000000,26.05700000,87.88
1749266128,88.21000000,15.63000000,87.88
1749266128,88.22000000,7.19100000,87.88
1749266128,88.23000000,613.61400000,87.88
1749266128,88.24000000,6.31700000,87.88
1749266128,88.25000000,52.95600000,87.88
1749266128,88.26000000,0.64700000,87.88
1749266128,88.27000000,2.46400000,87.88
1749266128,88.28000000,2.11800000,87.88
1749266128,88.29000000,0.17300000,87.88
1749266128,88.30000000,81.42700000,87.88
1749266128,88.31000000,28.39000000,87.88
1749266128,88.32000000,0.99000000,87.88
1749266128,88.33000000,168.89100000,87.88
1749266128,88.34000000,7.17400000,87.88
1749266128,88.35000000,705.46800000,87.88
1749266128,88.36000000,0.97700000,87.88
1749266128,88.37000000,1.63500000,87.88
1749266128,88.38000000,6.37700000,87.88
1749266128,88.39000000,36.09600000,87.88
1749266128,88.40000000,20.84000000,87.88
1749266128,88.41000000,0.50900000,87.88
1749266128,88.42000000,1.07200000,87.88
1749266128,88.43000000,9.75400000,87.88
1749266128,88.44000000,16.08500000,87.88
1749266128,88.45000000,54.23500000,87.88
1749266128,88.46000000,157.76400000,87.88
1749266128,88.47000000,48.70900000,87.88
1749266128,88.48000000,2.27200000,87.88
1749266128,88.49000000,2.01400000,87.88
1749266128,88.50000000,71.64700000,87.88
1749266128,88.51000000,1.80500000,87.88
1749266128,88.52000000,4.63200000,87.88
1749266128,88.53000000,11.86100000,87.88
1749266128,88.54000000,11.52000000,87.88
1749266128,88.55000000,26.54900000,87.88
1749266128,88.56000000,56.05700000,87.88
1749266128,88.57000000,1.02000000,87.88
1749266128,88.58000000,0.56200000,87.88
1749266128,88.59000000,10.52800000,87.88
1749266128,88.60000000,4.60100000,87.88
1749266128,88.61000000,0.24400000,87.88
1749266128,88.62000000,13.92800000,87.88
1749266128,88.63000000,23.76600000,87.88
1749266128,88.64000000,1.29400000,87.88
1749266128,88.65000000,15.22900000,87.88
1749266128,88.66000000,0.68900000,87.88
1749266128,88.67000000,136.98700000,87.88
1749266128,88.68000000,125.66000000,87.88
1749266128,88.69000000,287.88700000,87.88
1749266128,88.70000000,62.18500000,87.88
1749266128,88.71000000,24.66800000,87.88
1749266128,88.72000000,0.74400000,87.88
1749266128,88.73000000,4.29100000,87.88
1749266128,88.74000000,8.07700000,87.88
1749266128,88.75000000,0.79600000,87.88
1749266128,88.76000000,0.43000000,87.88
1749266128,88.77000000,14.21000000,87.88
1749266128,88.78000000,5.79700000,87.88
1749266128,88.79000000,23.19000000,87.88
1749266128,88.80000000,8.50200000,87.88
1749266128,88.81000000,10.33200000,87.88
1749266128,88.82000000,2.70400000,87.88
1749266128,88.83000000,14.86900000,87.88
1749266128,88.84000000,0.79900000,87.88
1749266128,88.85000000,13.37700000,87.88
1749266128,88.86000000,1.01200000,87.88
1749266128,88.87000000,23.42600000,87.88
1749266128,88.88000000,64.53400000,87.88
1749266430,87.75000000,29.94300000,87.75
1749266430,87.76000000,136.04000000,87.75
1749266430,87.77000000,193.79000000,87.75
1749266430,87.78000000,360.62400000,87.75
1749266430,87.79000000,245.52900000,87.75
1749266430,87.80000000,206.70700000,87.75
1749266430,87.81000000,95.70700000,87.75
1749266430,87.82000000,58.27400000,87.75
1749266430,87.83000000,98.38000000,87.75
1749266430,87.84000000,319.64200000,87.75
1749266430,87.85000000,440.24200000,87.75
1749266430,87.86000000,379.84900000,87.75
1749266430,87.87000000,404.60300000,87.75
1749266430,87.88000000,183.29900000,87.75
1749266430,87.89000000,144.95800000,87.75
1749266430,87.90000000,131.88700000,87.75
1749266430,87.91000000,126.12400000,87.75
1749266430,87.92000000,130.20400000,87.75
1749266430,87.93000000,134.02100000,87.75
1749266430,87.94000000,29.70400000,87.75
1749266430,87.95000000,107.61000000,87.75
1749266430,87.96000000,75.34000000,87.75
1749266430,87.97000000,0.17200000,87.75
1749266430,87.98000000,67.56000000,87.75
1749266430,87.99000000,8.49300000,87.75
1749266430,88.00000000,6.30000000,87.75
1749266430,88.01000000,17.67500000,87.75
1749266430,88.02000000,187.36000000,87.75
1749266430,88.03000000,1.31400000,87.75
1749266430,88.04000000,0.48500000,87.75
1749266430,88.05000000,1.26000000,87.75
1749266430,88.06000000,7.05400000,87.75
1749266430,88.07000000,37.73900000,87.75
1749266430,88.08000000,1.86200000,87.75
1749266430,88.09000000,1.46600000,87.75
1749266430,88.10000000,8.35700000,87.75
1749266430,88.11000000,102.66400000,87.75
1749266430,88.12000000,5.46300000,87.75
1749266430,88.13000000,8.05500000,87.75
1749266430,88.14000000,448.37000000,87.75
1749266430,88.15000000,43.11000000,87.75
1749266430,88.16000000,17.45000000,87.75
1749266430,88.17000000,41.58600000,87.75
1749266430,88.18000000,11.90300000,87.75
1749266430,88.19000000,38.47300000,87.75
1749266430,88.20000000,24.53100000,87.75
1749266430,88.21000000,15.63000000,87.75
1749266430,88.22000000,15.09100000,87.75
1749266430,88.23000000,614.53700000,87.75
1749266430,88.24000000,11.95500000,87.75
1749266430,88.25000000,42.36500000,87.75
1749266430,88.26000000,5.13500000,87.75
1749266430,88.27000000,20.31000000,87.75
1749266430,88.28000000,8.11000000,87.75
1749266430,88.29000000,7.55400000,87.75
1749266430,88.30000000,81.42700000,87.75
1749266430,88.31000000,28.39000000,87.75
1749266430,88.32000000,3.09100000,87.75
1749266430,88.33000000,168.89100000,87.75
1749266430,88.34000000,37.27600000,87.75
1749266430,88.35000000,819.13000000,87.75
1749266430,88.36000000,50.68900000,87.75
1749266430,88.37000000,1.63500000,87.75
1749266430,88.38000000,6.37700000,87.75
1749266430,88.39000000,36.09600000,87.75
1749266430,88.40000000,16.29500000,87.75
1749266430,88.41000000,0.50900000,87.75
1749266430,88.42000000,1.07200000,87.75
1749266430,88.43000000,1.18400000,87.75
1749266430,88.44000000,1.56900000,87.75
1749266430,88.45000000,35.52600000,87.75
1749266430,88.46000000,271.42600000,87.75
1749266430,88.47000000,23.56600000,87.75
1749266430,88.48000000,2.27200000,87.75
1749266430,88.49000000,2.01400000,87.75
1749266430,88.50000000,41.58400000,87.75
1749266430,88.51000000,1.69000000,87.75
1749266430,88.52000000,3.47600000,87.75
1749266430,88.53000000,11.74600000,87.75
1749266430,88.54000000,11.40500000,87.75
1749266430,88.55000000,24.33400000,87.75
1749266430,88.56000000,6.60400000,87.75
1749266430,88.57000000,0.90600000,87.75
1749266430,88.58000000,0.44800000,87.75
1749266430,88.59000000,10.41400000,87.75
1749266430,88.60000000,4.48700000,87.75
1749266430,88.61000000,0.13000000,87.75
1749266430,88.62000000,8.01700000,87.75
1749266430,88.63000000,23.65200000,87.75
1749266430,88.64000000,1.18000000,87.75
1749266430,88.65000000,15.22900000,87.75
1749266430,88.66000000,0.68900000,87.75
1749266430,88.67000000,23.32500000,87.75
1749266430,88.68000000,239.40000000,87.75
1749266430,88.69000000,174.09500000,87.75
1749266430,88.70000000,56.33000000,87.75
1749266430,88.71000000,24.61000000,87.75
1749266430,88.72000000,0.74400000,87.75
1749266430,88.73000000,117.85300000,87.75
1749266430,88.74000000,8.01900000,87.75
1749266732,87.84000000,64.91200000,87.83
1749266732,87.85000000,85.95000000,87.83
1749266732,87.86000000,142.67700000,87.83
1749266732,87.87000000,253.39900000,87.83
1749266732,87.88000000,157.65400000,87.83
1749266732,87.89000000,260.32300000,87.83
1749266732,87.90000000,235.28400000,87.83
1749266732,87.91000000,81.04200000,87.83
1749266732,87.92000000,102.93000000,87.83
1749266732,87.93000000,181.17100000,87.83
1749266732,87.94000000,349.29000000,87.83
1749266732,87.95000000,459.15900000,87.83
1749266732,87.96000000,160.46800000,87.83
1749266732,87.97000000,388.80200000,87.83
1749266732,87.98000000,226.85600000,87.83
1749266732,87.99000000,91.55600000,87.83
1749266732,88.00000000,131.04200000,87.83
1749266732,88.01000000,321.35700000,87.83
1749266732,88.02000000,286.28400000,87.83
1749266732,88.03000000,50.75000000,87.83
1749266732,88.04000000,31.59500000,87.83
1749266732,88.05000000,7.42000000,87.83
1749266732,88.06000000,39.67700000,87.83
1749266732,88.07000000,134.95800000,87.83
1749266732,88.08000000,39.02500000,87.83
1749266732,88.09000000,1.52400000,87.83
1749266732,88.10000000,19.47200000,87.83
1749266732,88.11000000,502.18700000,87.83
1749266732,88.12000000,0.85200000,87.83
1749266732,88.13000000,20.73300000,87.83
1749266732,88.14000000,0.75600000,87.83
1749266732,88.15000000,43.11000000,87.83
1749266732,88.16000000,1.82200000,87.83
1749266732,88.17000000,5.82600000,87.83
1749266732,88.18000000,11.90300000,87.83
1749266732,88.19000000,1.39700000,87.83
1749266732,88.20000000,25.47900000,87.83
1749266732,88.21000000,604.95400000,87.83
1749266732,88.22000000,7.19100000,87.83
1749266732,88.23000000,25.21300000,87.83
1749266732,88.24000000,11.95500000,87.83
1749266732,88.25000000,23.62400000,87.83
1749266732,88.26000000,5.13500000,87.83
1749266732,88.27000000,2.46400000,87.83
1749266732,88.28000000,2.11800000,87.83
1749266732,88.29000000,7.55400000,87.83
1749266732,88.30000000,81.42700000,87.83
1749266732,88.31000000,28.39000000,87.83
1749266732,88.32000000,3.09100000,87.83
1749266732,88.33000000,168.89100000,87.83
1749266732,88.34000000,13.26800000,87.83
1749266732,88.35000000,724.52500000,87.83
1749266732,88.36000000,1.54500000,87.83
1749266732,88.37000000,19.22200000,87.83
1749266732,88.38000000,6.37700000,87.83
1749266732,88.39000000,36.09600000,87.83
1749266732,88.40000000,16.40900000,87.83
1749266732,88.41000000,8.40900000,87.83
1749266732,88.42000000,1.07200000,87.83
1749266732,88.43000000,51.74900000,87.83
1749266732,88.44000000,2.71200000,87.83
1749266732,88.45000000,35.52600000,87.83
1749266732,88.46000000,187.76400000,87.83
1749266732,88.47000000,23.50900000,87.83
1749266732,88.48000000,2.27200000,87.83
1749266732,88.49000000,3.15700000,87.83
1749266732,88.50000000,41.64700000,87.83
1749266732,88.51000000,1.80500000,87.83
1749266732,88.52000000,3.59100000,87.83
1749266732,88.53000000,11.86100000,87.83
1749266732,88.54000000,11.51900000,87.83
1749266732,88.55000000,24.44800000,87.83
1749266732,88.56000000,6.71800000,87.83
1749266732,88.57000000,1.02000000,87.83
1749266732,88.58000000,0.56200000,87.83
1749266732,88.59000000,10.52800000,87.83
1749266732,88.60000000,4.48700000,87.83
1749266732,88.61000000,0.13000000,87.83
1749266732,88.62000000,8.01700000,87.83
1749266732,88.63000000,23.65200000,87.83
1749266732,88.64000000,1.18000000,87.83
1749266732,88.65000000,15.22900000,87.83
1749266732,88.66000000,0.68900000,87.83
1749266732,88.67000000,137.03900000,87.83
1749266732,88.68000000,239.32200000,87.83
1749266732,88.69000000,174.09500000,87.83
1749266732,88.70000000,56.33000000,87.83
1749266732,88.71000000,24.61000000,87.83
1749266732,88.72000000,0.74400000,87.83
1749266732,88.73000000,117.85300000,87.83
1749266732,88.74000000,8.01900000,87.83
1749266732,88.75000000,0.79600000,87.83
1749266732,88.76000000,0.37200000,87.83
1749266732,88.77000000,14.21000000,87.83
1749266732,88.79000000,23.19000000,87.83
1749266732,88.80000000,8.16300000,87.83
1749266732,88.81000000,10.33200000,87.83
1749266732,88.82000000,2.70400000,87.83
1749266732,88.83000000,14.86900000,87.83
1749266732,88.84000000,35.32600000,87.83
1749267033,87.81000000,107.82900000,87.8
1749267033,87.82000000,80.24600000,87.8
1749267033,87.83000000,119.19300000,87.8
1749267033,87.84000000,305.49700000,87.8
1749267033,87.85000000,376.53900000,87.8
1749267033,87.86000000,306.72100000,87.8
1749267033,87.87000000,144.90800000,87.8
1749267033,87.88000000,95.70800000,87.8
1749267033,87.89000000,37.35100000,87.8
1749267033,87.90000000,65.45100000,87.8
1749267033,87.91000000,118.22600000,87.8
1749267033,87.92000000,299.16500000,87.8
1749267033,87.93000000,506.03200000,87.8
1749267033,87.94000000,674.95600000,87.8
1749267033,87.95000000,293.15100000,87.8
1749267033,87.96000000,138.80900000,87.8
1749267033,87.97000000,68.58600000,87.8
1749267033,87.98000000,128.89700000,87.8
1749267033,87.99000000,86.93300000,87.8
1749267033,88.00000000,105.67700000,87.8
1749267033,88.01000000,498.67600000,87.8
1749267033,88.02000000,122.05600000,87.8
1749267033,88.03000000,3.08700000,87.8
1749267033,88.04000000,0.48500000,87.8
1749267033,88.05000000,14.06100000,87.8
1749267033,88.06000000,14.74000000,87.8
1749267033,88.07000000,41.42500000,87.8
1749267033,88.08000000,601.56500000,87.8
1749267033,88.09000000,1.52400000,87.8
1749267033,88.10000000,8.35700000,87.8
1749267033,88.11000000,65.41500000,87.8
1749267033,88.12000000,0.79400000,87.8
1749267033,88.13000000,8.05500000,87.8
1749267033,88.14000000,0.75600000,87.8
1749267033,88.15000000,43.11000000,87.8
1749267033,88.16000000,1.82200000,87.8
1749267033,88.17000000,5.82600000,87.8
1749267033,88.18000000,11.90300000,87.8
1749267033,88.19000000,1.39700000,87.8
1749267033,88.20000000,24.53100000,87.8
1749267033,88.21000000,15.63000000,87.8
1749267033,88.22000000,7.19100000,87.8
1749267033,88.23000000,25.21300000,87.8
1749267033,88.24000000,11.95500000,87.8
1749267033,88.25000000,23.62400000,87.8
1749267033,88.26000000,5.13500000,87.8
1749267033,88.27000000,8.45600000,87.8
1749267033,88.28000000,2.11800000,87.8
1749267033,88.29000000,7.55400000,87.8
1749267033,88.30000000,131.17600000,87.8
1749267033,88.31000000,28.39000000,87.8
1749267033,88.32000000,3.09100000,87.8
1749267033,88.33000000,168.89100000,87.8
1749267033,88.34000000,7.27600000,87.8
1749267033,88.35000000,724.52500000,87.8
1749267033,88.36000000,1.54500000,87.8
1749267033,88.37000000,19.22200000,87.8
1749267033,88.38000000,6.37700000,87.8
1749267033,88.39000000,36.09600000,87.8
1749267033,88.40000000,16.40900000,87.8
1749267033,88.41000000,8.40900000,87.8
1749267033,88.42000000,31.07200000,87.8
1749267033,88.43000000,2.32800000,87.8
1749267033,88.44000000,1.56900000,87.8
1749267033,88.45000000,149.18800000,87.8
1749267033,88.46000000,157.76400000,87.8
1749267033,88.47000000,23.50900000,87.8
1749267033,88.48000000,2.27200000,87.8
1749267033,88.49000000,2.01400000,87.8
1749267033,88.50000000,41.58400000,87.8
1749267033,88.51000000,1.80500000,87.8
1749267033,88.52000000,3.59100000,87.8
1749267033,88.53000000,11.86100000,87.8
1749267033,88.54000000,11.52000000,87.8
1749267033,88.55000000,24.44900000,87.8
1749267033,88.56000000,6.71900000,87.8
1749267033,88.57000000,0.90600000,87.8
1749267033,88.58000000,0.44800000,87.8
1749267033,88.59000000,10.41400000,87.8
1749267033,88.60000000,4.48700000,87.8
1749267033,88.61000000,0.13000000,87.8
1749267033,88.62000000,8.01700000,87.8
1749267033,88.63000000,23.65200000,87.8
1749267033,88.64000000,1.18000000,87.8
1749267033,88.65000000,15.22900000,87.8
1749267033,88.66000000,0.68900000,87.8
1749267033,88.67000000,23.32500000,87.8
1749267033,88.68000000,239.37400000,87.8
1749267033,88.69000000,174.09500000,87.8
1749267033,88.70000000,56.33000000,87.8
1749267033,88.71000000,24.61000000,87.8
1749267033,88.72000000,0.74400000,87.8
1749267033,88.73000000,117.85300000,87.8
1749267033,88.74000000,8.01900000,87.8
1749267033,88.75000000,0.79600000,87.8
1749267033,88.76000000,0.37200000,87.8
1749267033,88.77000000,14.21000000,87.8
1749267033,88.79000000,23.19000000,87.8
1749267033,88.80000000,8.16300000,87.8
1749267033,88.81000000,10.33200000,87.8
1749267335,87.76000000,10.76100000,87.77
1749267335,87.77000000,50.66400000,87.77
1749267335,87.78000000,183.49700000,87.77
1749267335,87.79000000,248.24200000,87.77
1749267335,87.80000000,163.00400000,87.77
1749267335,87.81000000,79.73700000,87.77
1749267335,87.82000000,103.49200000,87.77
1749267335,87.83000000,192.69500000,87.77
1749267335,87.84000000,103.65700000,87.77
1749267335,87.85000000,173.41400000,87.77
1749267335,87.86000000,401.38800000,87.77
1749267335,87.87000000,582.46200000,87.77
1749267335,87.88000000,428.36200000,87.77
1749267335,87.89000000,183.75800000,87.77
1749267335,87.90000000,174.69600000,87.77
1749267335,87.91000000,61.75400000,87.77
1749267335,87.92000000,76.30300000,87.77
1749267335,87.93000000,187.60600000,87.77
1749267335,87.94000000,232.52300000,87.77
1749267335,87.95000000,49.79400000,87.77
1749267335,87.96000000,15.37800000,87.77
1749267335,87.97000000,98.57500000,87.77
1749267335,87.98000000,58.49100000,87.77
1749267335,87.99000000,6.99800000,87.77
1749267335,88.00000000,12.54000000,87.77
1749267335,88.01000000,454.44700000,87.77
1749267335,88.02000000,41.58900000,87.77
1749267335,88.03000000,1.31400000,87.77
1749267335,88.04000000,0.48500000,87.77
1749267335,88.05000000,1.32700000,87.77
1749267335,88.06000000,7.11200000,87.77
1749267335,88.07000000,37.83600000,87.77
1749267335,88.08000000,591.18600000,87.77
1749267335,88.09000000,1.53300000,87.77
1749267335,88.10000000,8.35700000,87.77
1749267335,88.11000000,65.41600000,87.77
1749267335,88.12000000,0.79400000,87.77
1749267335,88.13000000,8.05500000,87.77
1749267335,88.14000000,0.75600000,87.77
1749267335,88.15000000,43.11000000,87.77
1749267335,88.16000000,1.82200000,87.77
1749267335,88.17000000,5.82600000,87.77
1749267335,88.18000000,721.95300000,87.77
1749267335,88.19000000,1.39700000,87.77
1749267335,88.20000000,30.52300000,87.77
1749267335,88.21000000,15.63000000,87.77
1749267335,88.22000000,7.19100000,87.77
1749267335,88.23000000,25.21300000,87.77
1749267335,88.24000000,61.85000000,87.77
1749267335,88.25000000,42.80600000,87.77
1749267335,88.26000000,5.13500000,87.77
1749267335,88.27000000,19.97400000,87.77
1749267335,88.28000000,2.11800000,87.77
1749267335,88.29000000,7.55400000,87.77
1749267335,88.30000000,81.42700000,87.77
1749267335,88.31000000,28.39000000,87.77
1749267335,88.32000000,3.15800000,87.77
1749267335,88.33000000,282.55300000,87.77
1749267335,88.34000000,7.27600000,87.77
1749267335,88.35000000,33.38500000,87.77
1749267335,88.36000000,1.54500000,87.77
1749267335,88.37000000,1.63500000,87.77
1749267335,88.38000000,6.37700000,87.77
1749267335,88.39000000,36.09600000,87.77
1749267335,88.40000000,15.15100000,87.77
1749267335,88.41000000,0.50900000,87.77
1749267335,88.42000000,1.07200000,87.77
1749267335,88.43000000,1.18400000,87.77
1749267335,88.44000000,1.50600000,87.77
1749267335,88.45000000,149.18800000,87.77
1749267335,88.46000000,157.76400000,87.77
1749267335,88.47000000,23.50900000,87.77
1749267335,88.48000000,2.27200000,87.77
1749267335,88.49000000,2.01400000,87.77
1749267335,88.50000000,41.58400000,87.77
1749267335,88.51000000,1.80500000,87.77
1749267335,88.52000000,3.47600000,87.77
1749267335,88.53000000,11.74600000,87.77
1749267335,88.54000000,11.40500000,87.77
1749267335,88.55000000,24.33400000,87.77
1749267335,88.56000000,6.60400000,87.77
1749267335,88.57000000,0.90600000,87.77
1749267335,88.58000000,0.44800000,87.77
1749267335,88.59000000,10.41400000,87.77
1749267335,88.60000000,4.48700000,87.77
1749267335,88.61000000,0.13000000,87.77
1749267335,88.62000000,8.01700000,87.77
1749267335,88.63000000,23.65200000,87.77
1749267335,88.64000000,1.18000000,87.77
1749267335,88.65000000,15.22900000,87.77
1749267335,88.66000000,0.68900000,87.77
1749267335,88.67000000,23.26700000,87.77
1749267335,88.68000000,125.65400000,87.77
1749267335,88.69000000,287.75700000,87.77
1749267335,88.70000000,56.33000000,87.77
1749267335,88.71000000,24.61000000,87.77
1749267335,88.72000000,0.74400000,87.77
1749267335,88.73000000,117.85300000,87.77
1749267335,88.74000000,8.01900000,87.77
1749267335,88.75000000,0.79600000,87.77
1749267636,87.81000000,5.43900000,87.8
1749267636,87.82000000,42.71500000,87.8
1749267636,87.83000000,109.71700000,87.8
1749267636,87.84000000,217.04800000,87.8
1749267636,87.85000000,291.20000000,87.8
1749267636,87.86000000,169.16700000,87.8
1749267636,87.87000000,115.14500000,87.8
1749267636,87.88000000,194.05300000,87.8
1749267636,87.89000000,46.76100000,87.8
1749267636,87.90000000,88.23800000,87.8
1749267636,87.91000000,144.12600000,87.8
1749267636,87.92000000,293.29900000,87.8
1749267636,87.93000000,421.37200000,87.8
1749267636,87.94000000,504.33000000,87.8
1749267636,87.95000000,193.17500000,87.8
1749267636,87.96000000,253.63300000,87.8
1749267636,87.97000000,149.95600000,87.8
1749267636,87.98000000,101.31500000,87.8
1749267636,87.99000000,83.74000000,87.8
1749267636,88.00000000,40.17000000,87.8
1749267636,88.01000000,475.93800000,87.8
1749267636,88.02000000,121.13000000,87.8
1749267636,88.03000000,1.31400000,87.8
1749267636,88.04000000,13.67100000,87.8
1749267636,88.05000000,1.32700000,87.8
1749267636,88.06000000,9.40200000,87.8
1749267636,88.07000000,41.42500000,87.8
1749267636,88.08000000,598.28700000,87.8
1749267636,88.09000000,1.59100000,87.8
1749267636,88.10000000,8.35700000,87.8
1749267636,88.11000000,66.75700000,87.8
1749267636,88.12000000,0.79400000,87.8
1749267636,88.13000000,8.05500000,87.8
1749267636,88.14000000,0.75600000,87.8
1749267636,88.15000000,43.11000000,87.8
1749267636,88.16000000,4.11200000,87.8
1749267636,88.17000000,5.82600000,87.8
1749267636,88.18000000,721.95300000,87.8
1749267636,88.19000000,1.39700000,87.8
1749267636,88.20000000,24.53100000,87.8
1749267636,88.21000000,17.92000000,87.8
1749267636,88.22000000,7.19100000,87.8
1749267636,88.23000000,25.21300000,87.8
1749267636,88.24000000,11.95500000,87.8
1749267636,88.25000000,23.62400000,87.8
1749267636,88.26000000,11.12700000,87.8
1749267636,88.27000000,19.97400000,87.8
1749267636,88.28000000,2.11800000,87.8
1749267636,88.29000000,7.55400000,87.8
1749267636,88.30000000,81.42700000,87.8
1749267636,88.31000000,78.03000000,87.8
1749267636,88.32000000,3.15800000,87.8
1749267636,88.33000000,168.89100000,87.8
1749267636,88.34000000,7.27600000,87.8
1749267636,88.35000000,22.57300000,87.8
1749267636,88.36000000,1.54500000,87.8
1749267636,88.37000000,1.63500000,87.8
1749267636,88.38000000,6.37700000,87.8
1749267636,88.39000000,37.24000000,87.8
1749267636,88.40000000,15.20800000,87.8
1749267636,88.41000000,30.50900000,87.8
1749267636,88.42000000,1.07200000,87.8
1749267636,88.43000000,2.32800000,87.8
1749267636,88.44000000,1.50600000,87.8
1749267636,88.45000000,149.18800000,87.8
1749267636,88.46000000,157.76400000,87.8
1749267636,88.47000000,23.50900000,87.8
1749267636,88.48000000,2.27200000,87.8
1749267636,88.49000000,2.01400000,87.8
1749267636,88.50000000,41.58400000,87.8
1749267636,88.51000000,1.80500000,87.8
1749267636,88.52000000,3.59100000,87.8
1749267636,88.53000000,11.86100000,87.8
1749267636,88.54000000,11.52000000,87.8
1749267636,88.55000000,24.44800000,87.8
1749267636,88.56000000,6.71800000,87.8
1749267636,88.57000000,0.90600000,87.8
1749267636,88.58000000,0.44800000,87.8
1749267636,88.59000000,10.41400000,87.8
1749267636,88.60000000,4.48700000,87.8
1749267636,88.61000000,0.13000000,87.8
1749267636,88.62000000,8.01700000,87.8
1749267636,88.63000000,23.65200000,87.8
1749267636,88.64000000,1.18000000,87.8
1749267636,88.65000000,15.22900000,87.8
1749267636,88.66000000,0.68900000,87.8
1749267636,88.67000000,136.92900000,87.8
1749267636,88.68000000,125.65400000,87.8
1749267636,88.69000000,174.09500000,87.8
1749267636,88.70000000,56.33000000,87.8
