timestamp,price,volume,current_price
1749260815,0.00005876,3362022.64000000,5.871e-05
1749260815,0.00005877,8672366.38000000,5.871e-05
1749260815,0.00005878,22066712.27000000,5.871e-05
1749260815,0.00005879,72318775.61000000,5.871e-05
1749260815,0.00005880,45433617.67000000,5.871e-05
1749260815,0.00005881,79969267.83000000,5.871e-05
1749260815,0.00005882,67850407.03000000,5.871e-05
1749260815,0.00005883,124380463.23000000,5.871e-05
1749260815,0.00005884,64176335.26000000,5.871e-05
1749260815,0.00005885,54809034.35000000,5.871e-05
1749260815,0.00005886,55833264.10000000,5.871e-05
1749260815,0.00005887,15839506.69000000,5.871e-05
1749260815,0.00005888,49567941.56000000,5.871e-05
1749260815,0.00005889,12117839.50000000,5.871e-05
1749260815,0.00005891,12081643.56000000,5.871e-05
1749260815,0.00005892,127475.14000000,5.871e-05
1749260815,0.00005893,12520756.05000000,5.871e-05
1749260815,0.00005895,12117752.95000000,5.871e-05
1749260815,0.00005896,2053073.46000000,5.871e-05
1749260815,0.00005897,11990407.67000000,5.871e-05
1749260815,0.00005898,127237.26000000,5.871e-05
1749260815,0.00005899,13232308.02000000,5.871e-05
1749260815,0.00005900,13866787.36000000,5.871e-05
1749260815,0.00005901,127194.10000000,5.871e-05
1749260815,0.00005903,23853996.67000000,5.871e-05
1749260815,0.00005904,127107.88000000,5.871e-05
1749260815,0.00005905,11990407.67000000,5.871e-05
1749260815,0.00005906,41135.36000000,5.871e-05
1749260815,0.00005907,127086.34000000,5.871e-05
1749260815,0.00005908,11990407.67000000,5.871e-05
1749260815,0.00005909,195679.80000000,5.871e-05
1749260815,0.00005910,12963755.01000000,5.871e-05
1749260815,0.00005911,8007567.98000000,5.871e-05
1749260815,0.00005912,12145121.06000000,5.871e-05
1749260815,0.00005913,127258.85000000,5.871e-05
1749260815,0.00005915,12280094.90000000,5.871e-05
1749260815,0.00005916,3161880.80000000,5.871e-05
1749260815,0.00005919,127043.28000000,5.871e-05
1749260815,0.00005920,21402523.07000000,5.871e-05
1749260815,0.00005922,127043.28000000,5.871e-05
1749260815,0.00005924,13294008.72000000,5.871e-05
1749260815,0.00005925,27562703.44000000,5.871e-05
1749260815,0.00005928,127043.28000000,5.871e-05
1749260815,0.00005930,12833577.99000000,5.871e-05
1749260815,0.00005931,222483.46000000,5.871e-05
1749260815,0.00005932,92672.88000000,5.871e-05
1749260815,0.00005933,12084014.39000000,5.871e-05
1749260815,0.00005934,226756.32000000,5.871e-05
1749260815,0.00005935,11990407.67000000,5.871e-05
1749260815,0.00005936,137096.72000000,5.871e-05
1749260815,0.00005937,127043.28000000,5.871e-05
1749260815,0.00005940,3426801.15000000,5.871e-05
1749260815,0.00005941,153958.18000000,5.871e-05
1749260815,0.00005942,20223650.14000000,5.871e-05
1749260815,0.00005943,127043.28000000,5.871e-05
1749260815,0.00005944,546825.52000000,5.871e-05
1749260815,0.00005945,200000.00000000,5.871e-05
1749260815,0.00005946,127043.28000000,5.871e-05
1749260815,0.00005949,3693059.85000000,5.871e-05
1749260815,0.00005950,86749678.45000000,5.871e-05
1749260815,0.00005951,2897982.99000000,5.871e-05
1749260815,0.00005952,452004.99000000,5.871e-05
1749260815,0.00005954,2782477.13000000,5.871e-05
1749260815,0.00005955,100294969.40000000,5.871e-05
1749260815,0.00005958,127043.28000000,5.871e-05
1749260815,0.00005959,1743730.34000000,5.871e-05
1749260815,0.00005960,133685912.81000000,5.871e-05
1749260815,0.00005961,127064.81000000,5.871e-05
1749260815,0.00005963,88959.26000000,5.871e-05
1749260815,0.00005964,370623.82000000,5.871e-05
1749260815,0.00005965,8636229.09000000,5.871e-05
1749260815,0.00005966,3593934.04000000,5.871e-05
1749260815,0.00005967,361624.02000000,5.871e-05
1749260815,0.00005969,252949.02000000,5.871e-05
1749260815,0.00005970,100837520.93000000,5.871e-05
1749260815,0.00005972,200000.00000000,5.871e-05
1749260815,0.00005974,8369601.60000000,5.871e-05
1749260815,0.00005975,13415084.41000000,5.871e-05
1749260815,0.00005977,833915.80000000,5.871e-05
1749260815,0.00005979,18409693.17000000,5.871e-05
1749260815,0.00005980,103691270.50000000,5.871e-05
1749260815,0.00005981,738437.88000000,5.871e-05
1749260815,0.00005984,95440.18000000,5.871e-05
1749260815,0.00005985,720950.09000000,5.871e-05
1749260815,0.00005986,188672.30000000,5.871e-05
1749260815,0.00005987,2897982.99000000,5.871e-05
1749260815,0.00005988,375531.77000000,5.871e-05
1749260815,0.00005989,169381907.97000000,5.871e-05
1749260815,0.00005990,139990764.42000000,5.871e-05
1749260815,0.00005993,106880.37000000,5.871e-05
1749260815,0.00005995,1643903.24000000,5.871e-05
1749260815,0.00005998,352495.09000000,5.871e-05
1749260815,0.00005999,33542909.15000000,5.871e-05
1749260815,0.00006000,164134315.18000000,5.871e-05
1749260815,0.00006001,12856521.36000000,5.871e-05
1749260815,0.00006002,202931.64000000,5.871e-05
1749260815,0.00006003,192385.92000000,5.871e-05
1749260815,0.00006004,116588.94000000,5.871e-05
1749260815,0.00006005,1665278.93000000,5.871e-05
1749260815,0.00006006,91396.99000000,5.871e-05
1749261130,0.00005873,855203.10000000,5.875e-05
1749261130,0.00005874,4912492.77000000,5.875e-05
1749261130,0.00005875,12674519.68000000,5.875e-05
1749261130,0.00005876,10792130.25000000,5.875e-05
1749261130,0.00005877,1238425.27000000,5.875e-05
1749261130,0.00005878,3877057.21000000,5.875e-05
1749261130,0.00005879,14079128.18000000,5.875e-05
1749261130,0.00005880,77371970.46000000,5.875e-05
1749261130,0.00005881,78784385.07000000,5.875e-05
1749261130,0.00005882,80403241.03000000,5.875e-05
1749261130,0.00005883,100944518.96000000,5.875e-05
1749261130,0.00005884,68951016.66000000,5.875e-05
1749261130,0.00005885,84065422.79000000,5.875e-05
1749261130,0.00005886,110452254.85000000,5.875e-05
1749261130,0.00005887,60167227.14000000,5.875e-05
1749261130,0.00005888,100179050.57000000,5.875e-05
1749261130,0.00005889,12245444.78000000,5.875e-05
1749261130,0.00005890,127605.28000000,5.875e-05
1749261130,0.00005891,12209194.58000000,5.875e-05
1749261130,0.00005892,255015.32000000,5.875e-05
1749261130,0.00005893,12079366.93000000,5.875e-05
1749261130,0.00005895,12117752.95000000,5.875e-05
1749261130,0.00005896,1999139.72000000,5.875e-05
1749261130,0.00005897,11990407.67000000,5.875e-05
1749261130,0.00005898,127237.26000000,5.875e-05
1749261130,0.00005899,13232308.02000000,5.875e-05
1749261130,0.00005900,14308176.48000000,5.875e-05
1749261130,0.00005901,127194.10000000,5.875e-05
1749261130,0.00005903,11990407.67000000,5.875e-05
1749261130,0.00005904,127107.88000000,5.875e-05
1749261130,0.00005905,11990407.67000000,5.875e-05
1749261130,0.00005906,41135.36000000,5.875e-05
1749261130,0.00005907,127086.34000000,5.875e-05
1749261130,0.00005908,11990407.67000000,5.875e-05
1749261130,0.00005909,195679.80000000,5.875e-05
1749261130,0.00005910,12963755.01000000,5.875e-05
1749261130,0.00005911,8150996.79000000,5.875e-05
1749261130,0.00005912,12145121.06000000,5.875e-05
1749261130,0.00005913,127258.85000000,5.875e-05
1749261130,0.00005915,12280094.90000000,5.875e-05
1749261130,0.00005916,3161880.80000000,5.875e-05
1749261130,0.00005917,11863589.00000000,5.875e-05
1749261130,0.00005919,127043.28000000,5.875e-05
1749261130,0.00005920,21402523.07000000,5.875e-05
1749261130,0.00005922,127043.28000000,5.875e-05
1749261130,0.00005924,13294008.72000000,5.875e-05
1749261130,0.00005925,27562703.44000000,5.875e-05
1749261130,0.00005928,127043.28000000,5.875e-05
1749261130,0.00005930,12833577.99000000,5.875e-05
1749261130,0.00005931,222483.46000000,5.875e-05
1749261130,0.00005932,92672.88000000,5.875e-05
1749261130,0.00005933,12084014.39000000,5.875e-05
1749261130,0.00005934,226756.32000000,5.875e-05
1749261130,0.00005935,11990407.67000000,5.875e-05
1749261130,0.00005936,137096.72000000,5.875e-05
1749261130,0.00005937,127043.28000000,5.875e-05
1749261130,0.00005940,3426801.15000000,5.875e-05
1749261130,0.00005941,153958.18000000,5.875e-05
1749261130,0.00005942,20223650.14000000,5.875e-05
1749261130,0.00005943,127043.28000000,5.875e-05
1749261130,0.00005944,546825.52000000,5.875e-05
1749261130,0.00005945,200000.00000000,5.875e-05
1749261130,0.00005946,127043.28000000,5.875e-05
1749261130,0.00005949,3693059.85000000,5.875e-05
1749261130,0.00005950,86749678.45000000,5.875e-05
1749261130,0.00005951,2897982.99000000,5.875e-05
1749261130,0.00005952,452004.99000000,5.875e-05
1749261130,0.00005954,2799504.20000000,5.875e-05
1749261130,0.00005955,100294969.40000000,5.875e-05
1749261130,0.00005958,127043.28000000,5.875e-05
1749261130,0.00005959,1743730.34000000,5.875e-05
1749261130,0.00005960,133685912.81000000,5.875e-05
1749261130,0.00005961,127064.81000000,5.875e-05
1749261130,0.00005963,88959.26000000,5.875e-05
1749261130,0.00005964,370623.82000000,5.875e-05
1749261130,0.00005965,8636229.09000000,5.875e-05
1749261130,0.00005967,361624.02000000,5.875e-05
1749261130,0.00005969,252949.02000000,5.875e-05
1749261130,0.00005970,100837520.93000000,5.875e-05
1749261130,0.00005972,200000.00000000,5.875e-05
1749261130,0.00005974,8369601.60000000,5.875e-05
1749261130,0.00005975,13415084.41000000,5.875e-05
1749261130,0.00005977,833915.80000000,5.875e-05
1749261130,0.00005979,93606.72000000,5.875e-05
1749261130,0.00005980,103691270.50000000,5.875e-05
1749261130,0.00005981,738437.88000000,5.875e-05
1749261130,0.00005982,3593934.04000000,5.875e-05
1749261130,0.00005984,95440.18000000,5.875e-05
1749261130,0.00005985,720950.09000000,5.875e-05
1749261130,0.00005986,188672.30000000,5.875e-05
1749261130,0.00005987,2897982.99000000,5.875e-05
1749261130,0.00005988,375531.77000000,5.875e-05
1749261130,0.00005989,169381907.97000000,5.875e-05
1749261130,0.00005990,139990764.42000000,5.875e-05
1749261130,0.00005993,106880.37000000,5.875e-05
1749261130,0.00005994,18316086.45000000,5.875e-05
1749261130,0.00005995,1643903.24000000,5.875e-05
1749261130,0.00005998,352495.09000000,5.875e-05
1749261130,0.00005999,33542909.15000000,5.875e-05
1749261130,0.00006000,164134315.18000000,5.875e-05
1749261447,0.00005875,255203.10000000,5.875e-05
1749261447,0.00005876,1114109.10000000,5.875e-05
1749261447,0.00005877,8990887.68000000,5.875e-05
1749261447,0.00005878,6897094.41000000,5.875e-05
1749261447,0.00005879,7105818.17000000,5.875e-05
1749261447,0.00005880,3749451.13000000,5.875e-05
1749261447,0.00005881,5968776.86000000,5.875e-05
1749261447,0.00005882,14551203.93000000,5.875e-05
1749261447,0.00005883,5622863.70000000,5.875e-05
1749261447,0.00005884,14661227.31000000,5.875e-05
1749261447,0.00005885,5059747.37000000,5.875e-05
1749261447,0.00005886,13215235.91000000,5.875e-05
1749261447,0.00005887,127637.85000000,5.875e-05
1749261447,0.00005888,5220282.27000000,5.875e-05
1749261447,0.00005889,12245444.78000000,5.875e-05
1749261447,0.00005890,127605.28000000,5.875e-05
1749261447,0.00005891,56946691.93000000,5.875e-05
1749261447,0.00005892,127475.14000000,5.875e-05
1749261447,0.00005893,12079366.93000000,5.875e-05
1749261447,0.00005895,12117752.95000000,5.875e-05
1749261447,0.00005896,1999139.72000000,5.875e-05
1749261447,0.00005897,11990407.67000000,5.875e-05
1749261447,0.00005898,127237.26000000,5.875e-05
1749261447,0.00005899,13232308.02000000,5.875e-05
1749261447,0.00005900,14308176.48000000,5.875e-05
1749261447,0.00005901,127194.10000000,5.875e-05
1749261447,0.00005903,11990407.67000000,5.875e-05
1749261447,0.00005904,127107.88000000,5.875e-05
1749261447,0.00005905,11990407.67000000,5.875e-05
1749261447,0.00005906,41135.36000000,5.875e-05
1749261447,0.00005907,127086.34000000,5.875e-05
1749261447,0.00005908,11990407.67000000,5.875e-05
1749261447,0.00005909,195679.80000000,5.875e-05
1749261447,0.00005910,12963755.01000000,5.875e-05
1749261447,0.00005911,8089995.65000000,5.875e-05
1749261447,0.00005912,12145121.06000000,5.875e-05
1749261447,0.00005913,127258.85000000,5.875e-05
1749261447,0.00005915,12280094.90000000,5.875e-05
1749261447,0.00005916,3161880.80000000,5.875e-05
1749261447,0.00005917,11863589.00000000,5.875e-05
1749261447,0.00005919,127043.28000000,5.875e-05
1749261447,0.00005920,21402523.07000000,5.875e-05
1749261447,0.00005922,127043.28000000,5.875e-05
1749261447,0.00005924,13294008.72000000,5.875e-05
1749261447,0.00005925,27562703.44000000,5.875e-05
1749261447,0.00005928,127043.28000000,5.875e-05
1749261447,0.00005930,12833577.99000000,5.875e-05
1749261447,0.00005931,222483.46000000,5.875e-05
1749261447,0.00005932,92672.88000000,5.875e-05
1749261447,0.00005933,12084014.39000000,5.875e-05
1749261447,0.00005934,226756.32000000,5.875e-05
1749261447,0.00005935,11990407.67000000,5.875e-05
1749261447,0.00005936,137096.72000000,5.875e-05
1749261447,0.00005937,127043.28000000,5.875e-05
1749261447,0.00005940,3426801.15000000,5.875e-05
1749261447,0.00005941,153958.18000000,5.875e-05
1749261447,0.00005942,20223650.14000000,5.875e-05
1749261447,0.00005943,127043.28000000,5.875e-05
1749261447,0.00005944,546825.52000000,5.875e-05
1749261447,0.00005945,200000.00000000,5.875e-05
1749261447,0.00005946,127043.28000000,5.875e-05
1749261447,0.00005947,1208510.64000000,5.875e-05
1749261447,0.00005948,259544890.00000000,5.875e-05
1749261447,0.00005949,3693059.85000000,5.875e-05
1749261447,0.00005950,86749678.45000000,5.875e-05
1749261447,0.00005951,2897982.99000000,5.875e-05
1749261447,0.00005952,452004.99000000,5.875e-05
1749261447,0.00005954,1573554.94000000,5.875e-05
1749261447,0.00005955,100294969.40000000,5.875e-05
1749261447,0.00005958,127043.28000000,5.875e-05
1749261447,0.00005959,1743730.34000000,5.875e-05
1749261447,0.00005960,133685912.81000000,5.875e-05
1749261447,0.00005961,127064.81000000,5.875e-05
1749261447,0.00005963,88959.26000000,5.875e-05
1749261447,0.00005964,370623.82000000,5.875e-05
1749261447,0.00005965,8636229.09000000,5.875e-05
1749261447,0.00005967,361624.02000000,5.875e-05
1749261447,0.00005969,252949.02000000,5.875e-05
1749261447,0.00005970,100837520.93000000,5.875e-05
1749261447,0.00005972,200000.00000000,5.875e-05
1749261447,0.00005974,8369601.60000000,5.875e-05
1749261447,0.00005975,13415084.41000000,5.875e-05
1749261447,0.00005977,833915.80000000,5.875e-05
1749261447,0.00005979,93606.72000000,5.875e-05
1749261447,0.00005980,103691270.50000000,5.875e-05
1749261447,0.00005981,738437.88000000,5.875e-05
1749261447,0.00005982,3593934.04000000,5.875e-05
1749261447,0.00005984,95440.18000000,5.875e-05
1749261447,0.00005985,720950.09000000,5.875e-05
1749261447,0.00005986,188672.30000000,5.875e-05
1749261447,0.00005987,2897982.99000000,5.875e-05
1749261447,0.00005988,375531.77000000,5.875e-05
1749261447,0.00005989,169381907.97000000,5.875e-05
1749261447,0.00005990,139990764.42000000,5.875e-05
1749261447,0.00005993,106880.37000000,5.875e-05
1749261447,0.00005994,18316086.45000000,5.875e-05
1749261447,0.00005995,1643903.24000000,5.875e-05
1749261447,0.00005998,352495.09000000,5.875e-05
1749261447,0.00005999,33542909.15000000,5.875e-05
1749261447,0.00006000,164134315.18000000,5.875e-05
1749261763,0.00005864,88540.81000000,5.864e-05
1749261763,0.00005865,994059.22000000,5.864e-05
1749261763,0.00005866,5429363.53000000,5.864e-05
1749261763,0.00005867,6918292.90000000,5.864e-05
1749261763,0.00005868,8671220.41000000,5.864e-05
1749261763,0.00005869,3385440.50000000,5.864e-05
1749261763,0.00005870,1122045.21000000,5.864e-05
1749261763,0.00005871,7861696.83000000,5.864e-05
1749261763,0.00005872,14521073.77000000,5.864e-05
1749261763,0.00005873,7344060.87000000,5.864e-05
1749261763,0.00005874,26866329.27000000,5.864e-05
1749261763,0.00005875,44546270.10000000,5.864e-05
1749261763,0.00005876,6501802.54000000,5.864e-05
1749261763,0.00005877,13228832.94000000,5.864e-05
1749261763,0.00005878,6400430.25000000,5.864e-05
1749261763,0.00005879,13096225.84000000,5.864e-05
1749261763,0.00005880,1618210.57000000,5.864e-05
1749261763,0.00005881,48430866.17000000,5.864e-05
1749261763,0.00005882,13580660.89000000,5.864e-05
1749261763,0.00005883,255123.75000000,5.864e-05
1749261763,0.00005884,12273571.22000000,5.864e-05
1749261763,0.00005885,127692.18000000,5.864e-05
1749261763,0.00005886,12117947.85000000,5.864e-05
1749261763,0.00005889,12117839.50000000,5.864e-05
1749261763,0.00005891,14128361.53000000,5.864e-05
1749261763,0.00005892,127475.14000000,5.864e-05
1749261763,0.00005893,12079366.93000000,5.864e-05
1749261763,0.00005895,12117752.95000000,5.864e-05
1749261763,0.00005897,11990407.67000000,5.864e-05
1749261763,0.00005898,127237.26000000,5.864e-05
1749261763,0.00005899,13232308.02000000,5.864e-05
1749261763,0.00005900,14308176.48000000,5.864e-05
1749261763,0.00005901,11990783.10000000,5.864e-05
1749261763,0.00005903,11990407.67000000,5.864e-05
1749261763,0.00005904,127107.88000000,5.864e-05
1749261763,0.00005905,20048296.58000000,5.864e-05
1749261763,0.00005906,41135.36000000,5.864e-05
1749261763,0.00005907,127086.34000000,5.864e-05
1749261763,0.00005908,11990407.67000000,5.864e-05
1749261763,0.00005909,195679.80000000,5.864e-05
1749261763,0.00005910,12963755.01000000,5.864e-05
1749261763,0.00005912,12145121.06000000,5.864e-05
1749261763,0.00005913,127258.85000000,5.864e-05
1749261763,0.00005915,12280094.90000000,5.864e-05
1749261763,0.00005916,3161880.80000000,5.864e-05
1749261763,0.00005919,127043.28000000,5.864e-05
1749261763,0.00005920,21402523.07000000,5.864e-05
1749261763,0.00005922,127043.28000000,5.864e-05
1749261763,0.00005924,13294008.72000000,5.864e-05
1749261763,0.00005925,27562703.44000000,5.864e-05
1749261763,0.00005928,127043.28000000,5.864e-05
1749261763,0.00005930,12833577.99000000,5.864e-05
1749261763,0.00005931,222483.46000000,5.864e-05
1749261763,0.00005932,92672.88000000,5.864e-05
1749261763,0.00005933,12084014.39000000,5.864e-05
1749261763,0.00005934,226756.32000000,5.864e-05
1749261763,0.00005935,11990407.67000000,5.864e-05
1749261763,0.00005936,137096.72000000,5.864e-05
1749261763,0.00005937,127043.28000000,5.864e-05
1749261763,0.00005940,3426801.15000000,5.864e-05
1749261763,0.00005941,153958.18000000,5.864e-05
1749261763,0.00005942,20223650.14000000,5.864e-05
1749261763,0.00005943,127043.28000000,5.864e-05
1749261763,0.00005944,546825.52000000,5.864e-05
1749261763,0.00005945,200000.00000000,5.864e-05
1749261763,0.00005946,127043.28000000,5.864e-05
1749261763,0.00005947,1838512.34000000,5.864e-05
1749261763,0.00005948,259544890.00000000,5.864e-05
1749261763,0.00005949,3693059.85000000,5.864e-05
1749261763,0.00005950,86749678.45000000,5.864e-05
1749261763,0.00005951,2897982.99000000,5.864e-05
1749261763,0.00005952,452004.99000000,5.864e-05
1749261763,0.00005954,943553.24000000,5.864e-05
1749261763,0.00005955,100294969.40000000,5.864e-05
1749261763,0.00005958,127043.28000000,5.864e-05
1749261763,0.00005959,171034402.42000000,5.864e-05
1749261763,0.00005960,133685912.81000000,5.864e-05
1749261763,0.00005961,127064.81000000,5.864e-05
1749261763,0.00005963,88959.26000000,5.864e-05
1749261763,0.00005964,370623.82000000,5.864e-05
1749261763,0.00005965,8636229.09000000,5.864e-05
1749261763,0.00005967,3955558.06000000,5.864e-05
1749261763,0.00005969,252949.02000000,5.864e-05
1749261763,0.00005970,100837520.93000000,5.864e-05
1749261763,0.00005972,200000.00000000,5.864e-05
1749261763,0.00005974,8369601.60000000,5.864e-05
1749261763,0.00005975,13415084.41000000,5.864e-05
1749261763,0.00005977,833915.80000000,5.864e-05
1749261763,0.00005979,93606.72000000,5.864e-05
1749261763,0.00005980,103691270.50000000,5.864e-05
1749261763,0.00005981,738437.88000000,5.864e-05
1749261763,0.00005984,95440.18000000,5.864e-05
1749261763,0.00005985,720950.09000000,5.864e-05
1749261763,0.00005986,188672.30000000,5.864e-05
1749261763,0.00005987,2897982.99000000,5.864e-05
1749261763,0.00005988,375531.77000000,5.864e-05
1749261763,0.00005989,91235.89000000,5.864e-05
1749261763,0.00005990,139990764.42000000,5.864e-05
1749261763,0.00005993,106880.37000000,5.864e-05
1749261763,0.00005994,18316086.45000000,5.864e-05
1749262066,0.00005868,819914.73000000,5.867e-05
1749262066,0.00005869,6243842.47000000,5.867e-05
1749262066,0.00005870,8883400.03000000,5.867e-05
1749262066,0.00005871,10272036.99000000,5.867e-05
1749262066,0.00005872,21904144.82000000,5.867e-05
1749262066,0.00005873,86531278.86000000,5.867e-05
1749262066,0.00005874,87999286.74000000,5.867e-05
1749262066,0.00005875,64690890.07000000,5.867e-05
1749262066,0.00005876,91271476.68000000,5.867e-05
1749262066,0.00005877,82357229.36000000,5.867e-05
1749262066,0.00005878,41082676.78000000,5.867e-05
1749262066,0.00005879,54494997.50000000,5.867e-05
1749262066,0.00005880,34112846.63000000,5.867e-05
1749262066,0.00005881,108746457.51000000,5.867e-05
1749262066,0.00005882,56692329.37000000,5.867e-05
1749262066,0.00005883,255123.75000000,5.867e-05
1749262066,0.00005884,12145857.29000000,5.867e-05
1749262066,0.00005886,12117947.85000000,5.867e-05
1749262066,0.00005889,12117839.50000000,5.867e-05
1749262066,0.00005891,14128361.53000000,5.867e-05
1749262066,0.00005892,127475.14000000,5.867e-05
1749262066,0.00005893,12079366.93000000,5.867e-05
1749262066,0.00005894,441389.12000000,5.867e-05
1749262066,0.00005895,12117752.95000000,5.867e-05
1749262066,0.00005897,11990407.67000000,5.867e-05
1749262066,0.00005898,127237.26000000,5.867e-05
1749262066,0.00005899,21269081.02000000,5.867e-05
1749262066,0.00005900,13866787.36000000,5.867e-05
1749262066,0.00005901,11990783.10000000,5.867e-05
1749262066,0.00005903,11990407.67000000,5.867e-05
1749262066,0.00005904,127107.88000000,5.867e-05
1749262066,0.00005905,11990407.67000000,5.867e-05
1749262066,0.00005906,41135.36000000,5.867e-05
1749262066,0.00005907,127086.34000000,5.867e-05
1749262066,0.00005908,11990407.67000000,5.867e-05
1749262066,0.00005909,195679.80000000,5.867e-05
1749262066,0.00005910,28409007.50000000,5.867e-05
1749262066,0.00005911,6039556.36000000,5.867e-05
1749262066,0.00005912,12145121.06000000,5.867e-05
1749262066,0.00005913,127258.85000000,5.867e-05
1749262066,0.00005915,12280094.90000000,5.867e-05
1749262066,0.00005916,3161880.80000000,5.867e-05
1749262066,0.00005919,127043.28000000,5.867e-05
1749262066,0.00005920,21402523.07000000,5.867e-05
1749262066,0.00005922,127043.28000000,5.867e-05
1749262066,0.00005924,13294008.72000000,5.867e-05
1749262066,0.00005925,12117450.95000000,5.867e-05
1749262066,0.00005928,127043.28000000,5.867e-05
1749262066,0.00005930,12833577.99000000,5.867e-05
1749262066,0.00005931,222483.46000000,5.867e-05
1749262066,0.00005932,92672.88000000,5.867e-05
1749262066,0.00005933,12084014.39000000,5.867e-05
1749262066,0.00005934,226756.32000000,5.867e-05
1749262066,0.00005935,11990407.67000000,5.867e-05
1749262066,0.00005936,137096.72000000,5.867e-05
1749262066,0.00005937,127043.28000000,5.867e-05
1749262066,0.00005940,3426801.15000000,5.867e-05
1749262066,0.00005941,153958.18000000,5.867e-05
1749262066,0.00005942,20223650.14000000,5.867e-05
1749262066,0.00005943,127043.28000000,5.867e-05
1749262066,0.00005944,546825.52000000,5.867e-05
1749262066,0.00005945,200000.00000000,5.867e-05
1749262066,0.00005946,127043.28000000,5.867e-05
1749262066,0.00005947,1840490.79000000,5.867e-05
1749262066,0.00005948,259544890.00000000,5.867e-05
1749262066,0.00005949,3693059.85000000,5.867e-05
1749262066,0.00005950,86749678.45000000,5.867e-05
1749262066,0.00005951,2897982.99000000,5.867e-05
1749262066,0.00005952,452004.99000000,5.867e-05
1749262066,0.00005954,943553.24000000,5.867e-05
1749262066,0.00005955,100294969.40000000,5.867e-05
1749262066,0.00005958,127043.28000000,5.867e-05
1749262066,0.00005959,1743730.34000000,5.867e-05
1749262066,0.00005960,302976584.89000000,5.867e-05
1749262066,0.00005961,127064.81000000,5.867e-05
1749262066,0.00005963,88959.26000000,5.867e-05
1749262066,0.00005964,370623.82000000,5.867e-05
1749262066,0.00005965,8636229.09000000,5.867e-05
1749262066,0.00005967,3955558.06000000,5.867e-05
1749262066,0.00005969,252949.02000000,5.867e-05
1749262066,0.00005970,100837520.93000000,5.867e-05
1749262066,0.00005972,200000.00000000,5.867e-05
1749262066,0.00005974,8369601.60000000,5.867e-05
1749262066,0.00005975,13415084.41000000,5.867e-05
1749262066,0.00005977,833915.80000000,5.867e-05
1749262066,0.00005979,93606.72000000,5.867e-05
1749262066,0.00005980,103691270.50000000,5.867e-05
1749262066,0.00005981,738437.88000000,5.867e-05
1749262066,0.00005984,95440.18000000,5.867e-05
1749262066,0.00005985,720950.09000000,5.867e-05
1749262066,0.00005986,188672.30000000,5.867e-05
1749262066,0.00005987,2897982.99000000,5.867e-05
1749262066,0.00005988,375531.77000000,5.867e-05
1749262066,0.00005989,91235.89000000,5.867e-05
1749262066,0.00005990,139990764.42000000,5.867e-05
1749262066,0.00005993,106880.37000000,5.867e-05
1749262066,0.00005994,18316086.45000000,5.867e-05
1749262066,0.00005995,1643903.24000000,5.867e-05
1749262066,0.00005998,352495.09000000,5.867e-05
1749262066,0.00005999,33542909.15000000,5.867e-05
1749262372,0.00005878,3243940.65000000,5.876e-05
1749262372,0.00005879,6501854.60000000,5.876e-05
1749262372,0.00005880,22636517.64000000,5.876e-05
1749262372,0.00005881,55436300.57000000,5.876e-05
1749262372,0.00005882,51377540.91000000,5.876e-05
1749262372,0.00005883,26759863.72000000,5.876e-05
1749262372,0.00005884,35950092.35000000,5.876e-05
1749262372,0.00005885,26529187.08000000,5.876e-05
1749262372,0.00005886,35701768.03000000,5.876e-05
1749262372,0.00005887,18896184.20000000,5.876e-05
1749262372,0.00005888,6163303.32000000,5.876e-05
1749262372,0.00005889,12117839.50000000,5.876e-05
1749262372,0.00005891,12081643.56000000,5.876e-05
1749262372,0.00005892,1361173.95000000,5.876e-05
1749262372,0.00005893,12079366.93000000,5.876e-05
1749262372,0.00005894,49406438.32000000,5.876e-05
1749262372,0.00005895,12117752.95000000,5.876e-05
1749262372,0.00005897,11990407.67000000,5.876e-05
1749262372,0.00005898,127237.26000000,5.876e-05
1749262372,0.00005899,13232308.02000000,5.876e-05
1749262372,0.00005900,13866787.36000000,5.876e-05
1749262372,0.00005901,13998054.10000000,5.876e-05
1749262372,0.00005903,11990407.67000000,5.876e-05
1749262372,0.00005904,127107.88000000,5.876e-05
1749262372,0.00005905,11990407.67000000,5.876e-05
1749262372,0.00005906,41135.36000000,5.876e-05
1749262372,0.00005907,127086.34000000,5.876e-05
1749262372,0.00005908,11990407.67000000,5.876e-05
1749262372,0.00005909,195679.80000000,5.876e-05
1749262372,0.00005910,12963755.01000000,5.876e-05
1749262372,0.00005911,8222073.03000000,5.876e-05
1749262372,0.00005912,12145121.06000000,5.876e-05
1749262372,0.00005913,127258.85000000,5.876e-05
1749262372,0.00005915,12280094.90000000,5.876e-05
1749262372,0.00005916,3161880.80000000,5.876e-05
1749262372,0.00005919,127043.28000000,5.876e-05
1749262372,0.00005920,21402523.07000000,5.876e-05
1749262372,0.00005922,127043.28000000,5.876e-05
1749262372,0.00005924,13294008.72000000,5.876e-05
1749262372,0.00005925,27562703.44000000,5.876e-05
1749262372,0.00005928,127043.28000000,5.876e-05
1749262372,0.00005930,12833577.99000000,5.876e-05
1749262372,0.00005931,222483.46000000,5.876e-05
1749262372,0.00005932,92672.88000000,5.876e-05
1749262372,0.00005933,12084014.39000000,5.876e-05
1749262372,0.00005934,226756.32000000,5.876e-05
1749262372,0.00005935,11990407.67000000,5.876e-05
1749262372,0.00005936,137096.72000000,5.876e-05
1749262372,0.00005937,127043.28000000,5.876e-05
1749262372,0.00005940,3426801.15000000,5.876e-05
1749262372,0.00005941,153958.18000000,5.876e-05
1749262372,0.00005942,20223650.14000000,5.876e-05
1749262372,0.00005943,127043.28000000,5.876e-05
1749262372,0.00005944,546825.52000000,5.876e-05
1749262372,0.00005945,200000.00000000,5.876e-05
1749262372,0.00005946,127043.28000000,5.876e-05
1749262372,0.00005947,1209952.28000000,5.876e-05
1749262372,0.00005948,259544890.00000000,5.876e-05
1749262372,0.00005949,3693059.85000000,5.876e-05
1749262372,0.00005950,86749678.45000000,5.876e-05
1749262372,0.00005951,2897982.99000000,5.876e-05
1749262372,0.00005952,452004.99000000,5.876e-05
1749262372,0.00005954,943553.24000000,5.876e-05
1749262372,0.00005955,100294969.40000000,5.876e-05
1749262372,0.00005958,127043.28000000,5.876e-05
1749262372,0.00005959,1743730.34000000,5.876e-05
1749262372,0.00005960,133685912.81000000,5.876e-05
1749262372,0.00005961,127064.81000000,5.876e-05
1749262372,0.00005963,88959.26000000,5.876e-05
1749262372,0.00005964,370623.82000000,5.876e-05
1749262372,0.00005965,8636229.09000000,5.876e-05
1749262372,0.00005967,3955558.06000000,5.876e-05
1749262372,0.00005969,252949.02000000,5.876e-05
1749262372,0.00005970,100837520.93000000,5.876e-05
1749262372,0.00005972,200000.00000000,5.876e-05
1749262372,0.00005974,8369601.60000000,5.876e-05
1749262372,0.00005975,13415084.41000000,5.876e-05
1749262372,0.00005977,833915.80000000,5.876e-05
1749262372,0.00005979,93606.72000000,5.876e-05
1749262372,0.00005980,103691270.50000000,5.876e-05
1749262372,0.00005981,738437.88000000,5.876e-05
1749262372,0.00005984,95440.18000000,5.876e-05
1749262372,0.00005985,720950.09000000,5.876e-05
1749262372,0.00005986,188672.30000000,5.876e-05
1749262372,0.00005987,2897982.99000000,5.876e-05
1749262372,0.00005988,1005319.00000000,5.876e-05
1749262372,0.00005989,169381907.97000000,5.876e-05
1749262372,0.00005990,139990764.42000000,5.876e-05
1749262372,0.00005993,106880.37000000,5.876e-05
1749262372,0.00005994,18316086.45000000,5.876e-05
1749262372,0.00005995,1643903.24000000,5.876e-05
1749262372,0.00005998,352495.09000000,5.876e-05
1749262372,0.00005999,33542909.15000000,5.876e-05
1749262372,0.00006000,164134315.18000000,5.876e-05
1749262372,0.00006001,12856521.36000000,5.876e-05
1749262372,0.00006002,202931.64000000,5.876e-05
1749262372,0.00006003,192385.92000000,5.876e-05
1749262372,0.00006004,116588.94000000,5.876e-05
1749262372,0.00006005,1665278.93000000,5.876e-05
1749262372,0.00006006,91396.99000000,5.876e-05
1749262674,0.00005884,1015301.80000000,5.882e-05
1749262674,0.00005885,7267501.26000000,5.882e-05
1749262674,0.00005886,16270184.44000000,5.882e-05
1749262674,0.00005887,9768945.95000000,5.882e-05
1749262674,0.00005888,32663254.33000000,5.882e-05
1749262674,0.00005889,43755103.78000000,5.882e-05
1749262674,0.00005890,28039394.44000000,5.882e-05
1749262674,0.00005891,43163840.07000000,5.882e-05
1749262674,0.00005892,41981055.05000000,5.882e-05
1749262674,0.00005893,17927861.23000000,5.882e-05
1749262674,0.00005894,38243549.10000000,5.882e-05
1749262674,0.00005895,67495684.33000000,5.882e-05
1749262674,0.00005896,6148775.39000000,5.882e-05
1749262674,0.00005897,12117817.85000000,5.882e-05
1749262674,0.00005898,4762049.74000000,5.882e-05
1749262674,0.00005899,62121618.23000000,5.882e-05
1749262674,0.00005900,19398176.48000000,5.882e-05
1749262674,0.00005901,127194.10000000,5.882e-05
1749262674,0.00005903,11990407.67000000,5.882e-05
1749262674,0.00005904,127107.88000000,5.882e-05
1749262674,0.00005905,11990407.67000000,5.882e-05
1749262674,0.00005906,41135.36000000,5.882e-05
1749262674,0.00005907,127086.34000000,5.882e-05
1749262674,0.00005908,11990407.67000000,5.882e-05
1749262674,0.00005909,195679.80000000,5.882e-05
1749262674,0.00005910,12963755.01000000,5.882e-05
1749262674,0.00005911,2032361.80000000,5.882e-05
1749262674,0.00005912,12145121.06000000,5.882e-05
1749262674,0.00005913,127258.85000000,5.882e-05
1749262674,0.00005915,12280094.90000000,5.882e-05
1749262674,0.00005916,3161880.80000000,5.882e-05
1749262674,0.00005917,11863589.00000000,5.882e-05
1749262674,0.00005919,127043.28000000,5.882e-05
1749262674,0.00005920,21402523.07000000,5.882e-05
1749262674,0.00005922,127043.28000000,5.882e-05
1749262674,0.00005923,8017104.92000000,5.882e-05
1749262674,0.00005924,13294008.72000000,5.882e-05
1749262674,0.00005925,27562703.44000000,5.882e-05
1749262674,0.00005928,127043.28000000,5.882e-05
1749262674,0.00005930,12833577.99000000,5.882e-05
1749262674,0.00005931,222483.46000000,5.882e-05
1749262674,0.00005932,92672.88000000,5.882e-05
1749262674,0.00005933,12084014.39000000,5.882e-05
1749262674,0.00005934,226756.32000000,5.882e-05
1749262674,0.00005935,11990407.67000000,5.882e-05
1749262674,0.00005937,127043.28000000,5.882e-05
1749262674,0.00005940,3426801.15000000,5.882e-05
1749262674,0.00005941,153958.18000000,5.882e-05
1749262674,0.00005942,205999.44000000,5.882e-05
1749262674,0.00005943,127043.28000000,5.882e-05
1749262674,0.00005944,546825.52000000,5.882e-05
1749262674,0.00005945,200000.00000000,5.882e-05
1749262674,0.00005946,127043.28000000,5.882e-05
1749262674,0.00005947,1206677.45000000,5.882e-05
1749262674,0.00005948,259544890.00000000,5.882e-05
1749262674,0.00005949,3693059.85000000,5.882e-05
1749262674,0.00005950,86749678.45000000,5.882e-05
1749262674,0.00005951,2897982.99000000,5.882e-05
1749262674,0.00005952,452004.99000000,5.882e-05
1749262674,0.00005954,21506809.95000000,5.882e-05
1749262674,0.00005955,100294969.40000000,5.882e-05
1749262674,0.00005958,127043.28000000,5.882e-05
1749262674,0.00005959,762740.21000000,5.882e-05
1749262674,0.00005960,133823009.53000000,5.882e-05
1749262674,0.00005961,127064.81000000,5.882e-05
1749262674,0.00005963,88959.26000000,5.882e-05
1749262674,0.00005964,370623.82000000,5.882e-05
1749262674,0.00005965,8636229.09000000,5.882e-05
1749262674,0.00005967,361624.02000000,5.882e-05
1749262674,0.00005969,252949.02000000,5.882e-05
1749262674,0.00005970,100837520.93000000,5.882e-05
1749262674,0.00005972,200000.00000000,5.882e-05
1749262674,0.00005974,9995862.57000000,5.882e-05
1749262674,0.00005975,13415084.41000000,5.882e-05
1749262674,0.00005977,833915.80000000,5.882e-05
1749262674,0.00005979,93606.72000000,5.882e-05
1749262674,0.00005980,103691270.50000000,5.882e-05
1749262674,0.00005982,3593934.04000000,5.882e-05
1749262674,0.00005984,95440.18000000,5.882e-05
1749262674,0.00005986,188672.30000000,5.882e-05
1749262674,0.00005987,2897982.99000000,5.882e-05
1749262674,0.00005988,375531.77000000,5.882e-05
1749262674,0.00005989,91235.89000000,5.882e-05
1749262674,0.00005990,102290614.72000000,5.882e-05
1749262674,0.00005993,106880.37000000,5.882e-05
1749262674,0.00005994,18316086.45000000,5.882e-05
1749262674,0.00005995,1643903.24000000,5.882e-05
1749262674,0.00005996,738437.88000000,5.882e-05
1749262674,0.00005998,352495.09000000,5.882e-05
1749262674,0.00005999,202833581.23000000,5.882e-05
1749262674,0.00006000,164855265.27000000,5.882e-05
1749262674,0.00006001,12856521.36000000,5.882e-05
1749262674,0.00006002,202931.64000000,5.882e-05
1749262674,0.00006003,192385.92000000,5.882e-05
1749262674,0.00006004,116588.94000000,5.882e-05
1749262674,0.00006005,1665278.93000000,5.882e-05
1749262674,0.00006006,91396.99000000,5.882e-05
1749262674,0.00006007,225248.67000000,5.882e-05
1749262674,0.00006010,101952693.46000000,5.882e-05
1749262674,0.00006011,1065031.98000000,5.882e-05
1749262976,0.00005880,35104404.89000000,5.88e-05
1749262976,0.00005881,8248947.65000000,5.88e-05
1749262976,0.00005882,5439841.76000000,5.88e-05
1749262976,0.00005883,2631448.91000000,5.88e-05
1749262976,0.00005884,11758833.96000000,5.88e-05
1749262976,0.00005885,14495054.67000000,5.88e-05
1749262976,0.00005886,5887371.43000000,5.88e-05
1749262976,0.00005887,13131559.00000000,5.88e-05
1749262976,0.00005888,7296957.55000000,5.88e-05
1749262976,0.00005889,13248208.06000000,5.88e-05
1749262976,0.00005890,5232896.31000000,5.88e-05
1749262976,0.00005891,12209216.28000000,5.88e-05
1749262976,0.00005892,5155723.57000000,5.88e-05
1749262976,0.00005893,12206874.59000000,5.88e-05
1749262976,0.00005894,50110519.57000000,5.88e-05
1749262976,0.00005895,12245206.44000000,5.88e-05
1749262976,0.00005896,1544676.21000000,5.88e-05
1749262976,0.00005897,12117817.85000000,5.88e-05
1749262976,0.00005898,127237.26000000,5.88e-05
1749262976,0.00005899,13232308.02000000,5.88e-05
1749262976,0.00005900,19398176.48000000,5.88e-05
1749262976,0.00005901,2182376.98000000,5.88e-05
1749262976,0.00005903,11990407.67000000,5.88e-05
1749262976,0.00005904,127107.88000000,5.88e-05
1749262976,0.00005905,11990407.67000000,5.88e-05
1749262976,0.00005906,41135.36000000,5.88e-05
1749262976,0.00005907,127086.34000000,5.88e-05
1749262976,0.00005908,11990407.67000000,5.88e-05
1749262976,0.00005909,195679.80000000,5.88e-05
1749262976,0.00005910,12963755.01000000,5.88e-05
1749262976,0.00005911,8070128.09000000,5.88e-05
1749262976,0.00005912,12145121.06000000,5.88e-05
1749262976,0.00005913,127258.85000000,5.88e-05
1749262976,0.00005915,12280094.90000000,5.88e-05
1749262976,0.00005916,3161880.80000000,5.88e-05
1749262976,0.00005917,11863589.00000000,5.88e-05
1749262976,0.00005919,127043.28000000,5.88e-05
1749262976,0.00005920,21402523.07000000,5.88e-05
1749262976,0.00005922,127043.28000000,5.88e-05
1749262976,0.00005924,13294008.72000000,5.88e-05
1749262976,0.00005925,27562703.44000000,5.88e-05
1749262976,0.00005928,127043.28000000,5.88e-05
1749262976,0.00005930,12833577.99000000,5.88e-05
1749262976,0.00005931,222483.46000000,5.88e-05
1749262976,0.00005932,92672.88000000,5.88e-05
1749262976,0.00005933,12084014.39000000,5.88e-05
1749262976,0.00005934,226756.32000000,5.88e-05
1749262976,0.00005935,11990407.67000000,5.88e-05
1749262976,0.00005937,127043.28000000,5.88e-05
1749262976,0.00005940,3426801.15000000,5.88e-05
1749262976,0.00005941,153958.18000000,5.88e-05
1749262976,0.00005942,205999.44000000,5.88e-05
1749262976,0.00005943,127043.28000000,5.88e-05
1749262976,0.00005944,546825.52000000,5.88e-05
1749262976,0.00005945,200000.00000000,5.88e-05
1749262976,0.00005946,127043.28000000,5.88e-05
1749262976,0.00005947,1206677.45000000,5.88e-05
1749262976,0.00005948,259544890.00000000,5.88e-05
1749262976,0.00005949,3693059.85000000,5.88e-05
1749262976,0.00005950,86749678.45000000,5.88e-05
1749262976,0.00005951,2897982.99000000,5.88e-05
1749262976,0.00005952,452004.99000000,5.88e-05
1749262976,0.00005954,21506809.95000000,5.88e-05
1749262976,0.00005955,100294969.40000000,5.88e-05
1749262976,0.00005958,127043.28000000,5.88e-05
1749262976,0.00005959,762740.21000000,5.88e-05
1749262976,0.00005960,133823009.53000000,5.88e-05
1749262976,0.00005961,127064.81000000,5.88e-05
1749262976,0.00005963,88959.26000000,5.88e-05
1749262976,0.00005964,370623.82000000,5.88e-05
1749262976,0.00005965,8636229.09000000,5.88e-05
1749262976,0.00005967,361624.02000000,5.88e-05
1749262976,0.00005969,252949.02000000,5.88e-05
1749262976,0.00005970,100837520.93000000,5.88e-05
1749262976,0.00005972,200000.00000000,5.88e-05
1749262976,0.00005974,9995862.57000000,5.88e-05
1749262976,0.00005975,13415084.41000000,5.88e-05
1749262976,0.00005977,833915.80000000,5.88e-05
1749262976,0.00005979,93606.72000000,5.88e-05
1749262976,0.00005980,103691270.50000000,5.88e-05
1749262976,0.00005982,3593934.04000000,5.88e-05
1749262976,0.00005984,95440.18000000,5.88e-05
1749262976,0.00005986,188672.30000000,5.88e-05
1749262976,0.00005987,2897982.99000000,5.88e-05
1749262976,0.00005988,375531.77000000,5.88e-05
1749262976,0.00005989,91235.89000000,5.88e-05
1749262976,0.00005990,102290614.72000000,5.88e-05
1749262976,0.00005993,106880.37000000,5.88e-05
1749262976,0.00005994,18316086.45000000,5.88e-05
1749262976,0.00005995,1643903.24000000,5.88e-05
1749262976,0.00005996,738437.88000000,5.88e-05
1749262976,0.00005998,352495.09000000,5.88e-05
1749262976,0.00005999,202833581.23000000,5.88e-05
1749262976,0.00006000,164855265.27000000,5.88e-05
1749262976,0.00006001,12856521.36000000,5.88e-05
1749262976,0.00006002,202931.64000000,5.88e-05
1749262976,0.00006003,192385.92000000,5.88e-05
1749262976,0.00006004,116588.94000000,5.88e-05
1749262976,0.00006005,1665278.93000000,5.88e-05
1749262976,0.00006006,91396.99000000,5.88e-05
1749263285,0.00005888,855203.10000000,5.888e-05
1749263285,0.00005889,2609963.68000000,5.888e-05
1749263285,0.00005890,10970558.83000000,5.888e-05
1749263285,0.00005891,7680334.60000000,5.888e-05
1749263285,0.00005892,21125196.41000000,5.888e-05
1749263285,0.00005893,50820474.55000000,5.888e-05
1749263285,0.00005894,38112527.63000000,5.888e-05
1749263285,0.00005895,71866433.69000000,5.888e-05
1749263285,0.00005896,83074907.08000000,5.888e-05
1749263285,0.00005897,92881180.41000000,5.888e-05
1749263285,0.00005898,109950791.08000000,5.888e-05
1749263285,0.00005899,122018061.42000000,5.888e-05
1749263285,0.00005900,40011288.50000000,5.888e-05
1749263285,0.00005901,127194.10000000,5.888e-05
1749263285,0.00005902,49695018.63000000,5.888e-05
1749263285,0.00005903,11990407.67000000,5.888e-05
1749263285,0.00005904,127107.88000000,5.888e-05
1749263285,0.00005905,11990407.67000000,5.888e-05
1749263285,0.00005906,482524.48000000,5.888e-05
1749263285,0.00005907,127086.34000000,5.888e-05
1749263285,0.00005908,14017868.14000000,5.888e-05
1749263285,0.00005909,195679.80000000,5.888e-05
1749263285,0.00005910,12963755.01000000,5.888e-05
1749263285,0.00005911,200000.00000000,5.888e-05
1749263285,0.00005912,12145121.06000000,5.888e-05
1749263285,0.00005913,127258.85000000,5.888e-05
1749263285,0.00005915,12280094.90000000,5.888e-05
1749263285,0.00005916,3161880.80000000,5.888e-05
1749263285,0.00005917,11863589.00000000,5.888e-05
1749263285,0.00005919,8221010.56000000,5.888e-05
1749263285,0.00005920,21402523.07000000,5.888e-05
1749263285,0.00005922,127043.28000000,5.888e-05
1749263285,0.00005924,13294008.72000000,5.888e-05
1749263285,0.00005925,31562703.44000000,5.888e-05
1749263285,0.00005928,127043.28000000,5.888e-05
1749263285,0.00005930,12833577.99000000,5.888e-05
1749263285,0.00005931,222483.46000000,5.888e-05
1749263285,0.00005932,92672.88000000,5.888e-05
1749263285,0.00005933,18144587.08000000,5.888e-05
1749263285,0.00005934,226756.32000000,5.888e-05
1749263285,0.00005935,11990407.67000000,5.888e-05
1749263285,0.00005937,327043.28000000,5.888e-05
1749263285,0.00005940,3426801.15000000,5.888e-05
1749263285,0.00005941,153958.18000000,5.888e-05
1749263285,0.00005942,205999.44000000,5.888e-05
1749263285,0.00005943,127043.28000000,5.888e-05
1749263285,0.00005944,546825.52000000,5.888e-05
1749263285,0.00005945,200000.00000000,5.888e-05
1749263285,0.00005946,127043.28000000,5.888e-05
1749263285,0.00005947,612349.04000000,5.888e-05
1749263285,0.00005948,259544890.00000000,5.888e-05
1749263285,0.00005949,3693059.85000000,5.888e-05
1749263285,0.00005950,86749678.45000000,5.888e-05
1749263285,0.00005951,2897982.99000000,5.888e-05
1749263285,0.00005952,452004.99000000,5.888e-05
1749263285,0.00005954,21506809.95000000,5.888e-05
1749263285,0.00005955,100294969.40000000,5.888e-05
1749263285,0.00005958,127043.28000000,5.888e-05
1749263285,0.00005959,711797.78000000,5.888e-05
1749263285,0.00005960,133823009.53000000,5.888e-05
1749263285,0.00005961,127064.81000000,5.888e-05
1749263285,0.00005963,88959.26000000,5.888e-05
1749263285,0.00005964,370623.82000000,5.888e-05
1749263285,0.00005965,8636229.09000000,5.888e-05
1749263285,0.00005967,361624.02000000,5.888e-05
1749263285,0.00005969,252949.02000000,5.888e-05
1749263285,0.00005970,100837520.93000000,5.888e-05
1749263285,0.00005972,200000.00000000,5.888e-05
1749263285,0.00005974,9995862.57000000,5.888e-05
1749263285,0.00005975,13415084.41000000,5.888e-05
1749263285,0.00005977,833915.80000000,5.888e-05
1749263285,0.00005979,93606.72000000,5.888e-05
1749263285,0.00005980,103691270.50000000,5.888e-05
1749263285,0.00005982,3593934.04000000,5.888e-05
1749263285,0.00005984,95440.18000000,5.888e-05
1749263285,0.00005986,188672.30000000,5.888e-05
1749263285,0.00005987,2897982.99000000,5.888e-05
1749263285,0.00005988,375531.77000000,5.888e-05
1749263285,0.00005989,91235.89000000,5.888e-05
1749263285,0.00005990,102290614.72000000,5.888e-05
1749263285,0.00005993,106880.37000000,5.888e-05
1749263285,0.00005994,18316086.45000000,5.888e-05
1749263285,0.00005995,1643903.24000000,5.888e-05
1749263285,0.00005996,738437.88000000,5.888e-05
1749263285,0.00005998,980891.83000000,5.888e-05
1749263285,0.00005999,202833581.23000000,5.888e-05
1749263285,0.00006000,164855265.27000000,5.888e-05
1749263285,0.00006001,12856521.36000000,5.888e-05
1749263285,0.00006002,202931.64000000,5.888e-05
1749263285,0.00006003,192385.92000000,5.888e-05
1749263285,0.00006004,116588.94000000,5.888e-05
1749263285,0.00006005,1665278.93000000,5.888e-05
1749263285,0.00006006,91396.99000000,5.888e-05
1749263285,0.00006007,225248.67000000,5.888e-05
1749263285,0.00006010,101952693.46000000,5.888e-05
1749263285,0.00006011,1065031.98000000,5.888e-05
1749263285,0.00006012,84165.00000000,5.888e-05
1749263285,0.00006013,91235.89000000,5.888e-05
1749263285,0.00006014,37154867.63000000,5.888e-05
1749263285,0.00006020,104348301.98000000,5.888e-05
1749263586,0.00005886,1087368.13000000,5.886e-05
1749263586,0.00005887,4957283.68000000,5.886e-05
1749263586,0.00005888,13193075.61000000,5.886e-05
1749263586,0.00005889,7713002.11000000,5.886e-05
1749263586,0.00005890,10010619.72000000,5.886e-05
1749263586,0.00005891,1537549.50000000,5.886e-05
1749263586,0.00005892,3475956.53000000,5.886e-05
1749263586,0.00005893,5198301.21000000,5.886e-05
1749263586,0.00005894,12746344.98000000,5.886e-05
1749263586,0.00005895,5255532.10000000,5.886e-05
1749263586,0.00005896,12757314.24000000,5.886e-05
1749263586,0.00005897,6577095.89000000,5.886e-05
1749263586,0.00005898,18595728.99000000,5.886e-05
1749263586,0.00005899,18784935.26000000,5.886e-05
1749263586,0.00005900,18084165.08000000,5.886e-05
1749263586,0.00005901,254539.38000000,5.886e-05
1749263586,0.00005902,44061572.43000000,5.886e-05
1749263586,0.00005903,12117709.72000000,5.886e-05
1749263586,0.00005904,1668877.10000000,5.886e-05
1749263586,0.00005905,11990407.67000000,5.886e-05
1749263586,0.00005906,482524.48000000,5.886e-05
1749263586,0.00005907,127086.34000000,5.886e-05
1749263586,0.00005908,11990407.67000000,5.886e-05
1749263586,0.00005909,195679.80000000,5.886e-05
1749263586,0.00005910,14207210.96000000,5.886e-05
1749263586,0.00005911,200000.00000000,5.886e-05
1749263586,0.00005912,12145121.06000000,5.886e-05
1749263586,0.00005913,2158955.00000000,5.886e-05
1749263586,0.00005915,12280094.90000000,5.886e-05
1749263586,0.00005916,3161880.80000000,5.886e-05
1749263586,0.00005917,11863589.00000000,5.886e-05
1749263586,0.00005919,127043.28000000,5.886e-05
1749263586,0.00005920,14816218.07000000,5.886e-05
1749263586,0.00005922,127043.28000000,5.886e-05
1749263586,0.00005923,11990407.67000000,5.886e-05
1749263586,0.00005924,13294008.72000000,5.886e-05
1749263586,0.00005925,39667409.61000000,5.886e-05
1749263586,0.00005928,127043.28000000,5.886e-05
1749263586,0.00005930,12833577.99000000,5.886e-05
1749263586,0.00005931,222483.46000000,5.886e-05
1749263586,0.00005932,92672.88000000,5.886e-05
1749263586,0.00005933,12084014.39000000,5.886e-05
1749263586,0.00005934,226756.32000000,5.886e-05
1749263586,0.00005935,11990407.67000000,5.886e-05
1749263586,0.00005937,327043.28000000,5.886e-05
1749263586,0.00005940,3426801.15000000,5.886e-05
1749263586,0.00005941,153958.18000000,5.886e-05
1749263586,0.00005942,205999.44000000,5.886e-05
1749263586,0.00005943,127043.28000000,5.886e-05
1749263586,0.00005944,546825.52000000,5.886e-05
1749263586,0.00005945,6786305.00000000,5.886e-05
1749263586,0.00005946,127043.28000000,5.886e-05
1749263586,0.00005947,611101.68000000,5.886e-05
1749263586,0.00005948,259544890.00000000,5.886e-05
1749263586,0.00005949,3693059.85000000,5.886e-05
1749263586,0.00005950,86749678.45000000,5.886e-05
1749263586,0.00005951,2897982.99000000,5.886e-05
1749263586,0.00005952,452004.99000000,5.886e-05
1749263586,0.00005954,22117600.58000000,5.886e-05
1749263586,0.00005955,100294969.40000000,5.886e-05
1749263586,0.00005958,127043.28000000,5.886e-05
1749263586,0.00005959,117469.37000000,5.886e-05
1749263586,0.00005960,133823009.53000000,5.886e-05
1749263586,0.00005961,127064.81000000,5.886e-05
1749263586,0.00005963,88959.26000000,5.886e-05
1749263586,0.00005964,370623.82000000,5.886e-05
1749263586,0.00005965,8636229.09000000,5.886e-05
1749263586,0.00005967,361624.02000000,5.886e-05
1749263586,0.00005969,252949.02000000,5.886e-05
1749263586,0.00005970,100837520.93000000,5.886e-05
1749263586,0.00005972,200000.00000000,5.886e-05
1749263586,0.00005974,9995862.57000000,5.886e-05
1749263586,0.00005975,13415084.41000000,5.886e-05
1749263586,0.00005977,833915.80000000,5.886e-05
1749263586,0.00005979,93606.72000000,5.886e-05
1749263586,0.00005980,103691270.50000000,5.886e-05
1749263586,0.00005982,3593934.04000000,5.886e-05
1749263586,0.00005984,95440.18000000,5.886e-05
1749263586,0.00005986,188672.30000000,5.886e-05
1749263586,0.00005987,2897982.99000000,5.886e-05
1749263586,0.00005988,375531.77000000,5.886e-05
1749263586,0.00005989,91235.89000000,5.886e-05
1749263586,0.00005990,102290614.72000000,5.886e-05
1749263586,0.00005993,106880.37000000,5.886e-05
1749263586,0.00005995,1643903.24000000,5.886e-05
1749263586,0.00005996,738437.88000000,5.886e-05
1749263586,0.00005998,980891.83000000,5.886e-05
1749263586,0.00005999,202833581.23000000,5.886e-05
1749263586,0.00006000,164855265.27000000,5.886e-05
1749263586,0.00006001,12856521.36000000,5.886e-05
1749263586,0.00006002,202931.64000000,5.886e-05
1749263586,0.00006003,192385.92000000,5.886e-05
1749263586,0.00006004,116588.94000000,5.886e-05
1749263586,0.00006005,1665278.93000000,5.886e-05
1749263586,0.00006006,91396.99000000,5.886e-05
1749263586,0.00006007,225248.67000000,5.886e-05
1749263586,0.00006010,101952693.46000000,5.886e-05
1749263586,0.00006011,19381118.43000000,5.886e-05
1749263586,0.00006012,84165.00000000,5.886e-05
1749263586,0.00006013,91235.89000000,5.886e-05
1749263888,0.00005894,2799071.23000000,5.89e-05
1749263888,0.00005895,1019437.83000000,5.89e-05
1749263888,0.00005896,10123626.80000000,5.89e-05
1749263888,0.00005897,11754711.77000000,5.89e-05
1749263888,0.00005898,17172935.74000000,5.89e-05
1749263888,0.00005899,18784935.26000000,5.89e-05
1749263888,0.00005900,18084165.08000000,5.89e-05
1749263888,0.00005901,1219065.94000000,5.89e-05
1749263888,0.00005902,5231376.56000000,5.89e-05
1749263888,0.00005903,13082318.18000000,5.89e-05
1749263888,0.00005904,6230444.14000000,5.89e-05
1749263888,0.00005905,11990407.67000000,5.89e-05
1749263888,0.00005906,41135.36000000,5.89e-05
1749263888,0.00005907,127086.34000000,5.89e-05
1749263888,0.00005908,11990407.67000000,5.89e-05
1749263888,0.00005909,195679.80000000,5.89e-05
1749263888,0.00005910,14207210.96000000,5.89e-05
1749263888,0.00005911,200000.00000000,5.89e-05
1749263888,0.00005912,12145121.06000000,5.89e-05
1749263888,0.00005913,127258.85000000,5.89e-05
1749263888,0.00005915,12280094.90000000,5.89e-05
1749263888,0.00005916,4576347.97000000,5.89e-05
1749263888,0.00005917,11863589.00000000,5.89e-05
1749263888,0.00005918,2032934.93000000,5.89e-05
1749263888,0.00005919,568432.40000000,5.89e-05
1749263888,0.00005920,14816218.07000000,5.89e-05
1749263888,0.00005922,127043.28000000,5.89e-05
1749263888,0.00005923,11990407.67000000,5.89e-05
1749263888,0.00005924,13294008.72000000,5.89e-05
1749263888,0.00005925,39667409.61000000,5.89e-05
1749263888,0.00005928,127043.28000000,5.89e-05
1749263888,0.00005930,12833577.99000000,5.89e-05
1749263888,0.00005931,222483.46000000,5.89e-05
1749263888,0.00005932,92672.88000000,5.89e-05
1749263888,0.00005933,12084014.39000000,5.89e-05
1749263888,0.00005934,226756.32000000,5.89e-05
1749263888,0.00005935,11990407.67000000,5.89e-05
1749263888,0.00005937,327043.28000000,5.89e-05
1749263888,0.00005940,3426801.15000000,5.89e-05
1749263888,0.00005941,153958.18000000,5.89e-05
1749263888,0.00005942,205999.44000000,5.89e-05
1749263888,0.00005943,127043.28000000,5.89e-05
1749263888,0.00005944,546825.52000000,5.89e-05
1749263888,0.00005945,6786305.00000000,5.89e-05
1749263888,0.00005946,127043.28000000,5.89e-05
1749263888,0.00005947,611101.68000000,5.89e-05
1749263888,0.00005948,259544890.00000000,5.89e-05
1749263888,0.00005949,3693059.85000000,5.89e-05
1749263888,0.00005950,86749678.45000000,5.89e-05
1749263888,0.00005951,2897982.99000000,5.89e-05
1749263888,0.00005952,452004.99000000,5.89e-05
1749263888,0.00005954,21506809.95000000,5.89e-05
1749263888,0.00005955,100905760.03000000,5.89e-05
1749263888,0.00005958,127043.28000000,5.89e-05
1749263888,0.00005960,133823009.53000000,5.89e-05
1749263888,0.00005961,127064.81000000,5.89e-05
1749263888,0.00005963,88959.26000000,5.89e-05
1749263888,0.00005964,370623.82000000,5.89e-05
1749263888,0.00005965,8636229.09000000,5.89e-05
1749263888,0.00005967,261070.98000000,5.89e-05
1749263888,0.00005969,252949.02000000,5.89e-05
1749263888,0.00005970,100837520.93000000,5.89e-05
1749263888,0.00005972,200000.00000000,5.89e-05
1749263888,0.00005974,9995862.57000000,5.89e-05
1749263888,0.00005975,13415084.41000000,5.89e-05
1749263888,0.00005977,833915.80000000,5.89e-05
1749263888,0.00005979,93606.72000000,5.89e-05
1749263888,0.00005980,103691270.50000000,5.89e-05
1749263888,0.00005982,3593934.04000000,5.89e-05
1749263888,0.00005984,95440.18000000,5.89e-05
1749263888,0.00005986,188672.30000000,5.89e-05
1749263888,0.00005987,2897982.99000000,5.89e-05
1749263888,0.00005988,375531.77000000,5.89e-05
1749263888,0.00005989,91235.89000000,5.89e-05
1749263888,0.00005990,102290614.72000000,5.89e-05
1749263888,0.00005993,106880.37000000,5.89e-05
1749263888,0.00005995,1643903.24000000,5.89e-05
1749263888,0.00005996,738437.88000000,5.89e-05
1749263888,0.00005998,980891.83000000,5.89e-05
1749263888,0.00005999,202833581.23000000,5.89e-05
1749263888,0.00006000,164855265.27000000,5.89e-05
1749263888,0.00006001,12856521.36000000,5.89e-05
1749263888,0.00006002,202931.64000000,5.89e-05
1749263888,0.00006003,192385.92000000,5.89e-05
1749263888,0.00006005,1665278.93000000,5.89e-05
1749263888,0.00006006,91396.99000000,5.89e-05
1749263888,0.00006007,225248.67000000,5.89e-05
1749263888,0.00006010,101952693.46000000,5.89e-05
1749263888,0.00006011,19381118.43000000,5.89e-05
1749263888,0.00006012,84165.00000000,5.89e-05
1749263888,0.00006013,91235.89000000,5.89e-05
1749263888,0.00006014,37154867.63000000,5.89e-05
1749263888,0.00006020,104348301.98000000,5.89e-05
1749263888,0.00006021,99713.04000000,5.89e-05
1749263888,0.00006022,3050316.87000000,5.89e-05
1749263888,0.00006024,93606.72000000,5.89e-05
1749263888,0.00006025,4641008.54000000,5.89e-05
1749263888,0.00006026,110842.91000000,5.89e-05
1749263888,0.00006027,13008282.69000000,5.89e-05
1749263888,0.00006029,263571.26000000,5.89e-05
1749264190,0.00005881,1231189.22000000,5.88e-05
1749264190,0.00005882,2490069.69000000,5.88e-05
1749264190,0.00005883,10526798.22000000,5.88e-05
1749264190,0.00005884,6807171.70000000,5.88e-05
1749264190,0.00005885,13110338.38000000,5.88e-05
1749264190,0.00005886,3495441.88000000,5.88e-05
1749264190,0.00005887,5712338.21000000,5.88e-05
1749264190,0.00005888,15358266.06000000,5.88e-05
1749264190,0.00005889,6343626.19000000,5.88e-05
1749264190,0.00005890,19457296.67000000,5.88e-05
1749264190,0.00005891,6121607.95000000,5.88e-05
1749264190,0.00005892,15825606.19000000,5.88e-05
1749264190,0.00005893,5697871.86000000,5.88e-05
1749264190,0.00005894,14446972.62000000,5.88e-05
1749264190,0.00005895,5726842.47000000,5.88e-05
1749264190,0.00005896,14120314.24000000,5.88e-05
1749264190,0.00005897,49355831.41000000,5.88e-05
1749264190,0.00005898,13659522.28000000,5.88e-05
1749264190,0.00005899,13359685.74000000,5.88e-05
1749264190,0.00005900,18084165.08000000,5.88e-05
1749264190,0.00005901,254539.38000000,5.88e-05
1749264190,0.00005903,11990407.67000000,5.88e-05
1749264190,0.00005904,1541575.05000000,5.88e-05
1749264190,0.00005905,11990407.67000000,5.88e-05
1749264190,0.00005906,41135.36000000,5.88e-05
1749264190,0.00005907,2134848.24000000,5.88e-05
1749264190,0.00005908,11990407.67000000,5.88e-05
1749264190,0.00005909,195679.80000000,5.88e-05
1749264190,0.00005910,12963755.01000000,5.88e-05
1749264190,0.00005911,200000.00000000,5.88e-05
1749264190,0.00005912,12145121.06000000,5.88e-05
1749264190,0.00005913,127258.85000000,5.88e-05
1749264190,0.00005915,12280094.90000000,5.88e-05
1749264190,0.00005916,3161880.80000000,5.88e-05
1749264190,0.00005917,11863589.00000000,5.88e-05
1749264190,0.00005918,8031047.60000000,5.88e-05
1749264190,0.00005919,568432.40000000,5.88e-05
1749264190,0.00005920,14816218.07000000,5.88e-05
1749264190,0.00005922,127043.28000000,5.88e-05
1749264190,0.00005923,11990407.67000000,5.88e-05
1749264190,0.00005924,13294008.72000000,5.88e-05
1749264190,0.00005925,31562703.44000000,5.88e-05
1749264190,0.00005928,127043.28000000,5.88e-05
1749264190,0.00005930,12833577.99000000,5.88e-05
1749264190,0.00005931,222483.46000000,5.88e-05
1749264190,0.00005932,92672.88000000,5.88e-05
1749264190,0.00005933,12084014.39000000,5.88e-05
1749264190,0.00005934,226756.32000000,5.88e-05
1749264190,0.00005935,11990407.67000000,5.88e-05
1749264190,0.00005937,327043.28000000,5.88e-05
1749264190,0.00005940,3426801.15000000,5.88e-05
1749264190,0.00005941,153958.18000000,5.88e-05
1749264190,0.00005942,205999.44000000,5.88e-05
1749264190,0.00005943,127043.28000000,5.88e-05
1749264190,0.00005944,546825.52000000,5.88e-05
1749264190,0.00005945,6786305.00000000,5.88e-05
1749264190,0.00005946,127043.28000000,5.88e-05
1749264190,0.00005947,1221892.31000000,5.88e-05
1749264190,0.00005948,259544890.00000000,5.88e-05
1749264190,0.00005949,3693059.85000000,5.88e-05
1749264190,0.00005950,86749678.45000000,5.88e-05
1749264190,0.00005951,2897982.99000000,5.88e-05
1749264190,0.00005952,452004.99000000,5.88e-05
1749264190,0.00005954,21506809.95000000,5.88e-05
1749264190,0.00005955,100294969.40000000,5.88e-05
1749264190,0.00005958,127043.28000000,5.88e-05
1749264190,0.00005960,133823009.53000000,5.88e-05
1749264190,0.00005961,127064.81000000,5.88e-05
1749264190,0.00005963,88959.26000000,5.88e-05
1749264190,0.00005964,370623.82000000,5.88e-05
1749264190,0.00005965,8636229.09000000,5.88e-05
1749264190,0.00005967,261070.98000000,5.88e-05
1749264190,0.00005969,252949.02000000,5.88e-05
1749264190,0.00005970,100837520.93000000,5.88e-05
1749264190,0.00005972,200000.00000000,5.88e-05
1749264190,0.00005974,9995862.57000000,5.88e-05
1749264190,0.00005975,13415084.41000000,5.88e-05
1749264190,0.00005977,833915.80000000,5.88e-05
1749264190,0.00005979,93606.72000000,5.88e-05
1749264190,0.00005980,103691270.50000000,5.88e-05
1749264190,0.00005982,3593934.04000000,5.88e-05
1749264190,0.00005984,95440.18000000,5.88e-05
1749264190,0.00005986,188672.30000000,5.88e-05
1749264190,0.00005987,2897982.99000000,5.88e-05
1749264190,0.00005988,375531.77000000,5.88e-05
1749264190,0.00005989,91235.89000000,5.88e-05
1749264190,0.00005990,102290614.72000000,5.88e-05
1749264190,0.00005993,106880.37000000,5.88e-05
1749264190,0.00005995,1643903.24000000,5.88e-05
1749264190,0.00005996,738437.88000000,5.88e-05
1749264190,0.00005998,980891.83000000,5.88e-05
1749264190,0.00005999,202833581.23000000,5.88e-05
1749264190,0.00006000,164855265.27000000,5.88e-05
1749264190,0.00006001,12856521.36000000,5.88e-05
1749264190,0.00006002,202931.64000000,5.88e-05
1749264190,0.00006003,192385.92000000,5.88e-05
1749264190,0.00006005,1665278.93000000,5.88e-05
1749264190,0.00006006,91396.99000000,5.88e-05
1749264190,0.00006007,225248.67000000,5.88e-05
1749264190,0.00006010,101952693.46000000,5.88e-05
1749264491,0.00005885,855203.10000000,5.884e-05
1749264491,0.00005886,1234819.14000000,5.884e-05
1749264491,0.00005887,10664620.57000000,5.884e-05
1749264491,0.00005888,14411310.57000000,5.884e-05
1749264491,0.00005889,44259353.12000000,5.884e-05
1749264491,0.00005890,48540697.01000000,5.884e-05
1749264491,0.00005891,16006432.53000000,5.884e-05
1749264491,0.00005892,55528502.68000000,5.884e-05
1749264491,0.00005893,36635741.48000000,5.884e-05
1749264491,0.00005894,70868768.30000000,5.884e-05
1749264491,0.00005895,22718873.27000000,5.884e-05
1749264491,0.00005896,14457690.37000000,5.884e-05
1749264491,0.00005897,127410.18000000,5.884e-05
1749264491,0.00005898,13534757.98000000,5.884e-05
1749264491,0.00005899,56239597.39000000,5.884e-05
1749264491,0.00005900,17956787.36000000,5.884e-05
1749264491,0.00005901,127194.10000000,5.884e-05
1749264491,0.00005903,11990407.67000000,5.884e-05
1749264491,0.00005904,1364910.50000000,5.884e-05
1749264491,0.00005905,11990407.67000000,5.884e-05
1749264491,0.00005906,41135.36000000,5.884e-05
1749264491,0.00005907,127086.34000000,5.884e-05
1749264491,0.00005908,14006468.10000000,5.884e-05
1749264491,0.00005909,195679.80000000,5.884e-05
1749264491,0.00005910,12963755.01000000,5.884e-05
1749264491,0.00005911,200000.00000000,5.884e-05
1749264491,0.00005912,12145121.06000000,5.884e-05
1749264491,0.00005913,127258.85000000,5.884e-05
1749264491,0.00005915,12280094.90000000,5.884e-05
1749264491,0.00005916,3161880.80000000,5.884e-05
1749264491,0.00005917,11863589.00000000,5.884e-05
1749264491,0.00005918,8031047.60000000,5.884e-05
1749264491,0.00005919,568432.40000000,5.884e-05
1749264491,0.00005920,14816218.07000000,5.884e-05
1749264491,0.00005922,127043.28000000,5.884e-05
1749264491,0.00005923,11990407.67000000,5.884e-05
1749264491,0.00005924,13294008.72000000,5.884e-05
1749264491,0.00005925,31562703.44000000,5.884e-05
1749264491,0.00005928,127043.28000000,5.884e-05
1749264491,0.00005930,12833577.99000000,5.884e-05
1749264491,0.00005931,222483.46000000,5.884e-05
1749264491,0.00005932,92672.88000000,5.884e-05
1749264491,0.00005933,12084014.39000000,5.884e-05
1749264491,0.00005934,226756.32000000,5.884e-05
1749264491,0.00005935,11990407.67000000,5.884e-05
1749264491,0.00005937,327043.28000000,5.884e-05
1749264491,0.00005940,3426801.15000000,5.884e-05
1749264491,0.00005941,153958.18000000,5.884e-05
1749264491,0.00005942,205999.44000000,5.884e-05
1749264491,0.00005943,127043.28000000,5.884e-05
1749264491,0.00005944,546825.52000000,5.884e-05
1749264491,0.00005945,6786305.00000000,5.884e-05
1749264491,0.00005946,127043.28000000,5.884e-05
1749264491,0.00005947,1205935.13000000,5.884e-05
1749264491,0.00005948,259544890.00000000,5.884e-05
1749264491,0.00005949,3693059.85000000,5.884e-05
1749264491,0.00005950,86749678.45000000,5.884e-05
1749264491,0.00005951,2897982.99000000,5.884e-05
1749264491,0.00005952,452004.99000000,5.884e-05
1749264491,0.00005954,21506809.95000000,5.884e-05
1749264491,0.00005955,100294969.40000000,5.884e-05
1749264491,0.00005958,127043.28000000,5.884e-05
1749264491,0.00005959,628396.74000000,5.884e-05
1749264491,0.00005960,133823009.53000000,5.884e-05
1749264491,0.00005961,127064.81000000,5.884e-05
1749264491,0.00005963,88959.26000000,5.884e-05
1749264491,0.00005964,370623.82000000,5.884e-05
1749264491,0.00005965,8636229.09000000,5.884e-05
1749264491,0.00005967,261070.98000000,5.884e-05
1749264491,0.00005969,252949.02000000,5.884e-05
1749264491,0.00005970,100837520.93000000,5.884e-05
1749264491,0.00005972,200000.00000000,5.884e-05
1749264491,0.00005974,9995862.57000000,5.884e-05
1749264491,0.00005975,13415084.41000000,5.884e-05
1749264491,0.00005977,833915.80000000,5.884e-05
1749264491,0.00005979,93606.72000000,5.884e-05
1749264491,0.00005980,103691270.50000000,5.884e-05
1749264491,0.00005982,3593934.04000000,5.884e-05
1749264491,0.00005984,95440.18000000,5.884e-05
1749264491,0.00005986,188672.30000000,5.884e-05
1749264491,0.00005987,2897982.99000000,5.884e-05
1749264491,0.00005988,375531.77000000,5.884e-05
1749264491,0.00005989,91235.89000000,5.884e-05
1749264491,0.00005990,102290614.72000000,5.884e-05
1749264491,0.00005993,106880.37000000,5.884e-05
1749264491,0.00005994,18316086.45000000,5.884e-05
1749264491,0.00005995,1643903.24000000,5.884e-05
1749264491,0.00005996,738437.88000000,5.884e-05
1749264491,0.00005998,352495.09000000,5.884e-05
1749264491,0.00005999,202833581.23000000,5.884e-05
1749264491,0.00006000,164855265.27000000,5.884e-05
1749264491,0.00006001,12856521.36000000,5.884e-05
1749264491,0.00006002,202931.64000000,5.884e-05
1749264491,0.00006003,192385.92000000,5.884e-05
1749264491,0.00006005,1665278.93000000,5.884e-05
1749264491,0.00006006,91396.99000000,5.884e-05
1749264491,0.00006007,225248.67000000,5.884e-05
1749264491,0.00006010,101952693.46000000,5.884e-05
1749264491,0.00006011,1065031.98000000,5.884e-05
1749264491,0.00006012,84165.00000000,5.884e-05
1749264793,0.00005893,3551073.82000000,5.89e-05
1749264793,0.00005894,5164682.59000000,5.89e-05
1749264793,0.00005895,12902943.86000000,5.89e-05
1749264793,0.00005896,11608021.11000000,5.89e-05
1749264793,0.00005897,16587719.03000000,5.89e-05
1749264793,0.00005898,6386211.83000000,5.89e-05
1749264793,0.00005899,22211673.56000000,5.89e-05
1749264793,0.00005900,53055919.60000000,5.89e-05
1749264793,0.00005901,56116668.16000000,5.89e-05
1749264793,0.00005902,37442533.05000000,5.89e-05
1749264793,0.00005903,19598406.11000000,5.89e-05
1749264793,0.00005904,43461699.42000000,5.89e-05
1749264793,0.00005905,29024166.38000000,5.89e-05
1749264793,0.00005906,1145316.54000000,5.89e-05
1749264793,0.00005907,4828781.06000000,5.89e-05
1749264793,0.00005908,56696046.74000000,5.89e-05
1749264793,0.00005909,195679.80000000,5.89e-05
1749264793,0.00005910,14379904.78000000,5.89e-05
1749264793,0.00005911,200000.00000000,5.89e-05
1749264793,0.00005912,12145121.06000000,5.89e-05
1749264793,0.00005913,127258.85000000,5.89e-05
1749264793,0.00005915,12280094.90000000,5.89e-05
1749264793,0.00005916,4576468.02000000,5.89e-05
1749264793,0.00005918,2013006.90000000,5.89e-05
1749264793,0.00005919,568432.40000000,5.89e-05
1749264793,0.00005920,14816218.07000000,5.89e-05
1749264793,0.00005922,127043.28000000,5.89e-05
1749264793,0.00005923,11990407.67000000,5.89e-05
1749264793,0.00005924,13294008.72000000,5.89e-05
1749264793,0.00005925,31562703.44000000,5.89e-05
1749264793,0.00005928,127043.28000000,5.89e-05
1749264793,0.00005930,21007949.55000000,5.89e-05
1749264793,0.00005931,222483.46000000,5.89e-05
1749264793,0.00005932,11956261.88000000,5.89e-05
1749264793,0.00005933,12084014.39000000,5.89e-05
1749264793,0.00005934,226756.32000000,5.89e-05
1749264793,0.00005935,11990407.67000000,5.89e-05
1749264793,0.00005937,327043.28000000,5.89e-05
1749264793,0.00005940,3426801.15000000,5.89e-05
1749264793,0.00005941,153958.18000000,5.89e-05
1749264793,0.00005942,205999.44000000,5.89e-05
1749264793,0.00005943,127043.28000000,5.89e-05
1749264793,0.00005944,546825.52000000,5.89e-05
1749264793,0.00005945,6786305.00000000,5.89e-05
1749264793,0.00005946,127043.28000000,5.89e-05
1749264793,0.00005948,260155577.02000000,5.89e-05
1749264793,0.00005949,3693059.85000000,5.89e-05
1749264793,0.00005950,86749678.45000000,5.89e-05
1749264793,0.00005951,2897982.99000000,5.89e-05
1749264793,0.00005952,452004.99000000,5.89e-05
1749264793,0.00005954,21506809.95000000,5.89e-05
1749264793,0.00005955,100294969.40000000,5.89e-05
1749264793,0.00005958,127043.28000000,5.89e-05
1749264793,0.00005959,610687.02000000,5.89e-05
1749264793,0.00005960,133823009.53000000,5.89e-05
1749264793,0.00005961,127064.81000000,5.89e-05
1749264793,0.00005963,88959.26000000,5.89e-05
1749264793,0.00005964,370623.82000000,5.89e-05
1749264793,0.00005965,8636229.09000000,5.89e-05
1749264793,0.00005967,127000.26000000,5.89e-05
1749264793,0.00005969,252949.02000000,5.89e-05
1749264793,0.00005970,100837520.93000000,5.89e-05
1749264793,0.00005972,200000.00000000,5.89e-05
1749264793,0.00005974,9995862.57000000,5.89e-05
1749264793,0.00005975,13415084.41000000,5.89e-05
1749264793,0.00005977,833915.80000000,5.89e-05
1749264793,0.00005979,93606.72000000,5.89e-05
1749264793,0.00005980,103691270.50000000,5.89e-05
1749264793,0.00005982,3593934.04000000,5.89e-05
1749264793,0.00005984,95440.18000000,5.89e-05
1749264793,0.00005986,188672.30000000,5.89e-05
1749264793,0.00005987,2897982.99000000,5.89e-05
1749264793,0.00005988,375531.77000000,5.89e-05
1749264793,0.00005989,91235.89000000,5.89e-05
1749264793,0.00005990,102290614.72000000,5.89e-05
1749264793,0.00005993,106880.37000000,5.89e-05
1749264793,0.00005995,1643903.24000000,5.89e-05
1749264793,0.00005996,738437.88000000,5.89e-05
1749264793,0.00005998,980891.83000000,5.89e-05
1749264793,0.00005999,202833581.23000000,5.89e-05
1749264793,0.00006000,164855265.27000000,5.89e-05
1749264793,0.00006001,12856521.36000000,5.89e-05
1749264793,0.00006002,202931.64000000,5.89e-05
1749264793,0.00006003,192385.92000000,5.89e-05
1749264793,0.00006005,1665278.93000000,5.89e-05
1749264793,0.00006006,91396.99000000,5.89e-05
1749264793,0.00006007,225248.67000000,5.89e-05
1749264793,0.00006010,120268779.91000000,5.89e-05
1749264793,0.00006011,1065031.98000000,5.89e-05
1749264793,0.00006012,84165.00000000,5.89e-05
1749264793,0.00006013,91235.89000000,5.89e-05
1749264793,0.00006014,37154867.63000000,5.89e-05
1749264793,0.00006020,104348301.98000000,5.89e-05
1749264793,0.00006021,99713.04000000,5.89e-05
1749264793,0.00006022,3050316.87000000,5.89e-05
1749264793,0.00006024,19017229.55000000,5.89e-05
1749264793,0.00006025,4641008.54000000,5.89e-05
1749264793,0.00006026,110842.91000000,5.89e-05
1749264793,0.00006027,13008282.69000000,5.89e-05
1749264793,0.00006029,263571.26000000,5.89e-05
1749265095,0.00005902,3373845.94000000,5.9e-05
1749265095,0.00005903,5642626.84000000,5.9e-05
1749265095,0.00005904,14581887.58000000,5.9e-05
1749265095,0.00005905,12440169.45000000,5.9e-05
1749265095,0.00005906,2465568.16000000,5.9e-05
1749265095,0.00005907,5027879.69000000,5.9e-05
1749265095,0.00005908,27801525.41000000,5.9e-05
1749265095,0.00005909,71768626.43000000,5.9e-05
1749265095,0.00005910,93240697.98000000,5.9e-05
1749265095,0.00005911,38904527.56000000,5.9e-05
1749265095,0.00005912,12272272.04000000,5.9e-05
1749265095,0.00005913,903005.31000000,5.9e-05
1749265095,0.00005914,4360776.42000000,5.9e-05
1749265095,0.00005915,13340916.09000000,5.9e-05
1749265095,0.00005916,4576468.02000000,5.9e-05
1749265095,0.00005917,42994760.85000000,5.9e-05
1749265095,0.00005918,11990407.67000000,5.9e-05
1749265095,0.00005919,127043.28000000,5.9e-05
1749265095,0.00005920,14816218.07000000,5.9e-05
1749265095,0.00005922,1368696.57000000,5.9e-05
1749265095,0.00005923,11990407.67000000,5.9e-05
1749265095,0.00005924,13294008.72000000,5.9e-05
1749265095,0.00005925,16117450.95000000,5.9e-05
1749265095,0.00005926,441389.12000000,5.9e-05
1749265095,0.00005928,2123898.15000000,5.9e-05
1749265095,0.00005930,12833577.99000000,5.9e-05
1749265095,0.00005931,222483.46000000,5.9e-05
1749265095,0.00005932,11956261.88000000,5.9e-05
1749265095,0.00005933,12084014.39000000,5.9e-05
1749265095,0.00005934,226756.32000000,5.9e-05
1749265095,0.00005935,11990407.67000000,5.9e-05
1749265095,0.00005936,8212373.86000000,5.9e-05
1749265095,0.00005937,327043.28000000,5.9e-05
1749265095,0.00005939,11990407.67000000,5.9e-05
1749265095,0.00005940,18872053.64000000,5.9e-05
1749265095,0.00005941,153958.18000000,5.9e-05
1749265095,0.00005942,205999.44000000,5.9e-05
1749265095,0.00005943,127043.28000000,5.9e-05
1749265095,0.00005944,546825.52000000,5.9e-05
1749265095,0.00005945,6786305.00000000,5.9e-05
1749265095,0.00005946,127043.28000000,5.9e-05
1749265095,0.00005948,259544890.00000000,5.9e-05
1749265095,0.00005949,3693059.85000000,5.9e-05
1749265095,0.00005950,92789653.16000000,5.9e-05
1749265095,0.00005951,2897982.99000000,5.9e-05
1749265095,0.00005952,452004.99000000,5.9e-05
1749265095,0.00005954,1553826.17000000,5.9e-05
1749265095,0.00005955,100294969.40000000,5.9e-05
1749265095,0.00005958,127043.28000000,5.9e-05
1749265095,0.00005960,133823009.53000000,5.9e-05
1749265095,0.00005961,127064.81000000,5.9e-05
1749265095,0.00005963,88959.26000000,5.9e-05
1749265095,0.00005964,370623.82000000,5.9e-05
1749265095,0.00005965,8636229.09000000,5.9e-05
1749265095,0.00005966,20339254.36000000,5.9e-05
1749265095,0.00005967,127000.26000000,5.9e-05
1749265095,0.00005969,252949.02000000,5.9e-05
1749265095,0.00005970,100837520.93000000,5.9e-05
1749265095,0.00005972,200000.00000000,5.9e-05
1749265095,0.00005974,8369601.60000000,5.9e-05
1749265095,0.00005975,13415084.41000000,5.9e-05
1749265095,0.00005977,833915.80000000,5.9e-05
1749265095,0.00005979,93606.72000000,5.9e-05
1749265095,0.00005980,103691270.50000000,5.9e-05
1749265095,0.00005984,95440.18000000,5.9e-05
1749265095,0.00005986,188672.30000000,5.9e-05
1749265095,0.00005987,2897982.99000000,5.9e-05
1749265095,0.00005988,375531.77000000,5.9e-05
1749265095,0.00005989,91235.89000000,5.9e-05
1749265095,0.00005990,103916875.69000000,5.9e-05
1749265095,0.00005993,106880.37000000,5.9e-05
1749265095,0.00005995,1643903.24000000,5.9e-05
1749265095,0.00005997,3593934.04000000,5.9e-05
1749265095,0.00005998,1591164.76000000,5.9e-05
1749265095,0.00005999,202833581.23000000,5.9e-05
1749265095,0.00006000,164134315.18000000,5.9e-05
1749265095,0.00006001,12856521.36000000,5.9e-05
1749265095,0.00006002,202931.64000000,5.9e-05
1749265095,0.00006003,192385.92000000,5.9e-05
1749265095,0.00006005,1665278.93000000,5.9e-05
1749265095,0.00006006,91396.99000000,5.9e-05
1749265095,0.00006007,225248.67000000,5.9e-05
1749265095,0.00006010,120268779.91000000,5.9e-05
1749265095,0.00006011,1065031.98000000,5.9e-05
1749265095,0.00006012,822602.88000000,5.9e-05
1749265095,0.00006013,91235.89000000,5.9e-05
1749265095,0.00006014,37154867.63000000,5.9e-05
1749265095,0.00006017,720950.09000000,5.9e-05
1749265095,0.00006020,104348301.98000000,5.9e-05
1749265095,0.00006021,99713.04000000,5.9e-05
1749265095,0.00006022,3050316.87000000,5.9e-05
1749265095,0.00006024,93606.72000000,5.9e-05
1749265095,0.00006025,4641008.54000000,5.9e-05
1749265095,0.00006026,110842.91000000,5.9e-05
1749265095,0.00006027,13008282.69000000,5.9e-05
1749265095,0.00006029,263571.26000000,5.9e-05
1749265095,0.00006030,110034908.78000000,5.9e-05
1749265095,0.00006031,429714.37000000,5.9e-05
1749265095,0.00006033,609563.05000000,5.9e-05
1749265095,0.00006035,92798.39000000,5.9e-05
1749265399,0.00005902,504505.07000000,5.899e-05
1749265399,0.00005903,657832.96000000,5.899e-05
1749265399,0.00005904,9254786.81000000,5.899e-05
1749265399,0.00005905,5917369.79000000,5.899e-05
1749265399,0.00005906,7060791.02000000,5.899e-05
1749265399,0.00005907,5169207.45000000,5.899e-05
1749265399,0.00005908,23702042.81000000,5.899e-05
1749265399,0.00005909,59348852.30000000,5.899e-05
1749265399,0.00005910,82079793.31000000,5.899e-05
1749265399,0.00005911,36890848.81000000,5.899e-05
1749265399,0.00005912,64266014.39000000,5.899e-05
1749265399,0.00005913,1262524.14000000,5.899e-05
1749265399,0.00005914,127043.29000000,5.899e-05
1749265399,0.00005915,12280094.90000000,5.899e-05
1749265399,0.00005916,3161880.80000000,5.899e-05
1749265399,0.00005918,11990407.67000000,5.899e-05
1749265399,0.00005919,43073486.93000000,5.899e-05
1749265399,0.00005920,15257607.19000000,5.899e-05
1749265399,0.00005922,127043.28000000,5.899e-05
1749265399,0.00005923,11990407.67000000,5.899e-05
1749265399,0.00005924,15307571.08000000,5.899e-05
1749265399,0.00005925,16117450.95000000,5.899e-05
1749265399,0.00005928,127043.28000000,5.899e-05
1749265399,0.00005930,12833577.99000000,5.899e-05
1749265399,0.00005931,222483.46000000,5.899e-05
1749265399,0.00005932,11956261.88000000,5.899e-05
1749265399,0.00005933,12084014.39000000,5.899e-05
1749265399,0.00005934,226756.32000000,5.899e-05
1749265399,0.00005935,11990407.67000000,5.899e-05
1749265399,0.00005936,8210422.81000000,5.899e-05
1749265399,0.00005937,327043.28000000,5.899e-05
1749265399,0.00005939,11990407.67000000,5.899e-05
1749265399,0.00005940,18872053.64000000,5.899e-05
1749265399,0.00005941,153958.18000000,5.899e-05
1749265399,0.00005942,205999.44000000,5.899e-05
1749265399,0.00005943,127043.28000000,5.899e-05
1749265399,0.00005944,546825.52000000,5.899e-05
1749265399,0.00005945,6786305.00000000,5.899e-05
1749265399,0.00005946,127043.28000000,5.899e-05
1749265399,0.00005948,260155059.49000000,5.899e-05
1749265399,0.00005949,3693059.85000000,5.899e-05
1749265399,0.00005950,86749678.45000000,5.899e-05
1749265399,0.00005951,2897982.99000000,5.899e-05
1749265399,0.00005952,452004.99000000,5.899e-05
1749265399,0.00005954,943553.24000000,5.899e-05
1749265399,0.00005955,100294969.40000000,5.899e-05
1749265399,0.00005958,127043.28000000,5.899e-05
1749265399,0.00005960,133823009.53000000,5.899e-05
1749265399,0.00005961,127064.81000000,5.899e-05
1749265399,0.00005963,88959.26000000,5.899e-05
1749265399,0.00005964,370623.82000000,5.899e-05
1749265399,0.00005965,8636229.09000000,5.899e-05
1749265399,0.00005966,20339254.36000000,5.899e-05
1749265399,0.00005967,127000.26000000,5.899e-05
1749265399,0.00005969,252949.02000000,5.899e-05
1749265399,0.00005970,100837520.93000000,5.899e-05
1749265399,0.00005972,200000.00000000,5.899e-05
1749265399,0.00005974,8369601.60000000,5.899e-05
1749265399,0.00005975,13415084.41000000,5.899e-05
1749265399,0.00005977,833915.80000000,5.899e-05
1749265399,0.00005979,93606.72000000,5.899e-05
1749265399,0.00005980,103691270.50000000,5.899e-05
1749265399,0.00005984,95440.18000000,5.899e-05
1749265399,0.00005986,188672.30000000,5.899e-05
1749265399,0.00005987,2897982.99000000,5.899e-05
1749265399,0.00005988,375531.77000000,5.899e-05
1749265399,0.00005989,91235.89000000,5.899e-05
1749265399,0.00005990,103916875.69000000,5.899e-05
1749265399,0.00005993,106880.37000000,5.899e-05
1749265399,0.00005995,1643903.24000000,5.899e-05
1749265399,0.00005997,3593934.04000000,5.899e-05
1749265399,0.00005998,1591164.76000000,5.899e-05
1749265399,0.00005999,202833581.23000000,5.899e-05
1749265399,0.00006000,164134315.18000000,5.899e-05
1749265399,0.00006001,12856521.36000000,5.899e-05
1749265399,0.00006002,202931.64000000,5.899e-05
1749265399,0.00006003,192385.92000000,5.899e-05
1749265399,0.00006005,1665278.93000000,5.899e-05
1749265399,0.00006006,91396.99000000,5.899e-05
1749265399,0.00006007,225248.67000000,5.899e-05
1749265399,0.00006010,120268779.91000000,5.899e-05
1749265399,0.00006011,1065031.98000000,5.899e-05
1749265399,0.00006012,822602.88000000,5.899e-05
1749265399,0.00006013,91235.89000000,5.899e-05
1749265399,0.00006014,37154867.63000000,5.899e-05
1749265399,0.00006017,720950.09000000,5.899e-05
1749265399,0.00006020,104348301.98000000,5.899e-05
1749265399,0.00006021,99713.04000000,5.899e-05
1749265399,0.00006022,3050316.87000000,5.899e-05
1749265399,0.00006024,93606.72000000,5.899e-05
1749265399,0.00006025,4641008.54000000,5.899e-05
1749265399,0.00006026,110842.91000000,5.899e-05
1749265399,0.00006027,13008282.69000000,5.899e-05
1749265399,0.00006029,263571.26000000,5.899e-05
1749265399,0.00006030,110034908.78000000,5.899e-05
1749265399,0.00006031,429714.37000000,5.899e-05
1749265399,0.00006033,609563.05000000,5.899e-05
1749265399,0.00006035,92798.39000000,5.899e-05
1749265399,0.00006036,1802872.43000000,5.899e-05
1749265399,0.00006037,91235.89000000,5.899e-05
1749265706,0.00005905,3207042.42000000,5.904e-05
1749265706,0.00005906,4798762.08000000,5.904e-05
1749265706,0.00005907,12284227.38000000,5.904e-05
1749265706,0.00005908,6708238.94000000,5.904e-05
1749265706,0.00005909,25883954.80000000,5.904e-05
1749265706,0.00005910,80212297.00000000,5.904e-05
1749265706,0.00005911,3606384.32000000,5.904e-05
1749265706,0.00005912,1296122.23000000,5.904e-05
1749265706,0.00005913,5200251.66000000,5.904e-05
1749265706,0.00005914,28187043.53000000,5.904e-05
1749265706,0.00005915,72800623.99000000,5.904e-05
1749265706,0.00005916,70203675.16000000,5.904e-05
1749265706,0.00005917,4684949.78000000,5.904e-05
1749265706,0.00005918,12117354.19000000,5.904e-05
1749265706,0.00005919,5903118.76000000,5.904e-05
1749265706,0.00005920,58828278.23000000,5.904e-05
1749265706,0.00005921,1114322.39000000,5.904e-05
1749265706,0.00005922,1665289.02000000,5.904e-05
1749265706,0.00005923,11990407.67000000,5.904e-05
1749265706,0.00005924,13294008.72000000,5.904e-05
1749265706,0.00005925,16117450.95000000,5.904e-05
1749265706,0.00005928,13367015.88000000,5.904e-05
1749265706,0.00005930,12833577.99000000,5.904e-05
1749265706,0.00005931,222483.46000000,5.904e-05
1749265706,0.00005932,92672.88000000,5.904e-05
1749265706,0.00005933,12084014.39000000,5.904e-05
1749265706,0.00005934,2261392.27000000,5.904e-05
1749265706,0.00005935,11990407.67000000,5.904e-05
1749265706,0.00005937,327043.28000000,5.904e-05
1749265706,0.00005939,12431796.79000000,5.904e-05
1749265706,0.00005940,3426801.15000000,5.904e-05
1749265706,0.00005941,153958.18000000,5.904e-05
1749265706,0.00005942,205999.44000000,5.904e-05
1749265706,0.00005943,8134571.21000000,5.904e-05
1749265706,0.00005944,12537233.19000000,5.904e-05
1749265706,0.00005945,6786305.00000000,5.904e-05
1749265706,0.00005946,127043.28000000,5.904e-05
1749265706,0.00005947,11990407.67000000,5.904e-05
1749265706,0.00005948,271408479.00000000,5.904e-05
1749265706,0.00005949,3693059.85000000,5.904e-05
1749265706,0.00005950,86749678.45000000,5.904e-05
1749265706,0.00005951,2897982.99000000,5.904e-05
1749265706,0.00005952,452004.99000000,5.904e-05
1749265706,0.00005954,943553.24000000,5.904e-05
1749265706,0.00005955,115740221.89000000,5.904e-05
1749265706,0.00005958,127043.28000000,5.904e-05
1749265706,0.00005959,609446.42000000,5.904e-05
1749265706,0.00005960,133823009.53000000,5.904e-05
1749265706,0.00005961,127064.81000000,5.904e-05
1749265706,0.00005963,88959.26000000,5.904e-05
1749265706,0.00005964,370623.82000000,5.904e-05
1749265706,0.00005965,8636229.09000000,5.904e-05
1749265706,0.00005967,127000.26000000,5.904e-05
1749265706,0.00005969,252949.02000000,5.904e-05
1749265706,0.00005970,100964445.96000000,5.904e-05
1749265706,0.00005972,200000.00000000,5.904e-05
1749265706,0.00005974,8369601.60000000,5.904e-05
1749265706,0.00005975,13415084.41000000,5.904e-05
1749265706,0.00005977,833915.80000000,5.904e-05
1749265706,0.00005978,20164319.92000000,5.904e-05
1749265706,0.00005979,93606.72000000,5.904e-05
1749265706,0.00005980,103691270.50000000,5.904e-05
1749265706,0.00005984,95440.18000000,5.904e-05
1749265706,0.00005986,188672.30000000,5.904e-05
1749265706,0.00005987,2897982.99000000,5.904e-05
1749265706,0.00005988,375531.77000000,5.904e-05
1749265706,0.00005989,91235.89000000,5.904e-05
1749265706,0.00005990,103916875.69000000,5.904e-05
1749265706,0.00005993,106880.37000000,5.904e-05
1749265706,0.00005995,1643903.24000000,5.904e-05
1749265706,0.00005997,3593934.04000000,5.904e-05
1749265706,0.00005998,352495.09000000,5.904e-05
1749265706,0.00005999,203940035.90000000,5.904e-05
1749265706,0.00006000,164134315.18000000,5.904e-05
1749265706,0.00006001,12856521.36000000,5.904e-05
1749265706,0.00006002,202931.64000000,5.904e-05
1749265706,0.00006003,192385.92000000,5.904e-05
1749265706,0.00006005,1665278.93000000,5.904e-05
1749265706,0.00006006,91396.99000000,5.904e-05
1749265706,0.00006007,225248.67000000,5.904e-05
1749265706,0.00006010,120268779.91000000,5.904e-05
1749265706,0.00006011,1065031.98000000,5.904e-05
1749265706,0.00006012,822602.88000000,5.904e-05
1749265706,0.00006013,91235.89000000,5.904e-05
1749265706,0.00006017,720950.09000000,5.904e-05
1749265706,0.00006020,104348301.98000000,5.904e-05
1749265706,0.00006021,99713.04000000,5.904e-05
1749265706,0.00006022,3199768.88000000,5.904e-05
1749265706,0.00006024,93606.72000000,5.904e-05
1749265706,0.00006025,4641008.54000000,5.904e-05
1749265706,0.00006026,110842.91000000,5.904e-05
1749265706,0.00006027,13008282.69000000,5.904e-05
1749265706,0.00006029,263571.26000000,5.904e-05
1749265706,0.00006030,110034908.78000000,5.904e-05
1749265706,0.00006031,429714.37000000,5.904e-05
1749265706,0.00006033,609563.05000000,5.904e-05
1749265706,0.00006035,92798.39000000,5.904e-05
1749265706,0.00006036,1802872.43000000,5.904e-05
1749265706,0.00006037,91235.89000000,5.904e-05
1749265706,0.00006038,36737432.27000000,5.904e-05
1749266007,0.00005918,1839148.70000000,5.917e-05
1749266007,0.00005919,37461448.63000000,5.917e-05
1749266007,0.00005920,109783421.03000000,5.917e-05
1749266007,0.00005921,5484056.33000000,5.917e-05
1749266007,0.00005922,11155390.20000000,5.917e-05
1749266007,0.00005923,22577992.68000000,5.917e-05
1749266007,0.00005924,23684721.89000000,5.917e-05
1749266007,0.00005925,38606738.90000000,5.917e-05
1749266007,0.00005926,33585019.38000000,5.917e-05
1749266007,0.00005927,82946442.87000000,5.917e-05
1749266007,0.00005928,45567823.25000000,5.917e-05
1749266007,0.00005929,4966782.00000000,5.917e-05
1749266007,0.00005930,27788482.73000000,5.917e-05
1749266007,0.00005931,46128807.13000000,5.917e-05
1749266007,0.00005932,1082130.60000000,5.917e-05
1749266007,0.00005933,12084014.39000000,5.917e-05
1749266007,0.00005934,226756.32000000,5.917e-05
1749266007,0.00005935,11990407.67000000,5.917e-05
1749266007,0.00005937,327043.28000000,5.917e-05
1749266007,0.00005939,11990407.67000000,5.917e-05
1749266007,0.00005940,3426801.15000000,5.917e-05
1749266007,0.00005941,153958.18000000,5.917e-05
1749266007,0.00005942,205999.44000000,5.917e-05
1749266007,0.00005943,127043.28000000,5.917e-05
1749266007,0.00005944,14573238.81000000,5.917e-05
1749266007,0.00005945,200000.00000000,5.917e-05
1749266007,0.00005946,127043.28000000,5.917e-05
1749266007,0.00005947,11990407.67000000,5.917e-05
1749266007,0.00005948,271849868.12000000,5.917e-05
1749266007,0.00005949,15683467.52000000,5.917e-05
1749266007,0.00005950,86749678.45000000,5.917e-05
1749266007,0.00005951,2897982.99000000,5.917e-05
1749266007,0.00005952,452004.99000000,5.917e-05
1749266007,0.00005954,12933960.91000000,5.917e-05
1749266007,0.00005955,123734767.54000000,5.917e-05
1749266007,0.00005958,127043.28000000,5.917e-05
1749266007,0.00005959,11990407.67000000,5.917e-05
1749266007,0.00005960,133685912.81000000,5.917e-05
1749266007,0.00005961,127064.81000000,5.917e-05
1749266007,0.00005963,88959.26000000,5.917e-05
1749266007,0.00005964,6456016.90000000,5.917e-05
1749266007,0.00005965,8636229.09000000,5.917e-05
1749266007,0.00005967,127000.26000000,5.917e-05
1749266007,0.00005968,6586305.00000000,5.917e-05
1749266007,0.00005969,862086.08000000,5.917e-05
1749266007,0.00005970,100964445.96000000,5.917e-05
1749266007,0.00005972,200000.00000000,5.917e-05
1749266007,0.00005973,126914.30000000,5.917e-05
1749266007,0.00005974,8369601.60000000,5.917e-05
1749266007,0.00005975,13415084.41000000,5.917e-05
1749266007,0.00005976,126796.29000000,5.917e-05
1749266007,0.00005977,833915.80000000,5.917e-05
1749266007,0.00005978,20164319.92000000,5.917e-05
1749266007,0.00005979,829486.50000000,5.917e-05
1749266007,0.00005980,103691270.50000000,5.917e-05
1749266007,0.00005984,95440.18000000,5.917e-05
1749266007,0.00005986,325769.02000000,5.917e-05
1749266007,0.00005987,2897982.99000000,5.917e-05
1749266007,0.00005988,375531.77000000,5.917e-05
1749266007,0.00005989,91235.89000000,5.917e-05
1749266007,0.00005990,103916875.69000000,5.917e-05
1749266007,0.00005993,106880.37000000,5.917e-05
1749266007,0.00005995,1643903.24000000,5.917e-05
1749266007,0.00005998,352495.09000000,5.917e-05
1749266007,0.00005999,34169390.69000000,5.917e-05
1749266007,0.00006000,164134315.18000000,5.917e-05
1749266007,0.00006001,12856521.36000000,5.917e-05
1749266007,0.00006002,202931.64000000,5.917e-05
1749266007,0.00006003,192385.92000000,5.917e-05
1749266007,0.00006005,1665278.93000000,5.917e-05
1749266007,0.00006006,91396.99000000,5.917e-05
1749266007,0.00006007,225248.67000000,5.917e-05
1749266007,0.00006010,101952693.46000000,5.917e-05
1749266007,0.00006011,1065031.98000000,5.917e-05
1749266007,0.00006012,822602.88000000,5.917e-05
1749266007,0.00006013,3685169.93000000,5.917e-05
1749266007,0.00006017,720950.09000000,5.917e-05
1749266007,0.00006020,104348301.98000000,5.917e-05
1749266007,0.00006021,99713.04000000,5.917e-05
1749266007,0.00006022,3199768.88000000,5.917e-05
1749266007,0.00006024,93606.72000000,5.917e-05
1749266007,0.00006025,4641008.54000000,5.917e-05
1749266007,0.00006026,110842.91000000,5.917e-05
1749266007,0.00006027,31324369.14000000,5.917e-05
1749266007,0.00006029,263571.26000000,5.917e-05
1749266007,0.00006030,110034908.78000000,5.917e-05
1749266007,0.00006031,429714.37000000,5.917e-05
1749266007,0.00006033,609563.05000000,5.917e-05
1749266007,0.00006035,92798.39000000,5.917e-05
1749266007,0.00006036,1802872.43000000,5.917e-05
1749266007,0.00006037,91235.89000000,5.917e-05
1749266007,0.00006038,36737432.27000000,5.917e-05
1749266007,0.00006040,103588372.08000000,5.917e-05
1749266007,0.00006045,179749.47000000,5.917e-05
1749266007,0.00006046,199397.58000000,5.917e-05
1749266007,0.00006049,169176112.33000000,5.917e-05
1749266007,0.00006050,409435325.57000000,5.917e-05
1749266007,0.00006052,16660616.77000000,5.917e-05
1749266007,0.00006053,6334866.84000000,5.917e-05
1749266007,0.00006054,629288.54000000,5.917e-05
1749266309,0.00005924,3545804.61000000,5.927e-05
1749266309,0.00005925,893287.32000000,5.927e-05
1749266309,0.00005926,4147192.27000000,5.927e-05
1749266309,0.00005927,3904493.38000000,5.927e-05
1749266309,0.00005928,6868270.90000000,5.927e-05
1749266309,0.00005929,19182835.95000000,5.927e-05
1749266309,0.00005930,80993650.54000000,5.927e-05
1749266309,0.00005931,18734512.97000000,5.927e-05
1749266309,0.00005932,17900475.97000000,5.927e-05
1749266309,0.00005933,9138446.57000000,5.927e-05
1749266309,0.00005934,46166551.26000000,5.927e-05
1749266309,0.00005935,64351457.96000000,5.927e-05
1749266309,0.00005936,29809196.81000000,5.927e-05
1749266309,0.00005937,453753.88000000,5.927e-05
1749266309,0.00005938,12117118.27000000,5.927e-05
1749266309,0.00005939,126710.60000000,5.927e-05
1749266309,0.00005940,53966903.40000000,5.927e-05
1749266309,0.00005941,280401.75000000,5.927e-05
1749266309,0.00005942,12322850.68000000,5.927e-05
1749266309,0.00005943,127043.28000000,5.927e-05
1749266309,0.00005944,12537233.19000000,5.927e-05
1749266309,0.00005945,200000.00000000,5.927e-05
1749266309,0.00005946,1535295.63000000,5.927e-05
1749266309,0.00005947,11990407.67000000,5.927e-05
1749266309,0.00005948,261990555.38000000,5.927e-05
1749266309,0.00005949,15683467.52000000,5.927e-05
1749266309,0.00005950,86917745.67000000,5.927e-05
1749266309,0.00005951,2897982.99000000,5.927e-05
1749266309,0.00005952,452004.99000000,5.927e-05
1749266309,0.00005954,12933960.91000000,5.927e-05
1749266309,0.00005955,100294969.40000000,5.927e-05
1749266309,0.00005958,127043.28000000,5.927e-05
1749266309,0.00005959,20058920.46000000,5.927e-05
1749266309,0.00005960,134164859.33000000,5.927e-05
1749266309,0.00005961,127064.81000000,5.927e-05
1749266309,0.00005963,88959.26000000,5.927e-05
1749266309,0.00005964,12361031.49000000,5.927e-05
1749266309,0.00005965,8636229.09000000,5.927e-05
1749266309,0.00005966,11863589.00000000,5.927e-05
1749266309,0.00005967,127000.26000000,5.927e-05
1749266309,0.00005968,6586305.00000000,5.927e-05
1749266309,0.00005969,12243356.69000000,5.927e-05
1749266309,0.00005970,116409698.45000000,5.927e-05
1749266309,0.00005972,200000.00000000,5.927e-05
1749266309,0.00005973,126914.30000000,5.927e-05
1749266309,0.00005974,20360009.27000000,5.927e-05
1749266309,0.00005975,13415084.41000000,5.927e-05
1749266309,0.00005976,126796.29000000,5.927e-05
1749266309,0.00005977,950192.39000000,5.927e-05
1749266309,0.00005979,12210757.11000000,5.927e-05
1749266309,0.00005980,103691270.50000000,5.927e-05
1749266309,0.00005982,126742.72000000,5.927e-05
1749266309,0.00005984,12085847.85000000,5.927e-05
1749266309,0.00005985,126710.60000000,5.927e-05
1749266309,0.00005986,325769.02000000,5.927e-05
1749266309,0.00005987,2897982.99000000,5.927e-05
1749266309,0.00005988,502242.37000000,5.927e-05
1749266309,0.00005989,698420.91000000,5.927e-05
1749266309,0.00005990,102290614.72000000,5.927e-05
1749266309,0.00005991,126443.57000000,5.927e-05
1749266309,0.00005993,106880.37000000,5.927e-05
1749266309,0.00005995,1643903.24000000,5.927e-05
1749266309,0.00005998,20649963.82000000,5.927e-05
1749266309,0.00005999,34150094.17000000,5.927e-05
1749266309,0.00006000,164134315.18000000,5.927e-05
1749266309,0.00006001,12856521.36000000,5.927e-05
1749266309,0.00006002,202931.64000000,5.927e-05
1749266309,0.00006003,192385.92000000,5.927e-05
1749266309,0.00006005,1665278.93000000,5.927e-05
1749266309,0.00006006,91396.99000000,5.927e-05
1749266309,0.00006007,225248.67000000,5.927e-05
1749266309,0.00006009,624051.27000000,5.927e-05
1749266309,0.00006010,101952693.46000000,5.927e-05
1749266309,0.00006011,1065031.98000000,5.927e-05
1749266309,0.00006012,84165.00000000,5.927e-05
1749266309,0.00006013,3685169.93000000,5.927e-05
1749266309,0.00006015,755819.99000000,5.927e-05
1749266309,0.00006016,870440.98000000,5.927e-05
1749266309,0.00006020,104348301.98000000,5.927e-05
1749266309,0.00006021,99713.04000000,5.927e-05
1749266309,0.00006022,3199768.88000000,5.927e-05
1749266309,0.00006024,93606.72000000,5.927e-05
1749266309,0.00006025,4641008.54000000,5.927e-05
1749266309,0.00006026,110842.91000000,5.927e-05
1749266309,0.00006027,31324369.14000000,5.927e-05
1749266309,0.00006029,263571.26000000,5.927e-05
1749266309,0.00006030,110034908.78000000,5.927e-05
1749266309,0.00006031,429714.37000000,5.927e-05
1749266309,0.00006032,122090.42000000,5.927e-05
1749266309,0.00006033,609563.05000000,5.927e-05
1749266309,0.00006035,831236.27000000,5.927e-05
1749266309,0.00006036,1802872.43000000,5.927e-05
1749266309,0.00006037,91235.89000000,5.927e-05
1749266309,0.00006038,36737432.27000000,5.927e-05
1749266309,0.00006040,104309322.17000000,5.927e-05
1749266309,0.00006045,179749.47000000,5.927e-05
1749266309,0.00006046,199397.58000000,5.927e-05
1749266309,0.00006049,169176112.33000000,5.927e-05
1749266309,0.00006050,409435325.57000000,5.927e-05
1749266309,0.00006052,16660616.77000000,5.927e-05
1749266620,0.00005940,2218203.10000000,5.938e-05
1749266620,0.00005941,1335562.49000000,5.938e-05
1749266620,0.00005942,9387486.63000000,5.938e-05
1749266620,0.00005943,1280596.25000000,5.938e-05
1749266620,0.00005944,11972414.98000000,5.938e-05
1749266620,0.00005945,41384994.14000000,5.938e-05
1749266620,0.00005946,78999876.37000000,5.938e-05
1749266620,0.00005947,119621909.55000000,5.938e-05
1749266620,0.00005948,310563211.58000000,5.938e-05
1749266620,0.00005949,77757583.98000000,5.938e-05
1749266620,0.00005950,155218809.30000000,5.938e-05
1749266620,0.00005951,51714454.22000000,5.938e-05
1749266620,0.00005952,98744601.87000000,5.938e-05
1749266620,0.00005953,73604970.54000000,5.938e-05
1749266620,0.00005954,56033535.02000000,5.938e-05
1749266620,0.00005955,202663029.75000000,5.938e-05
1749266620,0.00005956,78303634.26000000,5.938e-05
1749266620,0.00005957,1043928.84000000,5.938e-05
1749266620,0.00005958,2564191.73000000,5.938e-05
1749266620,0.00005959,13023412.83000000,5.938e-05
1749266620,0.00005960,133685912.81000000,5.938e-05
1749266620,0.00005961,127064.81000000,5.938e-05
1749266620,0.00005963,88959.26000000,5.938e-05
1749266620,0.00005964,12361031.49000000,5.938e-05
1749266620,0.00005965,8636229.09000000,5.938e-05
1749266620,0.00005966,13900995.88000000,5.938e-05
1749266620,0.00005967,12117407.93000000,5.938e-05
1749266620,0.00005969,12243356.69000000,5.938e-05
1749266620,0.00005970,116409698.45000000,5.938e-05
1749266620,0.00005972,200000.00000000,5.938e-05
1749266620,0.00005973,10173735.43000000,5.938e-05
1749266620,0.00005974,20360009.27000000,5.938e-05
1749266620,0.00005975,13415084.41000000,5.938e-05
1749266620,0.00005976,126796.29000000,5.938e-05
1749266620,0.00005977,950192.39000000,5.938e-05
1749266620,0.00005978,8137181.40000000,5.938e-05
1749266620,0.00005979,12210757.11000000,5.938e-05
1749266620,0.00005980,103691270.50000000,5.938e-05
1749266620,0.00005982,126742.72000000,5.938e-05
1749266620,0.00005984,12085847.85000000,5.938e-05
1749266620,0.00005985,6179287.18000000,5.938e-05
1749266620,0.00005986,188672.30000000,5.938e-05
1749266620,0.00005987,2897982.99000000,5.938e-05
1749266620,0.00005988,978499.14000000,5.938e-05
1749266620,0.00005989,12671464.93000000,5.938e-05
1749266620,0.00005990,102290614.72000000,5.938e-05
1749266620,0.00005991,126443.57000000,5.938e-05
1749266620,0.00005993,106880.37000000,5.938e-05
1749266620,0.00005994,18703049.74000000,5.938e-05
1749266620,0.00005995,1643903.24000000,5.938e-05
1749266620,0.00005997,126337.07000000,5.938e-05
1749266620,0.00005998,12342902.76000000,5.938e-05
1749266620,0.00005999,33542909.15000000,5.938e-05
1749266620,0.00006000,164866623.66000000,5.938e-05
1749266620,0.00006001,12856521.36000000,5.938e-05
1749266620,0.00006002,202931.64000000,5.938e-05
1749266620,0.00006003,318531.75000000,5.938e-05
1749266620,0.00006005,1665278.93000000,5.938e-05
1749266620,0.00006006,217542.82000000,5.938e-05
1749266620,0.00006007,225248.67000000,5.938e-05
1749266620,0.00006010,101952693.46000000,5.938e-05
1749266620,0.00006011,21439100.77000000,5.938e-05
1749266620,0.00006012,84165.00000000,5.938e-05
1749266620,0.00006013,91235.89000000,5.938e-05
1749266620,0.00006016,137096.72000000,5.938e-05
1749266620,0.00006019,624051.27000000,5.938e-05
1749266620,0.00006020,104348301.98000000,5.938e-05
1749266620,0.00006021,99713.04000000,5.938e-05
1749266620,0.00006022,3199768.88000000,5.938e-05
1749266620,0.00006024,93606.72000000,5.938e-05
1749266620,0.00006025,4641008.54000000,5.938e-05
1749266620,0.00006026,110842.91000000,5.938e-05
1749266620,0.00006027,13008282.69000000,5.938e-05
1749266620,0.00006029,3857505.30000000,5.938e-05
1749266620,0.00006030,110034908.78000000,5.938e-05
1749266620,0.00006031,429714.37000000,5.938e-05
1749266620,0.00006032,122090.42000000,5.938e-05
1749266620,0.00006033,609563.05000000,5.938e-05
1749266620,0.00006035,92798.39000000,5.938e-05
1749266620,0.00006036,3429133.40000000,5.938e-05
1749266620,0.00006037,91235.89000000,5.938e-05
1749266620,0.00006038,99713.04000000,5.938e-05
1749266620,0.00006040,103588372.08000000,5.938e-05
1749266620,0.00006045,18495835.92000000,5.938e-05
1749266620,0.00006046,199397.58000000,5.938e-05
1749266620,0.00006050,409435325.57000000,5.938e-05
1749266620,0.00006052,16660616.77000000,5.938e-05
1749266620,0.00006053,6334866.84000000,5.938e-05
1749266620,0.00006054,629288.54000000,5.938e-05
1749266620,0.00006055,99713.04000000,5.938e-05
1749266620,0.00006056,239993.86000000,5.938e-05
1749266620,0.00006057,3636420.87000000,5.938e-05
1749266620,0.00006058,202043.21000000,5.938e-05
1749266620,0.00006059,423724.30000000,5.938e-05
1749266620,0.00006060,8573046.56000000,5.938e-05
1749266620,0.00006061,4061424.10000000,5.938e-05
1749266620,0.00006062,2987293.80000000,5.938e-05
1749266620,0.00006063,36919910.02000000,5.938e-05
1749266620,0.00006070,1925715.44000000,5.938e-05
1749266620,0.00006072,840336.13000000,5.938e-05
1749266922,0.00005937,3298517.28000000,5.937e-05
1749266922,0.00005938,8004870.52000000,5.937e-05
1749266922,0.00005939,13954560.48000000,5.937e-05
1749266922,0.00005940,17939698.95000000,5.937e-05
1749266922,0.00005941,22182102.89000000,5.937e-05
1749266922,0.00005942,1156970.38000000,5.937e-05
1749266922,0.00005943,14112545.56000000,5.937e-05
1749266922,0.00005944,44580467.37000000,5.937e-05
1749266922,0.00005945,58717378.82000000,5.937e-05
1749266922,0.00005946,172667965.25000000,5.937e-05
