timestamp,price,volume,current_price
1749260652,0.27260000,12267.00000000,0.2725
1749260652,0.27270000,11532.00000000,0.2725
1749260652,0.27280000,29928.00000000,0.2725
1749260652,0.27290000,37456.00000000,0.2725
1749260652,0.27300000,19561.00000000,0.2725
1749260652,0.27310000,20678.00000000,0.2725
1749260652,0.27320000,3335.00000000,0.2725
1749260652,0.27330000,5843.00000000,0.2725
1749260652,0.27340000,3550.00000000,0.2725
1749260652,0.27350000,4130.00000000,0.2725
1749260652,0.27360000,3374.00000000,0.2725
1749260652,0.27370000,13202.00000000,0.2725
1749260652,0.27380000,1370.00000000,0.2725
1749260652,0.27390000,8576.00000000,0.2725
1749260652,0.27400000,2964.00000000,0.2725
1749260652,0.27410000,3643.00000000,0.2725
1749260652,0.27420000,883.00000000,0.2725
1749260652,0.27430000,3643.00000000,0.2725
1749260652,0.27440000,37310.00000000,0.2725
1749260652,0.27450000,197.00000000,0.2725
1749260652,0.27460000,2788.00000000,0.2725
1749260652,0.27470000,49.00000000,0.2725
1749260652,0.27480000,328.00000000,0.2725
1749260652,0.27490000,2936.00000000,0.2725
1749260652,0.27500000,147.00000000,0.2725
1749260652,0.27510000,705.00000000,0.2725
1749260652,0.27520000,3603.00000000,0.2725
1749260652,0.27530000,28.00000000,0.2725
1749260652,0.27540000,4785.00000000,0.2725
1749260652,0.27550000,2788.00000000,0.2725
1749260652,0.27560000,28.00000000,0.2725
1749260652,0.27570000,28.00000000,0.2725
1749260652,0.27580000,2788.00000000,0.2725
1749260652,0.27600000,1656.00000000,0.2725
1749260652,0.27610000,185.00000000,0.2725
1749260652,0.27620000,2760.00000000,0.2725
1749260652,0.27640000,146.00000000,0.2725
1749260652,0.27660000,3040.00000000,0.2725
1749260652,0.27670000,5001.00000000,0.2725
1749260652,0.27680000,22.00000000,0.2725
1749260652,0.27700000,2833.00000000,0.2725
1749260652,0.27730000,23.00000000,0.2725
1749260652,0.27740000,2760.00000000,0.2725
1749260652,0.27750000,2926.00000000,0.2725
1749260652,0.27760000,19.00000000,0.2725
1749260652,0.27780000,3867.00000000,0.2725
1749260652,0.27800000,2490.00000000,0.2725
1749260652,0.27820000,485.00000000,0.2725
1749260652,0.27830000,82.00000000,0.2725
1749260652,0.27880000,201.00000000,0.2725
1749260652,0.27910000,41.00000000,0.2725
1749260652,0.27930000,29.00000000,0.2725
1749260652,0.27940000,35.00000000,0.2725
1749260652,0.27950000,959.00000000,0.2725
1749260652,0.27960000,492.00000000,0.2725
1749260652,0.28000000,3678.00000000,0.2725
1749260652,0.28030000,183.00000000,0.2725
1749260652,0.28040000,924.00000000,0.2725
1749260652,0.28050000,31.00000000,0.2725
1749260652,0.28110000,28.00000000,0.2725
1749260652,0.28120000,41.00000000,0.2725
1749260652,0.28150000,19.00000000,0.2725
1749260652,0.28160000,44.00000000,0.2725
1749260652,0.28220000,69.00000000,0.2725
1749260652,0.28230000,64.00000000,0.2725
1749260652,0.28250000,20.00000000,0.2725
1749260652,0.28310000,24.00000000,0.2725
1749260652,0.28330000,62.00000000,0.2725
1749260652,0.28340000,171.00000000,0.2725
1749260652,0.28350000,176.00000000,0.2725
1749260652,0.28370000,100.00000000,0.2725
1749260652,0.28400000,1031.00000000,0.2725
1749260652,0.28430000,82.00000000,0.2725
1749260652,0.28450000,266.00000000,0.2725
1749260652,0.28460000,180.00000000,0.2725
1749260652,0.28490000,352.00000000,0.2725
1749260652,0.28500000,636.00000000,0.2725
1749260652,0.28540000,60.00000000,0.2725
1749260652,0.28560000,78.00000000,0.2725
1749260652,0.28580000,47.00000000,0.2725
1749260652,0.28600000,65.00000000,0.2725
1749260652,0.28620000,37.00000000,0.2725
1749260652,0.28660000,85.00000000,0.2725
1749260652,0.28700000,356.00000000,0.2725
1749260652,0.28720000,20.00000000,0.2725
1749260652,0.28750000,61.00000000,0.2725
1749260652,0.28760000,54.00000000,0.2725
1749260652,0.28790000,28.00000000,0.2725
1749260652,0.28800000,43.00000000,0.2725
1749260652,0.28810000,52.00000000,0.2725
1749260652,0.28820000,20.00000000,0.2725
1749260652,0.28830000,21.00000000,0.2725
1749260652,0.28840000,24.00000000,0.2725
1749260652,0.28890000,136.00000000,0.2725
1749260652,0.28900000,197.00000000,0.2725
1749260652,0.28940000,19.00000000,0.2725
1749260652,0.28950000,477.00000000,0.2725
1749260652,0.28990000,52.00000000,0.2725
1749260652,0.29000000,3620.00000000,0.2725
1749260652,0.29010000,23.00000000,0.2725
1749260766,0.27280000,3373.00000000,0.2727
1749260766,0.27290000,10515.00000000,0.2727
1749260766,0.27300000,13350.00000000,0.2727
1749260766,0.27310000,32147.00000000,0.2727
1749260766,0.27320000,28109.00000000,0.2727
1749260766,0.27330000,21541.00000000,0.2727
1749260766,0.27340000,20174.00000000,0.2727
1749260766,0.27350000,16530.00000000,0.2727
1749260766,0.27360000,1796.00000000,0.2727
1749260766,0.27370000,4130.00000000,0.2727
1749260766,0.27380000,1370.00000000,0.2727
1749260766,0.27390000,6016.00000000,0.2727
1749260766,0.27400000,2384.00000000,0.2727
1749260766,0.27410000,4101.00000000,0.2727
1749260766,0.27420000,3933.00000000,0.2727
1749260766,0.27430000,5679.00000000,0.2727
1749260766,0.27440000,9325.00000000,0.2727
1749260766,0.27450000,1052.00000000,0.2727
1749260766,0.27460000,3643.00000000,0.2727
1749260766,0.27470000,49.00000000,0.2727
1749260766,0.27480000,328.00000000,0.2727
1749260766,0.27490000,39291.00000000,0.2727
1749260766,0.27500000,755.00000000,0.2727
1749260766,0.27510000,705.00000000,0.2727
1749260766,0.27520000,3603.00000000,0.2727
1749260766,0.27530000,28.00000000,0.2727
1749260766,0.27540000,4785.00000000,0.2727
1749260766,0.27550000,2788.00000000,0.2727
1749260766,0.27560000,28.00000000,0.2727
1749260766,0.27570000,28.00000000,0.2727
1749260766,0.27580000,2788.00000000,0.2727
1749260766,0.27600000,1656.00000000,0.2727
1749260766,0.27610000,185.00000000,0.2727
1749260766,0.27620000,2760.00000000,0.2727
1749260766,0.27640000,146.00000000,0.2727
1749260766,0.27660000,3040.00000000,0.2727
1749260766,0.27670000,3453.00000000,0.2727
1749260766,0.27680000,22.00000000,0.2727
1749260766,0.27700000,2833.00000000,0.2727
1749260766,0.27730000,23.00000000,0.2727
1749260766,0.27740000,4308.00000000,0.2727
1749260766,0.27750000,1418.00000000,0.2727
1749260766,0.27760000,19.00000000,0.2727
1749260766,0.27780000,3867.00000000,0.2727
1749260766,0.27800000,2490.00000000,0.2727
1749260766,0.27820000,1993.00000000,0.2727
1749260766,0.27830000,82.00000000,0.2727
1749260766,0.27880000,201.00000000,0.2727
1749260766,0.27910000,41.00000000,0.2727
1749260766,0.27930000,29.00000000,0.2727
1749260766,0.27940000,35.00000000,0.2727
1749260766,0.27950000,959.00000000,0.2727
1749260766,0.27960000,492.00000000,0.2727
1749260766,0.28000000,3678.00000000,0.2727
1749260766,0.28030000,183.00000000,0.2727
1749260766,0.28040000,924.00000000,0.2727
1749260766,0.28050000,31.00000000,0.2727
1749260766,0.28110000,28.00000000,0.2727
1749260766,0.28120000,41.00000000,0.2727
1749260766,0.28150000,19.00000000,0.2727
1749260766,0.28160000,44.00000000,0.2727
1749260766,0.28220000,69.00000000,0.2727
1749260766,0.28230000,64.00000000,0.2727
1749260766,0.28250000,20.00000000,0.2727
1749260766,0.28310000,24.00000000,0.2727
1749260766,0.28330000,62.00000000,0.2727
1749260766,0.28340000,171.00000000,0.2727
1749260766,0.28350000,176.00000000,0.2727
1749260766,0.28370000,100.00000000,0.2727
1749260766,0.28400000,1031.00000000,0.2727
1749260766,0.28430000,82.00000000,0.2727
1749260766,0.28450000,266.00000000,0.2727
1749260766,0.28460000,180.00000000,0.2727
1749260766,0.28490000,352.00000000,0.2727
1749260766,0.28500000,636.00000000,0.2727
1749260766,0.28540000,60.00000000,0.2727
1749260766,0.28560000,78.00000000,0.2727
1749260766,0.28580000,47.00000000,0.2727
1749260766,0.28600000,65.00000000,0.2727
1749260766,0.28620000,37.00000000,0.2727
1749260766,0.28660000,85.00000000,0.2727
1749260766,0.28700000,356.00000000,0.2727
1749260766,0.28720000,20.00000000,0.2727
1749260766,0.28750000,61.00000000,0.2727
1749260766,0.28760000,54.00000000,0.2727
1749260766,0.28790000,28.00000000,0.2727
1749260766,0.28800000,43.00000000,0.2727
1749260766,0.28810000,52.00000000,0.2727
1749260766,0.28820000,20.00000000,0.2727
1749260766,0.28830000,21.00000000,0.2727
1749260766,0.28840000,24.00000000,0.2727
1749260766,0.28890000,136.00000000,0.2727
1749260766,0.28900000,197.00000000,0.2727
1749260766,0.28940000,19.00000000,0.2727
1749260766,0.28950000,477.00000000,0.2727
1749260766,0.28990000,52.00000000,0.2727
1749260766,0.29000000,3620.00000000,0.2727
1749260766,0.29010000,23.00000000,0.2727
1749260766,0.29020000,60.00000000,0.2727
1749260766,0.29040000,2011.00000000,0.2727
1749260963,0.27290000,9526.00000000,0.2732
1749260963,0.27300000,33467.00000000,0.2732
1749260963,0.27310000,21979.00000000,0.2732
1749260963,0.27320000,19151.00000000,0.2732
1749260963,0.27330000,17584.00000000,0.2732
1749260963,0.27340000,29303.00000000,0.2732
1749260963,0.27350000,6931.00000000,0.2732
1749260963,0.27360000,2476.00000000,0.2732
1749260963,0.27370000,4130.00000000,0.2732
1749260963,0.27380000,2057.00000000,0.2732
1749260963,0.27390000,4128.00000000,0.2732
1749260963,0.27400000,1369.00000000,0.2732
1749260963,0.27410000,4129.00000000,0.2732
1749260963,0.27420000,1369.00000000,0.2732
1749260963,0.27430000,5707.00000000,0.2732
1749260963,0.27440000,5830.00000000,0.2732
1749260963,0.27450000,1052.00000000,0.2732
1749260963,0.27460000,3643.00000000,0.2732
1749260963,0.27470000,8474.00000000,0.2732
1749260963,0.27480000,328.00000000,0.2732
1749260963,0.27490000,3951.00000000,0.2732
1749260963,0.27500000,37092.00000000,0.2732
1749260963,0.27510000,705.00000000,0.2732
1749260963,0.27520000,3603.00000000,0.2732
1749260963,0.27530000,28.00000000,0.2732
1749260963,0.27540000,28.00000000,0.2732
1749260963,0.27550000,2788.00000000,0.2732
1749260963,0.27560000,28.00000000,0.2732
1749260963,0.27570000,28.00000000,0.2732
1749260963,0.27580000,2788.00000000,0.2732
1749260963,0.27600000,6386.00000000,0.2732
1749260963,0.27610000,185.00000000,0.2732
1749260963,0.27620000,2760.00000000,0.2732
1749260963,0.27640000,146.00000000,0.2732
1749260963,0.27660000,3040.00000000,0.2732
1749260963,0.27670000,29.00000000,0.2732
1749260963,0.27680000,22.00000000,0.2732
1749260963,0.27700000,2833.00000000,0.2732
1749260963,0.27730000,3447.00000000,0.2732
1749260963,0.27740000,2760.00000000,0.2732
1749260963,0.27750000,1418.00000000,0.2732
1749260963,0.27760000,19.00000000,0.2732
1749260963,0.27780000,3867.00000000,0.2732
1749260963,0.27800000,2490.00000000,0.2732
1749260963,0.27810000,1548.00000000,0.2732
1749260963,0.27820000,1993.00000000,0.2732
1749260963,0.27830000,82.00000000,0.2732
1749260963,0.27880000,201.00000000,0.2732
1749260963,0.27910000,41.00000000,0.2732
1749260963,0.27930000,29.00000000,0.2732
1749260963,0.27940000,35.00000000,0.2732
1749260963,0.27950000,959.00000000,0.2732
1749260963,0.27960000,492.00000000,0.2732
1749260963,0.28000000,3678.00000000,0.2732
1749260963,0.28030000,183.00000000,0.2732
1749260963,0.28040000,924.00000000,0.2732
1749260963,0.28050000,31.00000000,0.2732
1749260963,0.28110000,28.00000000,0.2732
1749260963,0.28120000,41.00000000,0.2732
1749260963,0.28150000,19.00000000,0.2732
1749260963,0.28160000,44.00000000,0.2732
1749260963,0.28220000,69.00000000,0.2732
1749260963,0.28230000,64.00000000,0.2732
1749260963,0.28250000,20.00000000,0.2732
1749260963,0.28310000,24.00000000,0.2732
1749260963,0.28330000,62.00000000,0.2732
1749260963,0.28340000,171.00000000,0.2732
1749260963,0.28350000,176.00000000,0.2732
1749260963,0.28370000,100.00000000,0.2732
1749260963,0.28400000,1031.00000000,0.2732
1749260963,0.28430000,82.00000000,0.2732
1749260963,0.28450000,266.00000000,0.2732
1749260963,0.28460000,180.00000000,0.2732
1749260963,0.28490000,352.00000000,0.2732
1749260963,0.28500000,636.00000000,0.2732
1749260963,0.28540000,60.00000000,0.2732
1749260963,0.28560000,78.00000000,0.2732
1749260963,0.28580000,47.00000000,0.2732
1749260963,0.28600000,65.00000000,0.2732
1749260963,0.28620000,37.00000000,0.2732
1749260963,0.28660000,85.00000000,0.2732
1749260963,0.28700000,356.00000000,0.2732
1749260963,0.28720000,20.00000000,0.2732
1749260963,0.28750000,61.00000000,0.2732
1749260963,0.28760000,54.00000000,0.2732
1749260963,0.28790000,28.00000000,0.2732
1749260963,0.28800000,43.00000000,0.2732
1749260963,0.28810000,52.00000000,0.2732
1749260963,0.28820000,20.00000000,0.2732
1749260963,0.28830000,21.00000000,0.2732
1749260963,0.28840000,24.00000000,0.2732
1749260963,0.28890000,136.00000000,0.2732
1749260963,0.28900000,197.00000000,0.2732
1749260963,0.28940000,19.00000000,0.2732
1749260963,0.28950000,477.00000000,0.2732
1749260963,0.28990000,52.00000000,0.2732
1749260963,0.29000000,3620.00000000,0.2732
1749260963,0.29010000,23.00000000,0.2732
1749260963,0.29020000,60.00000000,0.2732
1749260963,0.29040000,2011.00000000,0.2732
1749261087,0.27300000,5366.00000000,0.2729
1749261087,0.27310000,11919.00000000,0.2729
1749261087,0.27320000,19520.00000000,0.2729
1749261087,0.27330000,19055.00000000,0.2729
1749261087,0.27340000,17093.00000000,0.2729
1749261087,0.27350000,22616.00000000,0.2729
1749261087,0.27360000,8044.00000000,0.2729
1749261087,0.27370000,34211.00000000,0.2729
1749261087,0.27380000,1370.00000000,0.2729
1749261087,0.27390000,4128.00000000,0.2729
1749261087,0.27400000,1369.00000000,0.2729
1749261087,0.27410000,4129.00000000,0.2729
1749261087,0.27420000,1369.00000000,0.2729
1749261087,0.27430000,5707.00000000,0.2729
1749261087,0.27440000,5830.00000000,0.2729
1749261087,0.27450000,1052.00000000,0.2729
1749261087,0.27460000,3643.00000000,0.2729
1749261087,0.27470000,8474.00000000,0.2729
1749261087,0.27480000,328.00000000,0.2729
1749261087,0.27490000,3951.00000000,0.2729
1749261087,0.27500000,37092.00000000,0.2729
1749261087,0.27510000,705.00000000,0.2729
1749261087,0.27520000,3603.00000000,0.2729
1749261087,0.27530000,28.00000000,0.2729
1749261087,0.27540000,28.00000000,0.2729
1749261087,0.27550000,2788.00000000,0.2729
1749261087,0.27560000,28.00000000,0.2729
1749261087,0.27570000,28.00000000,0.2729
1749261087,0.27580000,2788.00000000,0.2729
1749261087,0.27600000,6386.00000000,0.2729
1749261087,0.27610000,185.00000000,0.2729
1749261087,0.27620000,2760.00000000,0.2729
1749261087,0.27640000,146.00000000,0.2729
1749261087,0.27660000,3040.00000000,0.2729
1749261087,0.27670000,29.00000000,0.2729
1749261087,0.27680000,22.00000000,0.2729
1749261087,0.27700000,2833.00000000,0.2729
1749261087,0.27730000,3447.00000000,0.2729
1749261087,0.27740000,2760.00000000,0.2729
1749261087,0.27750000,1418.00000000,0.2729
1749261087,0.27760000,19.00000000,0.2729
1749261087,0.27780000,3867.00000000,0.2729
1749261087,0.27800000,2490.00000000,0.2729
1749261087,0.27810000,1548.00000000,0.2729
1749261087,0.27820000,1993.00000000,0.2729
1749261087,0.27830000,82.00000000,0.2729
1749261087,0.27880000,201.00000000,0.2729
1749261087,0.27910000,41.00000000,0.2729
1749261087,0.27930000,29.00000000,0.2729
1749261087,0.27940000,35.00000000,0.2729
1749261087,0.27950000,959.00000000,0.2729
1749261087,0.27960000,492.00000000,0.2729
1749261087,0.28000000,3678.00000000,0.2729
1749261087,0.28030000,183.00000000,0.2729
1749261087,0.28040000,924.00000000,0.2729
1749261087,0.28050000,31.00000000,0.2729
1749261087,0.28110000,28.00000000,0.2729
1749261087,0.28120000,41.00000000,0.2729
1749261087,0.28150000,19.00000000,0.2729
1749261087,0.28160000,44.00000000,0.2729
1749261087,0.28220000,69.00000000,0.2729
1749261087,0.28230000,64.00000000,0.2729
1749261087,0.28250000,20.00000000,0.2729
1749261087,0.28310000,24.00000000,0.2729
1749261087,0.28330000,62.00000000,0.2729
1749261087,0.28340000,171.00000000,0.2729
1749261087,0.28350000,176.00000000,0.2729
1749261087,0.28370000,100.00000000,0.2729
1749261087,0.28400000,1031.00000000,0.2729
1749261087,0.28430000,82.00000000,0.2729
1749261087,0.28450000,266.00000000,0.2729
1749261087,0.28460000,180.00000000,0.2729
1749261087,0.28490000,352.00000000,0.2729
1749261087,0.28500000,636.00000000,0.2729
1749261087,0.28540000,60.00000000,0.2729
1749261087,0.28560000,78.00000000,0.2729
1749261087,0.28580000,47.00000000,0.2729
1749261087,0.28600000,65.00000000,0.2729
1749261087,0.28620000,37.00000000,0.2729
1749261087,0.28660000,85.00000000,0.2729
1749261087,0.28700000,356.00000000,0.2729
1749261087,0.28720000,20.00000000,0.2729
1749261087,0.28750000,61.00000000,0.2729
1749261087,0.28760000,54.00000000,0.2729
1749261087,0.28790000,28.00000000,0.2729
1749261087,0.28800000,43.00000000,0.2729
1749261087,0.28810000,52.00000000,0.2729
1749261087,0.28820000,20.00000000,0.2729
1749261087,0.28830000,21.00000000,0.2729
1749261087,0.28840000,24.00000000,0.2729
1749261087,0.28890000,136.00000000,0.2729
1749261087,0.28900000,197.00000000,0.2729
1749261087,0.28940000,19.00000000,0.2729
1749261087,0.28950000,477.00000000,0.2729
1749261087,0.28990000,52.00000000,0.2729
1749261087,0.29000000,3620.00000000,0.2729
1749261087,0.29010000,23.00000000,0.2729
1749261087,0.29020000,60.00000000,0.2729
1749261087,0.29040000,2011.00000000,0.2729
1749261087,0.29060000,375.00000000,0.2729
1749261265,0.27290000,855.00000000,0.2729
1749261265,0.27300000,8003.00000000,0.2729
1749261265,0.27310000,22628.00000000,0.2729
1749261265,0.27320000,5869.00000000,0.2729
1749261265,0.27330000,33191.00000000,0.2729
1749261265,0.27340000,14230.00000000,0.2729
1749261265,0.27350000,19824.00000000,0.2729
1749261265,0.27360000,27791.00000000,0.2729
1749261265,0.27370000,8041.00000000,0.2729
1749261265,0.27380000,1370.00000000,0.2729
1749261265,0.27390000,4128.00000000,0.2729
1749261265,0.27400000,1369.00000000,0.2729
1749261265,0.27410000,4129.00000000,0.2729
1749261265,0.27420000,1369.00000000,0.2729
1749261265,0.27430000,5707.00000000,0.2729
1749261265,0.27440000,5830.00000000,0.2729
1749261265,0.27450000,1509.00000000,0.2729
1749261265,0.27460000,3643.00000000,0.2729
1749261265,0.27470000,49.00000000,0.2729
1749261265,0.27480000,8750.00000000,0.2729
1749261265,0.27490000,3951.00000000,0.2729
1749261265,0.27500000,37092.00000000,0.2729
1749261265,0.27510000,705.00000000,0.2729
1749261265,0.27520000,3603.00000000,0.2729
1749261265,0.27530000,28.00000000,0.2729
1749261265,0.27540000,28.00000000,0.2729
1749261265,0.27550000,2788.00000000,0.2729
1749261265,0.27560000,28.00000000,0.2729
1749261265,0.27570000,28.00000000,0.2729
1749261265,0.27580000,2788.00000000,0.2729
1749261265,0.27600000,6386.00000000,0.2729
1749261265,0.27610000,185.00000000,0.2729
1749261265,0.27620000,2760.00000000,0.2729
1749261265,0.27640000,146.00000000,0.2729
1749261265,0.27660000,3040.00000000,0.2729
1749261265,0.27670000,29.00000000,0.2729
1749261265,0.27680000,22.00000000,0.2729
1749261265,0.27700000,2833.00000000,0.2729
1749261265,0.27730000,3447.00000000,0.2729
1749261265,0.27740000,2760.00000000,0.2729
1749261265,0.27750000,1418.00000000,0.2729
1749261265,0.27760000,19.00000000,0.2729
1749261265,0.27780000,3867.00000000,0.2729
1749261265,0.27800000,2490.00000000,0.2729
1749261265,0.27810000,1548.00000000,0.2729
1749261265,0.27820000,1993.00000000,0.2729
1749261265,0.27830000,82.00000000,0.2729
1749261265,0.27880000,201.00000000,0.2729
1749261265,0.27910000,41.00000000,0.2729
1749261265,0.27930000,29.00000000,0.2729
1749261265,0.27940000,35.00000000,0.2729
1749261265,0.27950000,959.00000000,0.2729
1749261265,0.27960000,492.00000000,0.2729
1749261265,0.28000000,3678.00000000,0.2729
1749261265,0.28030000,183.00000000,0.2729
1749261265,0.28040000,924.00000000,0.2729
1749261265,0.28050000,31.00000000,0.2729
1749261265,0.28110000,28.00000000,0.2729
1749261265,0.28120000,41.00000000,0.2729
1749261265,0.28150000,19.00000000,0.2729
1749261265,0.28160000,44.00000000,0.2729
1749261265,0.28220000,69.00000000,0.2729
1749261265,0.28230000,64.00000000,0.2729
1749261265,0.28250000,20.00000000,0.2729
1749261265,0.28310000,24.00000000,0.2729
1749261265,0.28330000,62.00000000,0.2729
1749261265,0.28340000,171.00000000,0.2729
1749261265,0.28350000,176.00000000,0.2729
1749261265,0.28370000,100.00000000,0.2729
1749261265,0.28400000,1031.00000000,0.2729
1749261265,0.28430000,82.00000000,0.2729
1749261265,0.28450000,266.00000000,0.2729
1749261265,0.28460000,180.00000000,0.2729
1749261265,0.28490000,352.00000000,0.2729
1749261265,0.28500000,636.00000000,0.2729
1749261265,0.28540000,60.00000000,0.2729
1749261265,0.28560000,78.00000000,0.2729
1749261265,0.28580000,47.00000000,0.2729
1749261265,0.28600000,65.00000000,0.2729
1749261265,0.28620000,37.00000000,0.2729
1749261265,0.28660000,85.00000000,0.2729
1749261265,0.28700000,356.00000000,0.2729
1749261265,0.28720000,20.00000000,0.2729
1749261265,0.28750000,61.00000000,0.2729
1749261265,0.28760000,54.00000000,0.2729
1749261265,0.28790000,28.00000000,0.2729
1749261265,0.28800000,43.00000000,0.2729
1749261265,0.28810000,52.00000000,0.2729
1749261265,0.28820000,20.00000000,0.2729
1749261265,0.28830000,21.00000000,0.2729
1749261265,0.28840000,24.00000000,0.2729
1749261265,0.28890000,136.00000000,0.2729
1749261265,0.28900000,197.00000000,0.2729
1749261265,0.28940000,19.00000000,0.2729
1749261265,0.28950000,477.00000000,0.2729
1749261265,0.28990000,52.00000000,0.2729
1749261265,0.29000000,3620.00000000,0.2729
1749261265,0.29010000,23.00000000,0.2729
1749261265,0.29020000,60.00000000,0.2729
1749261265,0.29040000,2011.00000000,0.2729
1749261400,0.27310000,855.00000000,0.2732
1749261400,0.27320000,7371.00000000,0.2732
1749261400,0.27330000,9302.00000000,0.2732
1749261400,0.27340000,13939.00000000,0.2732
1749261400,0.27350000,21234.00000000,0.2732
1749261400,0.27360000,38348.00000000,0.2732
1749261400,0.27370000,11729.00000000,0.2732
1749261400,0.27380000,12668.00000000,0.2732
1749261400,0.27390000,20268.00000000,0.2732
1749261400,0.27400000,1368.00000000,0.2732
1749261400,0.27410000,3671.00000000,0.2732
1749261400,0.27420000,1368.00000000,0.2732
1749261400,0.27430000,5706.00000000,0.2732
1749261400,0.27440000,5430.00000000,0.2732
1749261400,0.27450000,1509.00000000,0.2732
1749261400,0.27460000,4100.00000000,0.2732
1749261400,0.27470000,3487.00000000,0.2732
1749261400,0.27480000,1640.00000000,0.2732
1749261400,0.27490000,12369.00000000,0.2732
1749261400,0.27500000,37092.00000000,0.2732
1749261400,0.27510000,705.00000000,0.2732
1749261400,0.27520000,3603.00000000,0.2732
1749261400,0.27530000,28.00000000,0.2732
1749261400,0.27540000,28.00000000,0.2732
1749261400,0.27550000,2788.00000000,0.2732
1749261400,0.27560000,28.00000000,0.2732
1749261400,0.27570000,28.00000000,0.2732
1749261400,0.27580000,2788.00000000,0.2732
1749261400,0.27600000,6386.00000000,0.2732
1749261400,0.27610000,185.00000000,0.2732
1749261400,0.27620000,2760.00000000,0.2732
1749261400,0.27640000,146.00000000,0.2732
1749261400,0.27660000,3040.00000000,0.2732
1749261400,0.27670000,29.00000000,0.2732
1749261400,0.27680000,22.00000000,0.2732
1749261400,0.27700000,2833.00000000,0.2732
1749261400,0.27730000,3447.00000000,0.2732
1749261400,0.27740000,2760.00000000,0.2732
1749261400,0.27750000,1418.00000000,0.2732
1749261400,0.27760000,19.00000000,0.2732
1749261400,0.27780000,3867.00000000,0.2732
1749261400,0.27800000,2490.00000000,0.2732
1749261400,0.27810000,1548.00000000,0.2732
1749261400,0.27820000,1993.00000000,0.2732
1749261400,0.27830000,82.00000000,0.2732
1749261400,0.27880000,201.00000000,0.2732
1749261400,0.27910000,41.00000000,0.2732
1749261400,0.27930000,29.00000000,0.2732
1749261400,0.27940000,35.00000000,0.2732
1749261400,0.27950000,959.00000000,0.2732
1749261400,0.27960000,492.00000000,0.2732
1749261400,0.28000000,3678.00000000,0.2732
1749261400,0.28030000,183.00000000,0.2732
1749261400,0.28040000,924.00000000,0.2732
1749261400,0.28050000,31.00000000,0.2732
1749261400,0.28110000,28.00000000,0.2732
1749261400,0.28120000,41.00000000,0.2732
1749261400,0.28150000,19.00000000,0.2732
1749261400,0.28160000,44.00000000,0.2732
1749261400,0.28220000,69.00000000,0.2732
1749261400,0.28230000,64.00000000,0.2732
1749261400,0.28250000,20.00000000,0.2732
1749261400,0.28310000,24.00000000,0.2732
1749261400,0.28330000,62.00000000,0.2732
1749261400,0.28340000,171.00000000,0.2732
1749261400,0.28350000,176.00000000,0.2732
1749261400,0.28370000,100.00000000,0.2732
1749261400,0.28400000,1031.00000000,0.2732
1749261400,0.28430000,82.00000000,0.2732
1749261400,0.28450000,266.00000000,0.2732
1749261400,0.28460000,180.00000000,0.2732
1749261400,0.28490000,352.00000000,0.2732
1749261400,0.28500000,636.00000000,0.2732
1749261400,0.28540000,60.00000000,0.2732
1749261400,0.28560000,78.00000000,0.2732
1749261400,0.28580000,47.00000000,0.2732
1749261400,0.28600000,65.00000000,0.2732
1749261400,0.28620000,37.00000000,0.2732
1749261400,0.28660000,85.00000000,0.2732
1749261400,0.28700000,356.00000000,0.2732
1749261400,0.28720000,20.00000000,0.2732
1749261400,0.28750000,61.00000000,0.2732
1749261400,0.28760000,54.00000000,0.2732
1749261400,0.28790000,28.00000000,0.2732
1749261400,0.28800000,43.00000000,0.2732
1749261400,0.28810000,52.00000000,0.2732
1749261400,0.28820000,20.00000000,0.2732
1749261400,0.28830000,21.00000000,0.2732
1749261400,0.28840000,24.00000000,0.2732
1749261400,0.28890000,136.00000000,0.2732
1749261400,0.28900000,197.00000000,0.2732
1749261400,0.28940000,19.00000000,0.2732
1749261400,0.28950000,477.00000000,0.2732
1749261400,0.28990000,52.00000000,0.2732
1749261400,0.29000000,3620.00000000,0.2732
1749261400,0.29010000,23.00000000,0.2732
1749261400,0.29020000,60.00000000,0.2732
1749261400,0.29040000,2011.00000000,0.2732
1749261400,0.29060000,375.00000000,0.2732
1749261400,0.29070000,550.00000000,0.2732
1749261566,0.27290000,13067.00000000,0.2729
1749261566,0.27300000,7092.00000000,0.2729
1749261566,0.27310000,10727.00000000,0.2729
1749261566,0.27320000,33585.00000000,0.2729
1749261566,0.27330000,24485.00000000,0.2729
1749261566,0.27340000,20239.00000000,0.2729
1749261566,0.27350000,7431.00000000,0.2729
1749261566,0.27360000,28457.00000000,0.2729
1749261566,0.27370000,103245.00000000,0.2729
1749261566,0.27380000,1368.00000000,0.2729
1749261566,0.27390000,4128.00000000,0.2729
1749261566,0.27400000,1368.00000000,0.2729
1749261566,0.27410000,3671.00000000,0.2729
1749261566,0.27420000,9809.00000000,0.2729
1749261566,0.27430000,5706.00000000,0.2729
1749261566,0.27440000,8007.00000000,0.2729
1749261566,0.27450000,1340.00000000,0.2729
1749261566,0.27460000,74746.00000000,0.2729
1749261566,0.27470000,49.00000000,0.2729
1749261566,0.27480000,328.00000000,0.2729
1749261566,0.27490000,3951.00000000,0.2729
1749261566,0.27500000,37092.00000000,0.2729
1749261566,0.27510000,705.00000000,0.2729
1749261566,0.27520000,3603.00000000,0.2729
1749261566,0.27530000,28.00000000,0.2729
1749261566,0.27540000,28.00000000,0.2729
1749261566,0.27550000,2788.00000000,0.2729
1749261566,0.27560000,28.00000000,0.2729
1749261566,0.27570000,28.00000000,0.2729
1749261566,0.27580000,2788.00000000,0.2729
1749261566,0.27590000,106654.00000000,0.2729
1749261566,0.27600000,6386.00000000,0.2729
1749261566,0.27610000,185.00000000,0.2729
1749261566,0.27620000,2760.00000000,0.2729
1749261566,0.27640000,146.00000000,0.2729
1749261566,0.27650000,106655.00000000,0.2729
1749261566,0.27660000,3040.00000000,0.2729
1749261566,0.27670000,29.00000000,0.2729
1749261566,0.27680000,22.00000000,0.2729
1749261566,0.27700000,2833.00000000,0.2729
1749261566,0.27730000,3447.00000000,0.2729
1749261566,0.27740000,2760.00000000,0.2729
1749261566,0.27750000,1418.00000000,0.2729
1749261566,0.27760000,19.00000000,0.2729
1749261566,0.27780000,3867.00000000,0.2729
1749261566,0.27800000,2490.00000000,0.2729
1749261566,0.27810000,1548.00000000,0.2729
1749261566,0.27820000,1993.00000000,0.2729
1749261566,0.27830000,82.00000000,0.2729
1749261566,0.27880000,201.00000000,0.2729
1749261566,0.27910000,41.00000000,0.2729
1749261566,0.27930000,29.00000000,0.2729
1749261566,0.27940000,35.00000000,0.2729
1749261566,0.27950000,959.00000000,0.2729
1749261566,0.27960000,492.00000000,0.2729
1749261566,0.28000000,3678.00000000,0.2729
1749261566,0.28030000,183.00000000,0.2729
1749261566,0.28040000,924.00000000,0.2729
1749261566,0.28050000,31.00000000,0.2729
1749261566,0.28110000,28.00000000,0.2729
1749261566,0.28120000,41.00000000,0.2729
1749261566,0.28150000,19.00000000,0.2729
1749261566,0.28160000,44.00000000,0.2729
1749261566,0.28220000,69.00000000,0.2729
1749261566,0.28230000,64.00000000,0.2729
1749261566,0.28250000,20.00000000,0.2729
1749261566,0.28310000,24.00000000,0.2729
1749261566,0.28330000,62.00000000,0.2729
1749261566,0.28340000,171.00000000,0.2729
1749261566,0.28350000,176.00000000,0.2729
1749261566,0.28370000,100.00000000,0.2729
1749261566,0.28400000,1031.00000000,0.2729
1749261566,0.28430000,82.00000000,0.2729
1749261566,0.28450000,266.00000000,0.2729
1749261566,0.28460000,180.00000000,0.2729
1749261566,0.28490000,352.00000000,0.2729
1749261566,0.28500000,636.00000000,0.2729
1749261566,0.28540000,60.00000000,0.2729
1749261566,0.28560000,78.00000000,0.2729
1749261566,0.28580000,47.00000000,0.2729
1749261566,0.28600000,65.00000000,0.2729
1749261566,0.28620000,37.00000000,0.2729
1749261566,0.28660000,85.00000000,0.2729
1749261566,0.28700000,356.00000000,0.2729
1749261566,0.28720000,20.00000000,0.2729
1749261566,0.28750000,61.00000000,0.2729
1749261566,0.28760000,54.00000000,0.2729
1749261566,0.28790000,28.00000000,0.2729
1749261566,0.28800000,43.00000000,0.2729
1749261566,0.28810000,52.00000000,0.2729
1749261566,0.28820000,20.00000000,0.2729
1749261566,0.28830000,21.00000000,0.2729
1749261566,0.28840000,24.00000000,0.2729
1749261566,0.28890000,136.00000000,0.2729
1749261566,0.28900000,197.00000000,0.2729
1749261566,0.28940000,19.00000000,0.2729
1749261566,0.28950000,477.00000000,0.2729
1749261566,0.28990000,52.00000000,0.2729
1749261566,0.29000000,3620.00000000,0.2729
1749261566,0.29010000,23.00000000,0.2729
1749261712,0.27250000,6958.00000000,0.2723
1749261712,0.27260000,7804.00000000,0.2723
1749261712,0.27270000,10671.00000000,0.2723
1749261712,0.27280000,18366.00000000,0.2723
1749261712,0.27290000,10633.00000000,0.2723
1749261712,0.27300000,29728.00000000,0.2723
1749261712,0.27310000,24541.00000000,0.2723
1749261712,0.27320000,10843.00000000,0.2723
1749261712,0.27330000,15251.00000000,0.2723
1749261712,0.27340000,6834.00000000,0.2723
1749261712,0.27350000,4128.00000000,0.2723
1749261712,0.27360000,3624.00000000,0.2723
1749261712,0.27370000,101460.00000000,0.2723
1749261712,0.27380000,9828.00000000,0.2723
1749261712,0.27390000,7081.00000000,0.2723
1749261712,0.27400000,1368.00000000,0.2723
1749261712,0.27410000,6249.00000000,0.2723
1749261712,0.27420000,911.00000000,0.2723
1749261712,0.27430000,5249.00000000,0.2723
1749261712,0.27440000,911.00000000,0.2723
1749261712,0.27450000,28.00000000,0.2723
1749261712,0.27460000,110285.00000000,0.2723
1749261712,0.27470000,904.00000000,0.2723
1749261712,0.27480000,328.00000000,0.2723
1749261712,0.27490000,4806.00000000,0.2723
1749261712,0.27500000,147.00000000,0.2723
1749261712,0.27510000,705.00000000,0.2723
1749261712,0.27520000,3603.00000000,0.2723
1749261712,0.27530000,28.00000000,0.2723
1749261712,0.27540000,28.00000000,0.2723
1749261712,0.27550000,2788.00000000,0.2723
1749261712,0.27560000,28.00000000,0.2723
1749261712,0.27570000,28.00000000,0.2723
1749261712,0.27580000,2788.00000000,0.2723
1749261712,0.27590000,106654.00000000,0.2723
1749261712,0.27600000,6386.00000000,0.2723
1749261712,0.27610000,185.00000000,0.2723
1749261712,0.27620000,2760.00000000,0.2723
1749261712,0.27640000,146.00000000,0.2723
1749261712,0.27650000,106655.00000000,0.2723
1749261712,0.27660000,3040.00000000,0.2723
1749261712,0.27670000,3453.00000000,0.2723
1749261712,0.27680000,22.00000000,0.2723
1749261712,0.27700000,2833.00000000,0.2723
1749261712,0.27730000,23.00000000,0.2723
1749261712,0.27740000,4308.00000000,0.2723
1749261712,0.27750000,1418.00000000,0.2723
1749261712,0.27760000,19.00000000,0.2723
1749261712,0.27780000,3867.00000000,0.2723
1749261712,0.27800000,2490.00000000,0.2723
1749261712,0.27820000,1993.00000000,0.2723
1749261712,0.27830000,82.00000000,0.2723
1749261712,0.27880000,201.00000000,0.2723
1749261712,0.27910000,41.00000000,0.2723
1749261712,0.27930000,29.00000000,0.2723
1749261712,0.27940000,35.00000000,0.2723
1749261712,0.27950000,959.00000000,0.2723
1749261712,0.27960000,492.00000000,0.2723
1749261712,0.28000000,3678.00000000,0.2723
1749261712,0.28030000,183.00000000,0.2723
1749261712,0.28040000,924.00000000,0.2723
1749261712,0.28050000,31.00000000,0.2723
1749261712,0.28110000,28.00000000,0.2723
1749261712,0.28120000,41.00000000,0.2723
1749261712,0.28150000,19.00000000,0.2723
1749261712,0.28160000,44.00000000,0.2723
1749261712,0.28220000,69.00000000,0.2723
1749261712,0.28230000,64.00000000,0.2723
1749261712,0.28250000,20.00000000,0.2723
1749261712,0.28310000,24.00000000,0.2723
1749261712,0.28330000,62.00000000,0.2723
1749261712,0.28340000,171.00000000,0.2723
1749261712,0.28350000,176.00000000,0.2723
1749261712,0.28370000,100.00000000,0.2723
1749261712,0.28400000,1031.00000000,0.2723
1749261712,0.28430000,82.00000000,0.2723
1749261712,0.28450000,266.00000000,0.2723
1749261712,0.28460000,180.00000000,0.2723
1749261712,0.28490000,352.00000000,0.2723
1749261712,0.28500000,636.00000000,0.2723
1749261712,0.28540000,60.00000000,0.2723
1749261712,0.28560000,78.00000000,0.2723
1749261712,0.28580000,47.00000000,0.2723
1749261712,0.28600000,65.00000000,0.2723
1749261712,0.28620000,37.00000000,0.2723
1749261712,0.28660000,85.00000000,0.2723
1749261712,0.28700000,356.00000000,0.2723
1749261712,0.28720000,20.00000000,0.2723
1749261712,0.28750000,61.00000000,0.2723
1749261712,0.28760000,54.00000000,0.2723
1749261712,0.28790000,28.00000000,0.2723
1749261712,0.28800000,43.00000000,0.2723
1749261712,0.28810000,52.00000000,0.2723
1749261712,0.28820000,20.00000000,0.2723
1749261712,0.28830000,21.00000000,0.2723
1749261712,0.28840000,24.00000000,0.2723
1749261712,0.28890000,136.00000000,0.2723
1749261712,0.28900000,197.00000000,0.2723
1749261712,0.28940000,19.00000000,0.2723
1749261712,0.28950000,477.00000000,0.2723
1749261873,0.27250000,6395.00000000,0.2722
1749261873,0.27260000,8564.00000000,0.2722
1749261873,0.27270000,15938.00000000,0.2722
1749261873,0.27280000,21274.00000000,0.2722
1749261873,0.27290000,17785.00000000,0.2722
1749261873,0.27300000,23245.00000000,0.2722
1749261873,0.27310000,21036.00000000,0.2722
1749261873,0.27320000,14136.00000000,0.2722
1749261873,0.27330000,11404.00000000,0.2722
1749261873,0.27340000,1368.00000000,0.2722
1749261873,0.27350000,4128.00000000,0.2722
1749261873,0.27360000,3624.00000000,0.2722
1749261873,0.27370000,109927.00000000,0.2722
1749261873,0.27380000,3954.00000000,0.2722
1749261873,0.27390000,7082.00000000,0.2722
1749261873,0.27400000,1926.00000000,0.2722
1749261873,0.27410000,3671.00000000,0.2722
1749261873,0.27420000,37335.00000000,0.2722
1749261873,0.27430000,5221.00000000,0.2722
1749261873,0.27440000,883.00000000,0.2722
1749261873,0.27450000,28.00000000,0.2722
1749261873,0.27460000,73891.00000000,0.2722
1749261873,0.27470000,904.00000000,0.2722
1749261873,0.27480000,328.00000000,0.2722
1749261873,0.27490000,3791.00000000,0.2722
1749261873,0.27500000,1002.00000000,0.2722
1749261873,0.27510000,705.00000000,0.2722
1749261873,0.27520000,3603.00000000,0.2722
1749261873,0.27530000,28.00000000,0.2722
1749261873,0.27540000,4746.00000000,0.2722
1749261873,0.27550000,2788.00000000,0.2722
1749261873,0.27560000,28.00000000,0.2722
1749261873,0.27570000,28.00000000,0.2722
1749261873,0.27580000,2788.00000000,0.2722
1749261873,0.27590000,106654.00000000,0.2722
1749261873,0.27600000,1656.00000000,0.2722
1749261873,0.27610000,185.00000000,0.2722
1749261873,0.27620000,2760.00000000,0.2722
1749261873,0.27640000,146.00000000,0.2722
1749261873,0.27650000,106655.00000000,0.2722
1749261873,0.27660000,3040.00000000,0.2722
1749261873,0.27670000,3453.00000000,0.2722
1749261873,0.27680000,22.00000000,0.2722
1749261873,0.27700000,2833.00000000,0.2722
1749261873,0.27730000,23.00000000,0.2722
1749261873,0.27740000,4308.00000000,0.2722
1749261873,0.27750000,1418.00000000,0.2722
1749261873,0.27760000,19.00000000,0.2722
1749261873,0.27780000,3867.00000000,0.2722
1749261873,0.27800000,2490.00000000,0.2722
1749261873,0.27820000,1993.00000000,0.2722
1749261873,0.27830000,82.00000000,0.2722
1749261873,0.27880000,201.00000000,0.2722
1749261873,0.27910000,41.00000000,0.2722
1749261873,0.27930000,29.00000000,0.2722
1749261873,0.27940000,35.00000000,0.2722
1749261873,0.27950000,959.00000000,0.2722
1749261873,0.27960000,492.00000000,0.2722
1749261873,0.28000000,3678.00000000,0.2722
1749261873,0.28030000,183.00000000,0.2722
1749261873,0.28040000,924.00000000,0.2722
1749261873,0.28050000,31.00000000,0.2722
1749261873,0.28110000,28.00000000,0.2722
1749261873,0.28120000,41.00000000,0.2722
1749261873,0.28150000,19.00000000,0.2722
1749261873,0.28160000,44.00000000,0.2722
1749261873,0.28220000,69.00000000,0.2722
1749261873,0.28230000,64.00000000,0.2722
1749261873,0.28250000,20.00000000,0.2722
1749261873,0.28310000,24.00000000,0.2722
1749261873,0.28330000,62.00000000,0.2722
1749261873,0.28340000,171.00000000,0.2722
1749261873,0.28350000,176.00000000,0.2722
1749261873,0.28370000,100.00000000,0.2722
1749261873,0.28400000,1031.00000000,0.2722
1749261873,0.28430000,82.00000000,0.2722
1749261873,0.28450000,266.00000000,0.2722
1749261873,0.28460000,180.00000000,0.2722
1749261873,0.28490000,352.00000000,0.2722
1749261873,0.28500000,636.00000000,0.2722
1749261873,0.28540000,60.00000000,0.2722
1749261873,0.28560000,78.00000000,0.2722
1749261873,0.28580000,47.00000000,0.2722
1749261873,0.28600000,65.00000000,0.2722
1749261873,0.28620000,37.00000000,0.2722
1749261873,0.28660000,85.00000000,0.2722
1749261873,0.28700000,356.00000000,0.2722
1749261873,0.28720000,20.00000000,0.2722
1749261873,0.28750000,61.00000000,0.2722
1749261873,0.28760000,54.00000000,0.2722
1749261873,0.28790000,28.00000000,0.2722
1749261873,0.28800000,43.00000000,0.2722
1749261873,0.28810000,52.00000000,0.2722
1749261873,0.28820000,20.00000000,0.2722
1749261873,0.28830000,21.00000000,0.2722
1749261873,0.28840000,24.00000000,0.2722
1749261873,0.28890000,136.00000000,0.2722
1749261873,0.28900000,197.00000000,0.2722
1749261873,0.28940000,19.00000000,0.2722
1749261873,0.28950000,477.00000000,0.2722
1749262014,0.27230000,855.00000000,0.2723
1749262014,0.27240000,9147.00000000,0.2723
1749262014,0.27250000,9012.00000000,0.2723
1749262014,0.27260000,13037.00000000,0.2723
1749262014,0.27270000,9872.00000000,0.2723
1749262014,0.27280000,45379.00000000,0.2723
1749262014,0.27290000,8768.00000000,0.2723
1749262014,0.27300000,21321.00000000,0.2723
1749262014,0.27310000,19645.00000000,0.2723
1749262014,0.27320000,3200.00000000,0.2723
1749262014,0.27330000,12610.00000000,0.2723
1749262014,0.27340000,1368.00000000,0.2723
1749262014,0.27350000,4128.00000000,0.2723
1749262014,0.27360000,3624.00000000,0.2723
1749262014,0.27370000,6307.00000000,0.2723
1749262014,0.27380000,3955.00000000,0.2723
1749262014,0.27390000,6624.00000000,0.2723
1749262014,0.27400000,1926.00000000,0.2723
1749262014,0.27410000,3671.00000000,0.2723
1749262014,0.27420000,37335.00000000,0.2723
1749262014,0.27430000,5221.00000000,0.2723
1749262014,0.27440000,883.00000000,0.2723
1749262014,0.27450000,28.00000000,0.2723
1749262014,0.27460000,73891.00000000,0.2723
1749262014,0.27470000,904.00000000,0.2723
1749262014,0.27480000,328.00000000,0.2723
1749262014,0.27490000,3791.00000000,0.2723
1749262014,0.27500000,147.00000000,0.2723
1749262014,0.27510000,1560.00000000,0.2723
1749262014,0.27520000,3603.00000000,0.2723
1749262014,0.27530000,28.00000000,0.2723
1749262014,0.27540000,4746.00000000,0.2723
1749262014,0.27550000,2788.00000000,0.2723
1749262014,0.27560000,28.00000000,0.2723
1749262014,0.27570000,28.00000000,0.2723
1749262014,0.27580000,2788.00000000,0.2723
1749262014,0.27590000,106654.00000000,0.2723
1749262014,0.27600000,1656.00000000,0.2723
1749262014,0.27610000,185.00000000,0.2723
1749262014,0.27620000,2760.00000000,0.2723
1749262014,0.27640000,146.00000000,0.2723
1749262014,0.27650000,106655.00000000,0.2723
1749262014,0.27660000,3040.00000000,0.2723
1749262014,0.27670000,3453.00000000,0.2723
1749262014,0.27680000,22.00000000,0.2723
1749262014,0.27700000,2833.00000000,0.2723
1749262014,0.27730000,23.00000000,0.2723
1749262014,0.27740000,4308.00000000,0.2723
1749262014,0.27750000,1418.00000000,0.2723
1749262014,0.27760000,19.00000000,0.2723
1749262014,0.27780000,3867.00000000,0.2723
1749262014,0.27800000,2490.00000000,0.2723
1749262014,0.27820000,1993.00000000,0.2723
1749262014,0.27830000,82.00000000,0.2723
1749262014,0.27880000,201.00000000,0.2723
1749262014,0.27910000,41.00000000,0.2723
1749262014,0.27930000,29.00000000,0.2723
1749262014,0.27940000,35.00000000,0.2723
1749262014,0.27950000,959.00000000,0.2723
1749262014,0.27960000,492.00000000,0.2723
1749262014,0.28000000,3678.00000000,0.2723
1749262014,0.28030000,183.00000000,0.2723
1749262014,0.28040000,924.00000000,0.2723
1749262014,0.28050000,31.00000000,0.2723
1749262014,0.28110000,28.00000000,0.2723
1749262014,0.28120000,41.00000000,0.2723
1749262014,0.28150000,19.00000000,0.2723
1749262014,0.28160000,44.00000000,0.2723
1749262014,0.28220000,69.00000000,0.2723
1749262014,0.28230000,64.00000000,0.2723
1749262014,0.28250000,20.00000000,0.2723
1749262014,0.28310000,24.00000000,0.2723
1749262014,0.28330000,62.00000000,0.2723
1749262014,0.28340000,171.00000000,0.2723
1749262014,0.28350000,176.00000000,0.2723
1749262014,0.28370000,100.00000000,0.2723
1749262014,0.28400000,1031.00000000,0.2723
1749262014,0.28430000,82.00000000,0.2723
1749262014,0.28450000,266.00000000,0.2723
1749262014,0.28460000,180.00000000,0.2723
1749262014,0.28490000,352.00000000,0.2723
1749262014,0.28500000,636.00000000,0.2723
1749262014,0.28540000,60.00000000,0.2723
1749262014,0.28560000,78.00000000,0.2723
1749262014,0.28580000,47.00000000,0.2723
1749262014,0.28600000,65.00000000,0.2723
1749262014,0.28620000,37.00000000,0.2723
1749262014,0.28660000,85.00000000,0.2723
1749262014,0.28700000,356.00000000,0.2723
1749262014,0.28720000,20.00000000,0.2723
1749262014,0.28750000,61.00000000,0.2723
1749262014,0.28760000,54.00000000,0.2723
1749262014,0.28790000,28.00000000,0.2723
1749262014,0.28800000,43.00000000,0.2723
1749262014,0.28810000,52.00000000,0.2723
1749262014,0.28820000,20.00000000,0.2723
1749262014,0.28830000,21.00000000,0.2723
1749262014,0.28840000,24.00000000,0.2723
1749262014,0.28890000,136.00000000,0.2723
1749262014,0.28900000,197.00000000,0.2723
1749262174,0.27290000,5139.00000000,0.2728
1749262174,0.27300000,22172.00000000,0.2728
1749262174,0.27310000,30462.00000000,0.2728
1749262174,0.27320000,21408.00000000,0.2728
1749262174,0.27330000,22790.00000000,0.2728
1749262174,0.27340000,23921.00000000,0.2728
1749262174,0.27350000,8877.00000000,0.2728
1749262174,0.27360000,4422.00000000,0.2728
1749262174,0.27370000,7345.00000000,0.2728
1749262174,0.27380000,2052.00000000,0.2728
1749262174,0.27390000,3671.00000000,0.2728
1749262174,0.27400000,1369.00000000,0.2728
1749262174,0.27410000,12575.00000000,0.2728
1749262174,0.27420000,3686.00000000,0.2728
1749262174,0.27430000,5679.00000000,0.2728
1749262174,0.27440000,3505.00000000,0.2728
1749262174,0.27450000,883.00000000,0.2728
1749262174,0.27460000,73891.00000000,0.2728
1749262174,0.27470000,37289.00000000,0.2728
1749262174,0.27480000,328.00000000,0.2728
1749262174,0.27490000,4399.00000000,0.2728
1749262174,0.27500000,147.00000000,0.2728
1749262174,0.27510000,1560.00000000,0.2728
1749262174,0.27520000,5473.00000000,0.2728
1749262174,0.27530000,28.00000000,0.2728
1749262174,0.27540000,883.00000000,0.2728
1749262174,0.27550000,3643.00000000,0.2728
1749262174,0.27560000,28.00000000,0.2728
1749262174,0.27570000,28.00000000,0.2728
1749262174,0.27580000,3643.00000000,0.2728
1749262174,0.27590000,106654.00000000,0.2728
1749262174,0.27600000,7335.00000000,0.2728
1749262174,0.27610000,185.00000000,0.2728
1749262174,0.27620000,3615.00000000,0.2728
1749262174,0.27640000,146.00000000,0.2728
1749262174,0.27650000,106655.00000000,0.2728
1749262174,0.27660000,3040.00000000,0.2728
1749262174,0.27670000,3453.00000000,0.2728
1749262174,0.27680000,22.00000000,0.2728
1749262174,0.27700000,2833.00000000,0.2728
1749262174,0.27730000,23.00000000,0.2728
1749262174,0.27740000,4308.00000000,0.2728
1749262174,0.27750000,1418.00000000,0.2728
1749262174,0.27760000,19.00000000,0.2728
1749262174,0.27780000,3867.00000000,0.2728
1749262174,0.27800000,2490.00000000,0.2728
1749262174,0.27820000,1993.00000000,0.2728
1749262174,0.27830000,82.00000000,0.2728
1749262174,0.27880000,201.00000000,0.2728
1749262174,0.27910000,41.00000000,0.2728
1749262174,0.27930000,29.00000000,0.2728
1749262174,0.27940000,35.00000000,0.2728
1749262174,0.27950000,959.00000000,0.2728
1749262174,0.27960000,492.00000000,0.2728
1749262174,0.28000000,3678.00000000,0.2728
1749262174,0.28030000,183.00000000,0.2728
1749262174,0.28040000,924.00000000,0.2728
1749262174,0.28050000,31.00000000,0.2728
1749262174,0.28110000,28.00000000,0.2728
1749262174,0.28120000,41.00000000,0.2728
1749262174,0.28150000,19.00000000,0.2728
1749262174,0.28160000,44.00000000,0.2728
1749262174,0.28220000,69.00000000,0.2728
1749262174,0.28230000,64.00000000,0.2728
1749262174,0.28250000,20.00000000,0.2728
1749262174,0.28310000,24.00000000,0.2728
1749262174,0.28330000,62.00000000,0.2728
1749262174,0.28340000,171.00000000,0.2728
1749262174,0.28350000,176.00000000,0.2728
1749262174,0.28370000,100.00000000,0.2728
1749262174,0.28400000,1031.00000000,0.2728
1749262174,0.28430000,82.00000000,0.2728
1749262174,0.28450000,266.00000000,0.2728
1749262174,0.28460000,180.00000000,0.2728
1749262174,0.28490000,352.00000000,0.2728
1749262174,0.28500000,636.00000000,0.2728
1749262174,0.28540000,60.00000000,0.2728
1749262174,0.28560000,78.00000000,0.2728
1749262174,0.28580000,47.00000000,0.2728
1749262174,0.28600000,65.00000000,0.2728
1749262174,0.28620000,37.00000000,0.2728
1749262174,0.28660000,85.00000000,0.2728
1749262174,0.28700000,356.00000000,0.2728
1749262174,0.28720000,20.00000000,0.2728
1749262174,0.28750000,61.00000000,0.2728
1749262174,0.28760000,54.00000000,0.2728
1749262174,0.28790000,28.00000000,0.2728
1749262174,0.28800000,43.00000000,0.2728
1749262174,0.28810000,52.00000000,0.2728
1749262174,0.28820000,20.00000000,0.2728
1749262174,0.28830000,21.00000000,0.2728
1749262174,0.28840000,24.00000000,0.2728
1749262174,0.28890000,136.00000000,0.2728
1749262174,0.28900000,197.00000000,0.2728
1749262174,0.28940000,19.00000000,0.2728
1749262174,0.28950000,477.00000000,0.2728
1749262174,0.28990000,52.00000000,0.2728
1749262174,0.29000000,3620.00000000,0.2728
1749262174,0.29010000,23.00000000,0.2728
1749262174,0.29020000,60.00000000,0.2728
1749262316,0.27330000,4490.00000000,0.2734
1749262316,0.27340000,15291.00000000,0.2734
1749262316,0.27350000,14061.00000000,0.2734
1749262316,0.27360000,39589.00000000,0.2734
1749262316,0.27370000,27199.00000000,0.2734
1749262316,0.27380000,12283.00000000,0.2734
1749262316,0.27390000,16457.00000000,0.2734
1749262316,0.27400000,20028.00000000,0.2734
1749262316,0.27410000,4129.00000000,0.2734
1749262316,0.27420000,1369.00000000,0.2734
1749262316,0.27430000,5707.00000000,0.2734
1749262316,0.27440000,1368.00000000,0.2734
1749262316,0.27450000,1368.00000000,0.2734
1749262316,0.27460000,82314.00000000,0.2734
1749262316,0.27470000,5825.00000000,0.2734
1749262316,0.27480000,1183.00000000,0.2734
1749262316,0.27490000,4399.00000000,0.2734
1749262316,0.27500000,1002.00000000,0.2734
1749262316,0.27510000,1560.00000000,0.2734
1749262316,0.27520000,41793.00000000,0.2734
1749262316,0.27530000,28.00000000,0.2734
1749262316,0.27540000,883.00000000,0.2734
1749262316,0.27550000,3643.00000000,0.2734
1749262316,0.27560000,28.00000000,0.2734
1749262316,0.27570000,28.00000000,0.2734
1749262316,0.27580000,3643.00000000,0.2734
1749262316,0.27590000,106654.00000000,0.2734
1749262316,0.27600000,7335.00000000,0.2734
1749262316,0.27610000,185.00000000,0.2734
1749262316,0.27620000,3615.00000000,0.2734
1749262316,0.27640000,146.00000000,0.2734
1749262316,0.27650000,106655.00000000,0.2734
1749262316,0.27660000,3895.00000000,0.2734
1749262316,0.27670000,29.00000000,0.2734
1749262316,0.27680000,22.00000000,0.2734
1749262316,0.27700000,2833.00000000,0.2734
1749262316,0.27730000,3447.00000000,0.2734
1749262316,0.27740000,4308.00000000,0.2734
1749262316,0.27750000,1418.00000000,0.2734
1749262316,0.27760000,19.00000000,0.2734
1749262316,0.27780000,3867.00000000,0.2734
1749262316,0.27800000,2490.00000000,0.2734
1749262316,0.27820000,485.00000000,0.2734
1749262316,0.27830000,82.00000000,0.2734
1749262316,0.27880000,201.00000000,0.2734
1749262316,0.27890000,1508.00000000,0.2734
1749262316,0.27910000,41.00000000,0.2734
1749262316,0.27930000,29.00000000,0.2734
1749262316,0.27940000,35.00000000,0.2734
1749262316,0.27950000,59.00000000,0.2734
1749262316,0.27960000,492.00000000,0.2734
1749262316,0.28000000,3678.00000000,0.2734
1749262316,0.28030000,1083.00000000,0.2734
1749262316,0.28040000,924.00000000,0.2734
1749262316,0.28050000,31.00000000,0.2734
1749262316,0.28110000,28.00000000,0.2734
1749262316,0.28120000,41.00000000,0.2734
1749262316,0.28150000,19.00000000,0.2734
1749262316,0.28160000,44.00000000,0.2734
1749262316,0.28220000,69.00000000,0.2734
1749262316,0.28230000,64.00000000,0.2734
1749262316,0.28250000,20.00000000,0.2734
1749262316,0.28310000,24.00000000,0.2734
1749262316,0.28330000,62.00000000,0.2734
1749262316,0.28340000,171.00000000,0.2734
1749262316,0.28350000,176.00000000,0.2734
1749262316,0.28370000,100.00000000,0.2734
1749262316,0.28400000,1031.00000000,0.2734
1749262316,0.28430000,82.00000000,0.2734
1749262316,0.28450000,266.00000000,0.2734
1749262316,0.28460000,180.00000000,0.2734
1749262316,0.28490000,352.00000000,0.2734
1749262316,0.28500000,636.00000000,0.2734
1749262316,0.28540000,60.00000000,0.2734
1749262316,0.28560000,78.00000000,0.2734
1749262316,0.28580000,47.00000000,0.2734
1749262316,0.28600000,65.00000000,0.2734
1749262316,0.28620000,37.00000000,0.2734
1749262316,0.28660000,85.00000000,0.2734
1749262316,0.28700000,356.00000000,0.2734
1749262316,0.28720000,20.00000000,0.2734
1749262316,0.28750000,61.00000000,0.2734
1749262316,0.28760000,54.00000000,0.2734
1749262316,0.28790000,28.00000000,0.2734
1749262316,0.28800000,43.00000000,0.2734
1749262316,0.28810000,52.00000000,0.2734
1749262316,0.28820000,20.00000000,0.2734
1749262316,0.28830000,21.00000000,0.2734
1749262316,0.28840000,24.00000000,0.2734
1749262316,0.28890000,136.00000000,0.2734
1749262316,0.28900000,197.00000000,0.2734
1749262316,0.28940000,19.00000000,0.2734
1749262316,0.28950000,477.00000000,0.2734
1749262316,0.28990000,52.00000000,0.2734
1749262316,0.29000000,3620.00000000,0.2734
1749262316,0.29010000,23.00000000,0.2734
1749262316,0.29020000,60.00000000,0.2734
1749262316,0.29040000,2011.00000000,0.2734
1749262316,0.29060000,375.00000000,0.2734
1749262316,0.29070000,550.00000000,0.2734
1749262476,0.27320000,855.00000000,0.2733
1749262476,0.27330000,3943.00000000,0.2733
1749262476,0.27340000,8672.00000000,0.2733
1749262476,0.27350000,19024.00000000,0.2733
1749262476,0.27360000,27583.00000000,0.2733
1749262476,0.27370000,27466.00000000,0.2733
1749262476,0.27380000,8410.00000000,0.2733
1749262476,0.27390000,26704.00000000,0.2733
1749262476,0.27400000,19732.00000000,0.2733
1749262476,0.27410000,4129.00000000,0.2733
1749262476,0.27420000,1369.00000000,0.2733
1749262476,0.27430000,6652.00000000,0.2733
1749262476,0.27440000,1368.00000000,0.2733
1749262476,0.27450000,1368.00000000,0.2733
1749262476,0.27460000,73919.00000000,0.2733
1749262476,0.27470000,3228.00000000,0.2733
1749262476,0.27480000,1183.00000000,0.2733
1749262476,0.27490000,4399.00000000,0.2733
1749262476,0.27500000,3650.00000000,0.2733
1749262476,0.27510000,11541.00000000,0.2733
1749262476,0.27520000,5473.00000000,0.2733
1749262476,0.27530000,36326.00000000,0.2733
1749262476,0.27540000,883.00000000,0.2733
1749262476,0.27550000,3643.00000000,0.2733
1749262476,0.27560000,28.00000000,0.2733
1749262476,0.27570000,883.00000000,0.2733
1749262476,0.27580000,3643.00000000,0.2733
1749262476,0.27590000,106654.00000000,0.2733
1749262476,0.27600000,855.00000000,0.2733
1749262476,0.27610000,206.00000000,0.2733
1749262476,0.27620000,3615.00000000,0.2733
1749262476,0.27640000,2906.00000000,0.2733
1749262476,0.27650000,106655.00000000,0.2733
1749262476,0.27660000,7858.00000000,0.2733
1749262476,0.27670000,29.00000000,0.2733
1749262476,0.27680000,22.00000000,0.2733
1749262476,0.27690000,1656.00000000,0.2733
1749262476,0.27700000,2833.00000000,0.2733
1749262476,0.27730000,3447.00000000,0.2733
1749262476,0.27740000,2760.00000000,0.2733
1749262476,0.27750000,1418.00000000,0.2733
1749262476,0.27760000,19.00000000,0.2733
1749262476,0.27780000,3867.00000000,0.2733
1749262476,0.27800000,2490.00000000,0.2733
1749262476,0.27810000,1548.00000000,0.2733
1749262476,0.27820000,485.00000000,0.2733
1749262476,0.27830000,82.00000000,0.2733
1749262476,0.27880000,201.00000000,0.2733
1749262476,0.27890000,1508.00000000,0.2733
1749262476,0.27910000,41.00000000,0.2733
1749262476,0.27930000,29.00000000,0.2733
1749262476,0.27940000,35.00000000,0.2733
1749262476,0.27950000,59.00000000,0.2733
1749262476,0.27960000,492.00000000,0.2733
1749262476,0.28000000,3678.00000000,0.2733
1749262476,0.28030000,1083.00000000,0.2733
1749262476,0.28040000,924.00000000,0.2733
1749262476,0.28050000,31.00000000,0.2733
1749262476,0.28110000,28.00000000,0.2733
1749262476,0.28120000,41.00000000,0.2733
1749262476,0.28150000,19.00000000,0.2733
1749262476,0.28160000,44.00000000,0.2733
1749262476,0.28220000,69.00000000,0.2733
1749262476,0.28230000,64.00000000,0.2733
1749262476,0.28250000,127.00000000,0.2733
1749262476,0.28310000,24.00000000,0.2733
1749262476,0.28330000,62.00000000,0.2733
1749262476,0.28340000,171.00000000,0.2733
1749262476,0.28350000,176.00000000,0.2733
1749262476,0.28370000,100.00000000,0.2733
1749262476,0.28400000,1031.00000000,0.2733
1749262476,0.28430000,82.00000000,0.2733
1749262476,0.28450000,266.00000000,0.2733
1749262476,0.28460000,180.00000000,0.2733
1749262476,0.28490000,352.00000000,0.2733
1749262476,0.28500000,636.00000000,0.2733
1749262476,0.28540000,60.00000000,0.2733
1749262476,0.28560000,78.00000000,0.2733
1749262476,0.28580000,47.00000000,0.2733
1749262476,0.28600000,65.00000000,0.2733
1749262476,0.28620000,37.00000000,0.2733
1749262476,0.28660000,85.00000000,0.2733
1749262476,0.28700000,356.00000000,0.2733
1749262476,0.28720000,20.00000000,0.2733
1749262476,0.28750000,61.00000000,0.2733
1749262476,0.28760000,54.00000000,0.2733
1749262476,0.28790000,28.00000000,0.2733
1749262476,0.28800000,43.00000000,0.2733
1749262476,0.28810000,52.00000000,0.2733
1749262476,0.28820000,20.00000000,0.2733
1749262476,0.28830000,21.00000000,0.2733
1749262476,0.28840000,24.00000000,0.2733
1749262476,0.28890000,136.00000000,0.2733
1749262476,0.28900000,197.00000000,0.2733
1749262476,0.28940000,19.00000000,0.2733
1749262476,0.28950000,477.00000000,0.2733
1749262476,0.28990000,52.00000000,0.2733
1749262476,0.29000000,3620.00000000,0.2733
1749262476,0.29010000,23.00000000,0.2733
1749262476,0.29020000,60.00000000,0.2733
1749262617,0.27320000,3262.00000000,0.2732
1749262617,0.27330000,6398.00000000,0.2732
1749262617,0.27340000,5817.00000000,0.2732
1749262617,0.27350000,17181.00000000,0.2732
1749262617,0.27360000,31334.00000000,0.2732
1749262617,0.27370000,17155.00000000,0.2732
1749262617,0.27380000,19217.00000000,0.2732
1749262617,0.27390000,25908.00000000,0.2732
1749262617,0.27400000,6908.00000000,0.2732
1749262617,0.27410000,11821.00000000,0.2732
1749262617,0.27420000,1369.00000000,0.2732
1749262617,0.27430000,6304.00000000,0.2732
1749262617,0.27440000,1368.00000000,0.2732
1749262617,0.27450000,1368.00000000,0.2732
1749262617,0.27460000,73919.00000000,0.2732
1749262617,0.27470000,5851.00000000,0.2732
1749262617,0.27480000,1183.00000000,0.2732
1749262617,0.27490000,4399.00000000,0.2732
1749262617,0.27500000,9415.00000000,0.2732
1749262617,0.27510000,3138.00000000,0.2732
1749262617,0.27520000,5473.00000000,0.2732
1749262617,0.27530000,36326.00000000,0.2732
1749262617,0.27540000,883.00000000,0.2732
1749262617,0.27550000,3643.00000000,0.2732
1749262617,0.27560000,28.00000000,0.2732
1749262617,0.27570000,883.00000000,0.2732
1749262617,0.27580000,3643.00000000,0.2732
1749262617,0.27590000,106654.00000000,0.2732
1749262617,0.27600000,855.00000000,0.2732
1749262617,0.27610000,206.00000000,0.2732
1749262617,0.27620000,2760.00000000,0.2732
1749262617,0.27640000,2906.00000000,0.2732
1749262617,0.27650000,106655.00000000,0.2732
1749262617,0.27660000,7858.00000000,0.2732
1749262617,0.27670000,29.00000000,0.2732
1749262617,0.27680000,22.00000000,0.2732
1749262617,0.27690000,1656.00000000,0.2732
1749262617,0.27700000,2833.00000000,0.2732
1749262617,0.27730000,3447.00000000,0.2732
1749262617,0.27740000,2760.00000000,0.2732
1749262617,0.27750000,1418.00000000,0.2732
1749262617,0.27760000,19.00000000,0.2732
1749262617,0.27780000,3867.00000000,0.2732
1749262617,0.27800000,2490.00000000,0.2732
1749262617,0.27810000,1548.00000000,0.2732
1749262617,0.27820000,485.00000000,0.2732
1749262617,0.27830000,82.00000000,0.2732
1749262617,0.27880000,201.00000000,0.2732
1749262617,0.27890000,1508.00000000,0.2732
1749262617,0.27910000,41.00000000,0.2732
1749262617,0.27930000,29.00000000,0.2732
1749262617,0.27940000,35.00000000,0.2732
1749262617,0.27950000,59.00000000,0.2732
1749262617,0.27960000,492.00000000,0.2732
1749262617,0.28000000,3678.00000000,0.2732
1749262617,0.28030000,1083.00000000,0.2732
1749262617,0.28040000,924.00000000,0.2732
1749262617,0.28050000,31.00000000,0.2732
1749262617,0.28110000,28.00000000,0.2732
1749262617,0.28120000,41.00000000,0.2732
1749262617,0.28150000,19.00000000,0.2732
1749262617,0.28160000,44.00000000,0.2732
1749262617,0.28220000,69.00000000,0.2732
1749262617,0.28230000,64.00000000,0.2732
1749262617,0.28250000,127.00000000,0.2732
1749262617,0.28310000,24.00000000,0.2732
1749262617,0.28330000,62.00000000,0.2732
1749262617,0.28340000,171.00000000,0.2732
1749262617,0.28350000,176.00000000,0.2732
1749262617,0.28370000,100.00000000,0.2732
1749262617,0.28400000,1031.00000000,0.2732
1749262617,0.28430000,82.00000000,0.2732
1749262617,0.28450000,266.00000000,0.2732
1749262617,0.28460000,180.00000000,0.2732
1749262617,0.28490000,352.00000000,0.2732
1749262617,0.28500000,636.00000000,0.2732
1749262617,0.28540000,60.00000000,0.2732
1749262617,0.28560000,78.00000000,0.2732
1749262617,0.28580000,47.00000000,0.2732
1749262617,0.28600000,65.00000000,0.2732
1749262617,0.28620000,37.00000000,0.2732
1749262617,0.28660000,85.00000000,0.2732
1749262617,0.28700000,356.00000000,0.2732
1749262617,0.28720000,20.00000000,0.2732
1749262617,0.28750000,61.00000000,0.2732
1749262617,0.28760000,54.00000000,0.2732
1749262617,0.28790000,28.00000000,0.2732
1749262617,0.28800000,43.00000000,0.2732
1749262617,0.28810000,52.00000000,0.2732
1749262617,0.28820000,20.00000000,0.2732
1749262617,0.28830000,21.00000000,0.2732
1749262617,0.28840000,24.00000000,0.2732
1749262617,0.28890000,136.00000000,0.2732
1749262617,0.28900000,197.00000000,0.2732
1749262617,0.28940000,19.00000000,0.2732
1749262617,0.28950000,477.00000000,0.2732
1749262617,0.28990000,52.00000000,0.2732
1749262617,0.29000000,3620.00000000,0.2732
1749262617,0.29010000,23.00000000,0.2732
1749262617,0.29020000,60.00000000,0.2732
1749262777,0.27330000,1000.00000000,0.2734
1749262777,0.27340000,1922.00000000,0.2734
1749262777,0.27350000,10540.00000000,0.2734
1749262777,0.27360000,5901.00000000,0.2734
1749262777,0.27370000,7766.00000000,0.2734
1749262777,0.27380000,26844.00000000,0.2734
1749262777,0.27390000,15389.00000000,0.2734
1749262777,0.27400000,12555.00000000,0.2734
1749262777,0.27410000,14981.00000000,0.2734
1749262777,0.27420000,16963.00000000,0.2734
1749262777,0.27430000,9967.00000000,0.2734
1749262777,0.27440000,1368.00000000,0.2734
1749262777,0.27450000,2282.00000000,0.2734
1749262777,0.27460000,73919.00000000,0.2734
1749262777,0.27470000,1368.00000000,0.2734
1749262777,0.27480000,1668.00000000,0.2734
1749262777,0.27490000,15448.00000000,0.2734
1749262777,0.27500000,1002.00000000,0.2734
1749262777,0.27510000,3138.00000000,0.2734
1749262777,0.27520000,6963.00000000,0.2734
1749262777,0.27530000,28.00000000,0.2734
1749262777,0.27540000,28.00000000,0.2734
1749262777,0.27550000,2788.00000000,0.2734
1749262777,0.27560000,28.00000000,0.2734
1749262777,0.27570000,28.00000000,0.2734
1749262777,0.27580000,39022.00000000,0.2734
1749262777,0.27590000,106654.00000000,0.2734
1749262777,0.27610000,206.00000000,0.2734
1749262777,0.27620000,2760.00000000,0.2734
1749262777,0.27640000,2906.00000000,0.2734
1749262777,0.27650000,106655.00000000,0.2734
1749262777,0.27660000,7858.00000000,0.2734
1749262777,0.27670000,29.00000000,0.2734
1749262777,0.27680000,22.00000000,0.2734
1749262777,0.27690000,1656.00000000,0.2734
1749262777,0.27700000,2833.00000000,0.2734
1749262777,0.27730000,23.00000000,0.2734
1749262777,0.27740000,2760.00000000,0.2734
1749262777,0.27750000,1418.00000000,0.2734
1749262777,0.27760000,19.00000000,0.2734
1749262777,0.27780000,3867.00000000,0.2734
1749262777,0.27790000,3424.00000000,0.2734
1749262777,0.27800000,2490.00000000,0.2734
1749262777,0.27810000,1548.00000000,0.2734
1749262777,0.27820000,485.00000000,0.2734
1749262777,0.27830000,82.00000000,0.2734
1749262777,0.27880000,201.00000000,0.2734
1749262777,0.27890000,1508.00000000,0.2734
1749262777,0.27910000,41.00000000,0.2734
1749262777,0.27930000,29.00000000,0.2734
1749262777,0.27940000,35.00000000,0.2734
1749262777,0.27950000,59.00000000,0.2734
1749262777,0.27960000,492.00000000,0.2734
1749262777,0.28000000,3678.00000000,0.2734
1749262777,0.28030000,1083.00000000,0.2734
1749262777,0.28040000,924.00000000,0.2734
1749262777,0.28050000,31.00000000,0.2734
1749262777,0.28110000,28.00000000,0.2734
1749262777,0.28120000,41.00000000,0.2734
1749262777,0.28150000,19.00000000,0.2734
1749262777,0.28160000,44.00000000,0.2734
1749262777,0.28220000,69.00000000,0.2734
1749262777,0.28230000,64.00000000,0.2734
1749262777,0.28250000,127.00000000,0.2734
1749262777,0.28310000,24.00000000,0.2734
1749262777,0.28330000,62.00000000,0.2734
1749262777,0.28340000,171.00000000,0.2734
1749262777,0.28350000,176.00000000,0.2734
1749262777,0.28370000,100.00000000,0.2734
1749262777,0.28400000,1031.00000000,0.2734
1749262777,0.28430000,82.00000000,0.2734
1749262777,0.28450000,266.00000000,0.2734
1749262777,0.28460000,180.00000000,0.2734
1749262777,0.28490000,352.00000000,0.2734
1749262777,0.28500000,636.00000000,0.2734
1749262777,0.28540000,60.00000000,0.2734
1749262777,0.28560000,78.00000000,0.2734
1749262777,0.28580000,47.00000000,0.2734
1749262777,0.28600000,65.00000000,0.2734
1749262777,0.28620000,37.00000000,0.2734
1749262777,0.28660000,85.00000000,0.2734
1749262777,0.28700000,356.00000000,0.2734
1749262777,0.28720000,20.00000000,0.2734
1749262777,0.28750000,61.00000000,0.2734
1749262777,0.28760000,54.00000000,0.2734
1749262777,0.28790000,28.00000000,0.2734
1749262777,0.28800000,43.00000000,0.2734
1749262777,0.28810000,52.00000000,0.2734
1749262777,0.28820000,20.00000000,0.2734
1749262777,0.28830000,21.00000000,0.2734
1749262777,0.28840000,24.00000000,0.2734
1749262777,0.28890000,136.00000000,0.2734
1749262777,0.28900000,197.00000000,0.2734
1749262777,0.28940000,19.00000000,0.2734
1749262777,0.28950000,477.00000000,0.2734
1749262777,0.28990000,52.00000000,0.2734
1749262777,0.29000000,3620.00000000,0.2734
1749262777,0.29010000,23.00000000,0.2734
1749262777,0.29020000,60.00000000,0.2734
1749262777,0.29040000,2011.00000000,0.2734
1749262920,0.27350000,1969.00000000,0.2733
1749262920,0.27360000,5051.00000000,0.2733
1749262920,0.27370000,14802.00000000,0.2733
1749262920,0.27380000,15823.00000000,0.2733
1749262920,0.27390000,18207.00000000,0.2733
1749262920,0.27400000,18345.00000000,0.2733
1749262920,0.27410000,16056.00000000,0.2733
1749262920,0.27420000,21419.00000000,0.2733
1749262920,0.27430000,9957.00000000,0.2733
1749262920,0.27440000,4934.00000000,0.2733
1749262920,0.27450000,2282.00000000,0.2733
1749262920,0.27460000,82342.00000000,0.2733
1749262920,0.27470000,3256.00000000,0.2733
1749262920,0.27480000,1668.00000000,0.2733
1749262920,0.27490000,6430.00000000,0.2733
1749262920,0.27500000,1002.00000000,0.2733
1749262920,0.27510000,3138.00000000,0.2733
1749262920,0.27520000,5473.00000000,0.2733
1749262920,0.27530000,28.00000000,0.2733
1749262920,0.27540000,37168.00000000,0.2733
1749262920,0.27550000,3643.00000000,0.2733
1749262920,0.27560000,28.00000000,0.2733
1749262920,0.27570000,28.00000000,0.2733
1749262920,0.27580000,3643.00000000,0.2733
1749262920,0.27590000,107262.00000000,0.2733
1749262920,0.27610000,206.00000000,0.2733
1749262920,0.27620000,2760.00000000,0.2733
1749262920,0.27640000,2906.00000000,0.2733
1749262920,0.27650000,106655.00000000,0.2733
1749262920,0.27660000,7858.00000000,0.2733
1749262920,0.27670000,29.00000000,0.2733
1749262920,0.27680000,22.00000000,0.2733
1749262920,0.27690000,1656.00000000,0.2733
1749262920,0.27700000,2833.00000000,0.2733
1749262920,0.27730000,23.00000000,0.2733
1749262920,0.27740000,2760.00000000,0.2733
1749262920,0.27750000,1418.00000000,0.2733
1749262920,0.27760000,19.00000000,0.2733
1749262920,0.27780000,3867.00000000,0.2733
1749262920,0.27790000,3424.00000000,0.2733
1749262920,0.27800000,2490.00000000,0.2733
1749262920,0.27810000,1548.00000000,0.2733
1749262920,0.27820000,485.00000000,0.2733
1749262920,0.27830000,82.00000000,0.2733
1749262920,0.27880000,201.00000000,0.2733
1749262920,0.27890000,1508.00000000,0.2733
1749262920,0.27910000,41.00000000,0.2733
1749262920,0.27930000,29.00000000,0.2733
1749262920,0.27940000,35.00000000,0.2733
1749262920,0.27950000,59.00000000,0.2733
1749262920,0.27960000,492.00000000,0.2733
1749262920,0.28000000,3678.00000000,0.2733
1749262920,0.28030000,1083.00000000,0.2733
1749262920,0.28040000,924.00000000,0.2733
1749262920,0.28050000,31.00000000,0.2733
1749262920,0.28110000,28.00000000,0.2733
1749262920,0.28120000,41.00000000,0.2733
1749262920,0.28150000,19.00000000,0.2733
1749262920,0.28160000,44.00000000,0.2733
1749262920,0.28220000,69.00000000,0.2733
1749262920,0.28230000,64.00000000,0.2733
1749262920,0.28250000,20.00000000,0.2733
1749262920,0.28310000,24.00000000,0.2733
1749262920,0.28330000,62.00000000,0.2733
1749262920,0.28340000,171.00000000,0.2733
1749262920,0.28350000,176.00000000,0.2733
1749262920,0.28370000,100.00000000,0.2733
1749262920,0.28400000,1031.00000000,0.2733
1749262920,0.28430000,82.00000000,0.2733
1749262920,0.28450000,266.00000000,0.2733
1749262920,0.28460000,180.00000000,0.2733
1749262920,0.28490000,352.00000000,0.2733
1749262920,0.28500000,636.00000000,0.2733
1749262920,0.28540000,60.00000000,0.2733
1749262920,0.28560000,78.00000000,0.2733
1749262920,0.28580000,47.00000000,0.2733
1749262920,0.28600000,65.00000000,0.2733
1749262920,0.28620000,37.00000000,0.2733
1749262920,0.28660000,85.00000000,0.2733
1749262920,0.28700000,356.00000000,0.2733
1749262920,0.28720000,20.00000000,0.2733
1749262920,0.28750000,61.00000000,0.2733
1749262920,0.28760000,54.00000000,0.2733
1749262920,0.28790000,28.00000000,0.2733
1749262920,0.28800000,43.00000000,0.2733
1749262920,0.28810000,52.00000000,0.2733
1749262920,0.28820000,20.00000000,0.2733
1749262920,0.28830000,21.00000000,0.2733
1749262920,0.28840000,24.00000000,0.2733
1749262920,0.28890000,136.00000000,0.2733
1749262920,0.28900000,197.00000000,0.2733
1749262920,0.28940000,19.00000000,0.2733
1749262920,0.28950000,477.00000000,0.2733
1749262920,0.28990000,52.00000000,0.2733
1749262920,0.29000000,3620.00000000,0.2733
1749262920,0.29010000,23.00000000,0.2733
1749262920,0.29020000,60.00000000,0.2733
1749262920,0.29040000,2011.00000000,0.2733
1749262920,0.29060000,375.00000000,0.2733
1749262920,0.29070000,550.00000000,0.2733
1749263078,0.27370000,855.00000000,0.2736
1749263078,0.27380000,5283.00000000,0.2736
1749263078,0.27390000,7592.00000000,0.2736
1749263078,0.27400000,21983.00000000,0.2736
1749263078,0.27410000,13679.00000000,0.2736
1749263078,0.27420000,17207.00000000,0.2736
1749263078,0.27430000,14682.00000000,0.2736
1749263078,0.27440000,16866.00000000,0.2736
1749263078,0.27450000,12282.00000000,0.2736
1749263078,0.27460000,73919.00000000,0.2736
1749263078,0.27470000,1367.00000000,0.2736
1749263078,0.27480000,1668.00000000,0.2736
1749263078,0.27490000,4248.00000000,0.2736
1749263078,0.27500000,1459.00000000,0.2736
1749263078,0.27510000,3594.00000000,0.2736
1749263078,0.27520000,18819.00000000,0.2736
1749263078,0.27530000,28.00000000,0.2736
1749263078,0.27540000,883.00000000,0.2736
1749263078,0.27550000,3643.00000000,0.2736
1749263078,0.27560000,28.00000000,0.2736
1749263078,0.27570000,28.00000000,0.2736
1749263078,0.27580000,3643.00000000,0.2736
1749263078,0.27590000,143489.00000000,0.2736
1749263078,0.27600000,855.00000000,0.2736
1749263078,0.27610000,206.00000000,0.2736
1749263078,0.27620000,3615.00000000,0.2736
1749263078,0.27640000,2906.00000000,0.2736
1749263078,0.27650000,106655.00000000,0.2736
1749263078,0.27660000,7858.00000000,0.2736
1749263078,0.27670000,29.00000000,0.2736
1749263078,0.27680000,22.00000000,0.2736
1749263078,0.27690000,1656.00000000,0.2736
1749263078,0.27700000,2833.00000000,0.2736
1749263078,0.27730000,23.00000000,0.2736
1749263078,0.27740000,2760.00000000,0.2736
1749263078,0.27750000,1418.00000000,0.2736
1749263078,0.27760000,19.00000000,0.2736
1749263078,0.27780000,3867.00000000,0.2736
1749263078,0.27790000,3424.00000000,0.2736
1749263078,0.27800000,2490.00000000,0.2736
1749263078,0.27810000,1548.00000000,0.2736
1749263078,0.27820000,485.00000000,0.2736
1749263078,0.27830000,82.00000000,0.2736
1749263078,0.27880000,201.00000000,0.2736
1749263078,0.27890000,1508.00000000,0.2736
1749263078,0.27910000,41.00000000,0.2736
1749263078,0.27930000,29.00000000,0.2736
1749263078,0.27940000,35.00000000,0.2736
1749263078,0.27950000,59.00000000,0.2736
1749263078,0.27960000,492.00000000,0.2736
1749263078,0.28000000,3678.00000000,0.2736
1749263078,0.28030000,1083.00000000,0.2736
1749263078,0.28040000,924.00000000,0.2736
1749263078,0.28050000,31.00000000,0.2736
1749263078,0.28110000,28.00000000,0.2736
1749263078,0.28120000,41.00000000,0.2736
1749263078,0.28150000,19.00000000,0.2736
1749263078,0.28160000,44.00000000,0.2736
1749263078,0.28220000,69.00000000,0.2736
1749263078,0.28230000,64.00000000,0.2736
1749263078,0.28250000,20.00000000,0.2736
1749263078,0.28310000,24.00000000,0.2736
1749263078,0.28330000,62.00000000,0.2736
1749263078,0.28340000,171.00000000,0.2736
1749263078,0.28350000,176.00000000,0.2736
1749263078,0.28370000,100.00000000,0.2736
1749263078,0.28400000,1031.00000000,0.2736
1749263078,0.28430000,82.00000000,0.2736
1749263078,0.28450000,266.00000000,0.2736
1749263078,0.28460000,180.00000000,0.2736
1749263078,0.28490000,352.00000000,0.2736
1749263078,0.28500000,636.00000000,0.2736
1749263078,0.28540000,60.00000000,0.2736
1749263078,0.28560000,78.00000000,0.2736
1749263078,0.28580000,47.00000000,0.2736
1749263078,0.28600000,65.00000000,0.2736
1749263078,0.28620000,37.00000000,0.2736
1749263078,0.28660000,85.00000000,0.2736
1749263078,0.28700000,356.00000000,0.2736
1749263078,0.28720000,20.00000000,0.2736
1749263078,0.28750000,61.00000000,0.2736
1749263078,0.28760000,54.00000000,0.2736
1749263078,0.28790000,28.00000000,0.2736
1749263078,0.28800000,43.00000000,0.2736
1749263078,0.28810000,52.00000000,0.2736
1749263078,0.28820000,20.00000000,0.2736
1749263078,0.28830000,21.00000000,0.2736
1749263078,0.28840000,24.00000000,0.2736
1749263078,0.28890000,136.00000000,0.2736
1749263078,0.28900000,197.00000000,0.2736
1749263078,0.28940000,19.00000000,0.2736
1749263078,0.28950000,477.00000000,0.2736
1749263078,0.28990000,52.00000000,0.2736
1749263078,0.29000000,3620.00000000,0.2736
1749263078,0.29010000,23.00000000,0.2736
1749263078,0.29020000,60.00000000,0.2736
1749263078,0.29040000,2011.00000000,0.2736
1749263078,0.29060000,375.00000000,0.2736
1749263078,0.29070000,550.00000000,0.2736
1749263078,0.29100000,20.00000000,0.2736
1749263222,0.27370000,855.00000000,0.2736
1749263222,0.27380000,5749.00000000,0.2736
1749263222,0.27390000,19909.00000000,0.2736
1749263222,0.27400000,18628.00000000,0.2736
1749263222,0.27410000,18706.00000000,0.2736
1749263222,0.27420000,18880.00000000,0.2736
1749263222,0.27430000,5905.00000000,0.2736
1749263222,0.27440000,24671.00000000,0.2736
1749263222,0.27450000,11368.00000000,0.2736
1749263222,0.27460000,73919.00000000,0.2736
1749263222,0.27470000,1367.00000000,0.2736
1749263222,0.27480000,1668.00000000,0.2736
1749263222,0.27490000,6446.00000000,0.2736
1749263222,0.27500000,1487.00000000,0.2736
1749263222,0.27510000,2917.00000000,0.2736
1749263222,0.27520000,9406.00000000,0.2736
1749263222,0.27530000,8421.00000000,0.2736
1749263222,0.27540000,883.00000000,0.2736
1749263222,0.27550000,3643.00000000,0.2736
1749263222,0.27560000,28.00000000,0.2736
1749263222,0.27570000,28.00000000,0.2736
1749263222,0.27580000,3643.00000000,0.2736
1749263222,0.27590000,143517.00000000,0.2736
1749263222,0.27600000,1898.00000000,0.2736
1749263222,0.27610000,206.00000000,0.2736
1749263222,0.27620000,3615.00000000,0.2736
1749263222,0.27640000,4438.00000000,0.2736
1749263222,0.27650000,106655.00000000,0.2736
1749263222,0.27660000,8713.00000000,0.2736
1749263222,0.27670000,29.00000000,0.2736
1749263222,0.27680000,22.00000000,0.2736
1749263222,0.27690000,2511.00000000,0.2736
1749263222,0.27700000,2833.00000000,0.2736
1749263222,0.27730000,23.00000000,0.2736
1749263222,0.27740000,2760.00000000,0.2736
1749263222,0.27750000,1418.00000000,0.2736
1749263222,0.27760000,19.00000000,0.2736
1749263222,0.27780000,3867.00000000,0.2736
1749263222,0.27790000,3424.00000000,0.2736
1749263222,0.27800000,2490.00000000,0.2736
1749263222,0.27810000,1548.00000000,0.2736
1749263222,0.27820000,485.00000000,0.2736
1749263222,0.27830000,82.00000000,0.2736
1749263222,0.27880000,201.00000000,0.2736
1749263222,0.27890000,1508.00000000,0.2736
1749263222,0.27910000,41.00000000,0.2736
1749263222,0.27930000,29.00000000,0.2736
1749263222,0.27940000,35.00000000,0.2736
1749263222,0.27950000,59.00000000,0.2736
1749263222,0.27960000,492.00000000,0.2736
1749263222,0.28000000,3678.00000000,0.2736
1749263222,0.28030000,1083.00000000,0.2736
1749263222,0.28040000,924.00000000,0.2736
1749263222,0.28050000,31.00000000,0.2736
1749263222,0.28110000,28.00000000,0.2736
1749263222,0.28120000,41.00000000,0.2736
1749263222,0.28150000,19.00000000,0.2736
1749263222,0.28160000,44.00000000,0.2736
1749263222,0.28220000,69.00000000,0.2736
1749263222,0.28230000,64.00000000,0.2736
1749263222,0.28250000,20.00000000,0.2736
1749263222,0.28310000,24.00000000,0.2736
1749263222,0.28330000,62.00000000,0.2736
1749263222,0.28340000,171.00000000,0.2736
1749263222,0.28350000,176.00000000,0.2736
1749263222,0.28370000,100.00000000,0.2736
1749263222,0.28400000,1031.00000000,0.2736
1749263222,0.28430000,82.00000000,0.2736
1749263222,0.28450000,266.00000000,0.2736
1749263222,0.28460000,180.00000000,0.2736
1749263222,0.28490000,352.00000000,0.2736
1749263222,0.28500000,636.00000000,0.2736
1749263222,0.28540000,60.00000000,0.2736
1749263222,0.28560000,78.00000000,0.2736
1749263222,0.28580000,47.00000000,0.2736
1749263222,0.28600000,65.00000000,0.2736
1749263222,0.28620000,37.00000000,0.2736
1749263222,0.28660000,85.00000000,0.2736
1749263222,0.28700000,356.00000000,0.2736
1749263222,0.28720000,20.00000000,0.2736
1749263222,0.28750000,61.00000000,0.2736
1749263222,0.28760000,54.00000000,0.2736
1749263222,0.28790000,28.00000000,0.2736
1749263222,0.28800000,43.00000000,0.2736
1749263222,0.28810000,52.00000000,0.2736
1749263222,0.28820000,20.00000000,0.2736
1749263222,0.28830000,21.00000000,0.2736
1749263222,0.28840000,24.00000000,0.2736
1749263222,0.28890000,136.00000000,0.2736
1749263222,0.28900000,197.00000000,0.2736
1749263222,0.28940000,19.00000000,0.2736
1749263222,0.28950000,477.00000000,0.2736
1749263222,0.28990000,52.00000000,0.2736
1749263222,0.29000000,3620.00000000,0.2736
1749263222,0.29010000,23.00000000,0.2736
1749263222,0.29020000,60.00000000,0.2736
1749263222,0.29040000,2011.00000000,0.2736
1749263222,0.29060000,375.00000000,0.2736
1749263222,0.29070000,550.00000000,0.2736
1749263222,0.29100000,20.00000000,0.2736
1749263380,0.27390000,1611.00000000,0.2737
1749263380,0.27400000,5767.00000000,0.2737
1749263380,0.27410000,16540.00000000,0.2737
1749263380,0.27420000,17127.00000000,0.2737
1749263380,0.27430000,10005.00000000,0.2737
1749263380,0.27440000,16427.00000000,0.2737
1749263380,0.27450000,24777.00000000,0.2737
1749263380,0.27460000,86401.00000000,0.2737
1749263380,0.27470000,1367.00000000,0.2737
1749263380,0.27480000,1668.00000000,0.2737
1749263380,0.27490000,6446.00000000,0.2737
1749263380,0.27500000,1487.00000000,0.2737
1749263380,0.27510000,2917.00000000,0.2737
1749263380,0.27520000,9406.00000000,0.2737
1749263380,0.27530000,8877.00000000,0.2737
1749263380,0.27540000,883.00000000,0.2737
1749263380,0.27550000,3643.00000000,0.2737
1749263380,0.27560000,28.00000000,0.2737
1749263380,0.27570000,28.00000000,0.2737
1749263380,0.27580000,3643.00000000,0.2737
1749263380,0.27590000,143517.00000000,0.2737
1749263380,0.27600000,1898.00000000,0.2737
1749263380,0.27610000,206.00000000,0.2737
1749263380,0.27620000,3615.00000000,0.2737
1749263380,0.27640000,4438.00000000,0.2737
1749263380,0.27650000,106655.00000000,0.2737
1749263380,0.27660000,8713.00000000,0.2737
1749263380,0.27670000,29.00000000,0.2737
1749263380,0.27680000,22.00000000,0.2737
1749263380,0.27690000,2511.00000000,0.2737
1749263380,0.27700000,3688.00000000,0.2737
1749263380,0.27730000,23.00000000,0.2737
1749263380,0.27740000,3615.00000000,0.2737
1749263380,0.27750000,2273.00000000,0.2737
1749263380,0.27760000,19.00000000,0.2737
1749263380,0.27780000,4722.00000000,0.2737
1749263380,0.27790000,4279.00000000,0.2737
1749263380,0.27800000,3345.00000000,0.2737
1749263380,0.27810000,1548.00000000,0.2737
1749263380,0.27820000,485.00000000,0.2737
1749263380,0.27830000,82.00000000,0.2737
1749263380,0.27880000,201.00000000,0.2737
1749263380,0.27890000,1508.00000000,0.2737
1749263380,0.27910000,41.00000000,0.2737
1749263380,0.27930000,29.00000000,0.2737
1749263380,0.27940000,35.00000000,0.2737
1749263380,0.27950000,59.00000000,0.2737
1749263380,0.27960000,492.00000000,0.2737
1749263380,0.28000000,3678.00000000,0.2737
1749263380,0.28030000,1083.00000000,0.2737
1749263380,0.28040000,924.00000000,0.2737
1749263380,0.28050000,31.00000000,0.2737
1749263380,0.28110000,28.00000000,0.2737
1749263380,0.28120000,41.00000000,0.2737
1749263380,0.28150000,19.00000000,0.2737
1749263380,0.28160000,44.00000000,0.2737
1749263380,0.28220000,69.00000000,0.2737
1749263380,0.28230000,64.00000000,0.2737
1749263380,0.28250000,20.00000000,0.2737
1749263380,0.28310000,24.00000000,0.2737
1749263380,0.28330000,62.00000000,0.2737
1749263380,0.28340000,171.00000000,0.2737
1749263380,0.28350000,176.00000000,0.2737
1749263380,0.28370000,100.00000000,0.2737
1749263380,0.28400000,1031.00000000,0.2737
1749263380,0.28430000,82.00000000,0.2737
1749263380,0.28450000,266.00000000,0.2737
1749263380,0.28460000,180.00000000,0.2737
1749263380,0.28490000,352.00000000,0.2737
1749263380,0.28500000,636.00000000,0.2737
1749263380,0.28540000,60.00000000,0.2737
1749263380,0.28560000,78.00000000,0.2737
1749263380,0.28580000,47.00000000,0.2737
1749263380,0.28600000,65.00000000,0.2737
1749263380,0.28620000,37.00000000,0.2737
1749263380,0.28660000,85.00000000,0.2737
1749263380,0.28700000,356.00000000,0.2737
1749263380,0.28720000,20.00000000,0.2737
1749263380,0.28750000,61.00000000,0.2737
1749263380,0.28760000,54.00000000,0.2737
1749263380,0.28790000,28.00000000,0.2737
1749263380,0.28800000,43.00000000,0.2737
1749263380,0.28810000,52.00000000,0.2737
1749263380,0.28820000,20.00000000,0.2737
1749263380,0.28830000,21.00000000,0.2737
1749263380,0.28840000,24.00000000,0.2737
1749263380,0.28890000,136.00000000,0.2737
1749263380,0.28900000,197.00000000,0.2737
1749263380,0.28940000,19.00000000,0.2737
1749263380,0.28950000,477.00000000,0.2737
1749263380,0.28990000,52.00000000,0.2737
1749263380,0.29000000,3620.00000000,0.2737
1749263380,0.29010000,23.00000000,0.2737
1749263380,0.29020000,60.00000000,0.2737
1749263380,0.29040000,2011.00000000,0.2737
1749263380,0.29060000,375.00000000,0.2737
1749263380,0.29070000,550.00000000,0.2737
1749263380,0.29100000,20.00000000,0.2737
1749263380,0.29120000,100.00000000,0.2737
1749263380,0.29130000,24.00000000,0.2737
1749263523,0.27360000,1619.00000000,0.2733
1749263523,0.27370000,8349.00000000,0.2733
1749263523,0.27380000,8986.00000000,0.2733
1749263523,0.27390000,23848.00000000,0.2733
1749263523,0.27400000,23124.00000000,0.2733
1749263523,0.27410000,12149.00000000,0.2733
1749263523,0.27420000,29615.00000000,0.2733
1749263523,0.27430000,8748.00000000,0.2733
1749263523,0.27440000,9806.00000000,0.2733
1749263523,0.27450000,1672.00000000,0.2733
1749263523,0.27460000,73919.00000000,0.2733
1749263523,0.27470000,1367.00000000,0.2733
1749263523,0.27480000,1668.00000000,0.2733
1749263523,0.27490000,14856.00000000,0.2733
1749263523,0.27500000,1030.00000000,0.2733
1749263523,0.27510000,2461.00000000,0.2733
1749263523,0.27520000,9406.00000000,0.2733
1749263523,0.27530000,1898.00000000,0.2733
1749263523,0.27540000,883.00000000,0.2733
1749263523,0.27550000,39915.00000000,0.2733
1749263523,0.27560000,28.00000000,0.2733
1749263523,0.27570000,28.00000000,0.2733
1749263523,0.27580000,3643.00000000,0.2733
1749263523,0.27590000,107290.00000000,0.2733
1749263523,0.27600000,883.00000000,0.2733
1749263523,0.27610000,206.00000000,0.2733
1749263523,0.27620000,3615.00000000,0.2733
1749263523,0.27640000,4438.00000000,0.2733
1749263523,0.27650000,106655.00000000,0.2733
1749263523,0.27660000,8713.00000000,0.2733
1749263523,0.27670000,29.00000000,0.2733
1749263523,0.27680000,22.00000000,0.2733
1749263523,0.27690000,2511.00000000,0.2733
1749263523,0.27700000,2833.00000000,0.2733
1749263523,0.27730000,23.00000000,0.2733
1749263523,0.27740000,2760.00000000,0.2733
1749263523,0.27750000,1418.00000000,0.2733
1749263523,0.27760000,19.00000000,0.2733
1749263523,0.27780000,3867.00000000,0.2733
1749263523,0.27790000,3424.00000000,0.2733
1749263523,0.27800000,2490.00000000,0.2733
1749263523,0.27810000,1548.00000000,0.2733
1749263523,0.27820000,485.00000000,0.2733
1749263523,0.27830000,82.00000000,0.2733
1749263523,0.27880000,201.00000000,0.2733
1749263523,0.27890000,1508.00000000,0.2733
1749263523,0.27910000,41.00000000,0.2733
1749263523,0.27930000,29.00000000,0.2733
1749263523,0.27940000,35.00000000,0.2733
1749263523,0.27950000,59.00000000,0.2733
1749263523,0.27960000,492.00000000,0.2733
1749263523,0.28000000,3678.00000000,0.2733
1749263523,0.28030000,1083.00000000,0.2733
1749263523,0.28040000,924.00000000,0.2733
1749263523,0.28050000,31.00000000,0.2733
1749263523,0.28110000,28.00000000,0.2733
1749263523,0.28120000,41.00000000,0.2733
1749263523,0.28150000,19.00000000,0.2733
1749263523,0.28160000,44.00000000,0.2733
1749263523,0.28220000,69.00000000,0.2733
1749263523,0.28230000,64.00000000,0.2733
1749263523,0.28250000,20.00000000,0.2733
1749263523,0.28310000,24.00000000,0.2733
1749263523,0.28330000,62.00000000,0.2733
1749263523,0.28340000,171.00000000,0.2733
1749263523,0.28350000,176.00000000,0.2733
1749263523,0.28370000,100.00000000,0.2733
1749263523,0.28400000,1031.00000000,0.2733
1749263523,0.28430000,82.00000000,0.2733
1749263523,0.28450000,266.00000000,0.2733
1749263523,0.28460000,180.00000000,0.2733
1749263523,0.28490000,352.00000000,0.2733
1749263523,0.28500000,636.00000000,0.2733
1749263523,0.28540000,60.00000000,0.2733
1749263523,0.28560000,78.00000000,0.2733
1749263523,0.28580000,47.00000000,0.2733
1749263523,0.28600000,65.00000000,0.2733
1749263523,0.28620000,37.00000000,0.2733
1749263523,0.28660000,85.00000000,0.2733
1749263523,0.28700000,356.00000000,0.2733
1749263523,0.28720000,20.00000000,0.2733
1749263523,0.28750000,61.00000000,0.2733
1749263523,0.28760000,54.00000000,0.2733
1749263523,0.28790000,28.00000000,0.2733
1749263523,0.28800000,43.00000000,0.2733
1749263523,0.28810000,52.00000000,0.2733
1749263523,0.28820000,20.00000000,0.2733
1749263523,0.28830000,21.00000000,0.2733
1749263523,0.28840000,24.00000000,0.2733
1749263523,0.28890000,136.00000000,0.2733
1749263523,0.28900000,197.00000000,0.2733
1749263523,0.28940000,19.00000000,0.2733
1749263523,0.28950000,477.00000000,0.2733
1749263523,0.28990000,52.00000000,0.2733
1749263523,0.29000000,3620.00000000,0.2733
1749263523,0.29010000,23.00000000,0.2733
1749263523,0.29020000,60.00000000,0.2733
1749263523,0.29040000,2011.00000000,0.2733
1749263523,0.29060000,375.00000000,0.2733
1749263523,0.29070000,550.00000000,0.2733
1749263682,0.27390000,5624.00000000,0.2738
1749263682,0.27400000,6886.00000000,0.2738
1749263682,0.27410000,14271.00000000,0.2738
1749263682,0.27420000,21982.00000000,0.2738
1749263682,0.27430000,14434.00000000,0.2738
1749263682,0.27440000,21031.00000000,0.2738
1749263682,0.27450000,20583.00000000,0.2738
1749263682,0.27460000,82097.00000000,0.2738
1749263682,0.27470000,1367.00000000,0.2738
1749263682,0.27480000,1668.00000000,0.2738
1749263682,0.27490000,14856.00000000,0.2738
1749263682,0.27500000,1486.00000000,0.2738
1749263682,0.27510000,2917.00000000,0.2738
1749263682,0.27520000,9406.00000000,0.2738
1749263682,0.27530000,1898.00000000,0.2738
1749263682,0.27540000,883.00000000,0.2738
1749263682,0.27550000,39915.00000000,0.2738
1749263682,0.27560000,28.00000000,0.2738
1749263682,0.27570000,28.00000000,0.2738
1749263682,0.27580000,3643.00000000,0.2738
1749263682,0.27590000,107290.00000000,0.2738
1749263682,0.27600000,883.00000000,0.2738
1749263682,0.27610000,206.00000000,0.2738
1749263682,0.27620000,3615.00000000,0.2738
1749263682,0.27640000,4438.00000000,0.2738
1749263682,0.27650000,106655.00000000,0.2738
1749263682,0.27660000,8713.00000000,0.2738
1749263682,0.27670000,29.00000000,0.2738
1749263682,0.27680000,22.00000000,0.2738
1749263682,0.27690000,2511.00000000,0.2738
1749263682,0.27700000,3688.00000000,0.2738
1749263682,0.27730000,23.00000000,0.2738
1749263682,0.27740000,3615.00000000,0.2738
1749263682,0.27750000,2273.00000000,0.2738
1749263682,0.27760000,19.00000000,0.2738
1749263682,0.27780000,3867.00000000,0.2738
1749263682,0.27790000,3424.00000000,0.2738
1749263682,0.27800000,2490.00000000,0.2738
1749263682,0.27810000,1548.00000000,0.2738
1749263682,0.27820000,485.00000000,0.2738
1749263682,0.27830000,82.00000000,0.2738
1749263682,0.27880000,201.00000000,0.2738
1749263682,0.27890000,1508.00000000,0.2738
1749263682,0.27910000,41.00000000,0.2738
1749263682,0.27930000,29.00000000,0.2738
1749263682,0.27940000,35.00000000,0.2738
1749263682,0.27950000,59.00000000,0.2738
1749263682,0.27960000,492.00000000,0.2738
1749263682,0.28000000,3678.00000000,0.2738
1749263682,0.28030000,1083.00000000,0.2738
1749263682,0.28040000,924.00000000,0.2738
1749263682,0.28050000,31.00000000,0.2738
1749263682,0.28110000,28.00000000,0.2738
1749263682,0.28120000,41.00000000,0.2738
1749263682,0.28150000,19.00000000,0.2738
1749263682,0.28160000,44.00000000,0.2738
1749263682,0.28220000,69.00000000,0.2738
1749263682,0.28230000,64.00000000,0.2738
1749263682,0.28250000,20.00000000,0.2738
1749263682,0.28310000,24.00000000,0.2738
1749263682,0.28330000,62.00000000,0.2738
1749263682,0.28340000,171.00000000,0.2738
1749263682,0.28350000,176.00000000,0.2738
1749263682,0.28370000,100.00000000,0.2738
1749263682,0.28400000,1031.00000000,0.2738
1749263682,0.28430000,82.00000000,0.2738
1749263682,0.28450000,266.00000000,0.2738
1749263682,0.28460000,180.00000000,0.2738
1749263682,0.28490000,352.00000000,0.2738
1749263682,0.28500000,636.00000000,0.2738
1749263682,0.28540000,60.00000000,0.2738
1749263682,0.28560000,78.00000000,0.2738
1749263682,0.28580000,47.00000000,0.2738
1749263682,0.28600000,65.00000000,0.2738
1749263682,0.28620000,37.00000000,0.2738
1749263682,0.28660000,85.00000000,0.2738
1749263682,0.28700000,356.00000000,0.2738
1749263682,0.28720000,20.00000000,0.2738
1749263682,0.28750000,61.00000000,0.2738
1749263682,0.28760000,54.00000000,0.2738
1749263682,0.28790000,28.00000000,0.2738
1749263682,0.28800000,43.00000000,0.2738
1749263682,0.28810000,52.00000000,0.2738
1749263682,0.28820000,20.00000000,0.2738
1749263682,0.28830000,21.00000000,0.2738
1749263682,0.28840000,24.00000000,0.2738
1749263682,0.28890000,136.00000000,0.2738
1749263682,0.28900000,197.00000000,0.2738
1749263682,0.28940000,19.00000000,0.2738
1749263682,0.28950000,477.00000000,0.2738
1749263682,0.28990000,52.00000000,0.2738
1749263682,0.29000000,3620.00000000,0.2738
1749263682,0.29010000,23.00000000,0.2738
1749263682,0.29020000,60.00000000,0.2738
1749263682,0.29040000,2011.00000000,0.2738
1749263682,0.29060000,375.00000000,0.2738
1749263682,0.29070000,550.00000000,0.2738
1749263682,0.29100000,20.00000000,0.2738
1749263682,0.29120000,100.00000000,0.2738
1749263682,0.29130000,24.00000000,0.2738
1749263829,0.27370000,855.00000000,0.2738
1749263829,0.27380000,4275.00000000,0.2738
1749263829,0.27390000,6440.00000000,0.2738
1749263829,0.27400000,5209.00000000,0.2738
1749263829,0.27410000,14337.00000000,0.2738
1749263829,0.27420000,28199.00000000,0.2738
1749263829,0.27430000,8351.00000000,0.2738
1749263829,0.27440000,14901.00000000,0.2738
1749263829,0.27450000,19464.00000000,0.2738
1749263829,0.27460000,78663.00000000,0.2738
1749263829,0.27470000,1367.00000000,0.2738
1749263829,0.27480000,1668.00000000,0.2738
1749263829,0.27490000,6446.00000000,0.2738
1749263829,0.27500000,1486.00000000,0.2738
1749263829,0.27510000,11317.00000000,0.2738
1749263829,0.27520000,9406.00000000,0.2738
1749263829,0.27530000,1898.00000000,0.2738
1749263829,0.27540000,1339.00000000,0.2738
1749263829,0.27550000,39915.00000000,0.2738
1749263829,0.27560000,28.00000000,0.2738
1749263829,0.27570000,28.00000000,0.2738
1749263829,0.27580000,3643.00000000,0.2738
1749263829,0.27590000,107290.00000000,0.2738
1749263829,0.27600000,883.00000000,0.2738
1749263829,0.27610000,206.00000000,0.2738
1749263829,0.27620000,3615.00000000,0.2738
1749263829,0.27640000,4438.00000000,0.2738
1749263829,0.27650000,106655.00000000,0.2738
1749263829,0.27660000,8713.00000000,0.2738
1749263829,0.27670000,29.00000000,0.2738
1749263829,0.27690000,2511.00000000,0.2738
1749263829,0.27700000,3688.00000000,0.2738
1749263829,0.27730000,23.00000000,0.2738
1749263829,0.27740000,2760.00000000,0.2738
1749263829,0.27750000,1418.00000000,0.2738
1749263829,0.27760000,19.00000000,0.2738
1749263829,0.27780000,3867.00000000,0.2738
1749263829,0.27790000,3424.00000000,0.2738
1749263829,0.27800000,2490.00000000,0.2738
1749263829,0.27810000,1548.00000000,0.2738
1749263829,0.27820000,485.00000000,0.2738
1749263829,0.27830000,53.00000000,0.2738
1749263829,0.27880000,201.00000000,0.2738
1749263829,0.27890000,1508.00000000,0.2738
1749263829,0.27910000,41.00000000,0.2738
1749263829,0.27930000,29.00000000,0.2738
1749263829,0.27940000,35.00000000,0.2738
1749263829,0.27950000,59.00000000,0.2738
1749263829,0.27960000,463.00000000,0.2738
1749263829,0.28000000,3678.00000000,0.2738
1749263829,0.28030000,1083.00000000,0.2738
1749263829,0.28040000,924.00000000,0.2738
1749263829,0.28050000,31.00000000,0.2738
1749263829,0.28110000,28.00000000,0.2738
1749263829,0.28120000,41.00000000,0.2738
1749263829,0.28150000,19.00000000,0.2738
1749263829,0.28160000,44.00000000,0.2738
1749263829,0.28220000,69.00000000,0.2738
1749263829,0.28230000,29.00000000,0.2738
1749263829,0.28250000,20.00000000,0.2738
1749263829,0.28310000,24.00000000,0.2738
1749263829,0.28330000,62.00000000,0.2738
1749263829,0.28340000,171.00000000,0.2738
1749263829,0.28350000,176.00000000,0.2738
1749263829,0.28370000,65.00000000,0.2738
1749263829,0.28400000,1031.00000000,0.2738
1749263829,0.28430000,82.00000000,0.2738
1749263829,0.28450000,266.00000000,0.2738
1749263829,0.28460000,180.00000000,0.2738
1749263829,0.28490000,352.00000000,0.2738
1749263829,0.28500000,636.00000000,0.2738
1749263829,0.28540000,60.00000000,0.2738
1749263829,0.28560000,78.00000000,0.2738
1749263829,0.28580000,47.00000000,0.2738
1749263829,0.28600000,65.00000000,0.2738
1749263829,0.28620000,37.00000000,0.2738
1749263829,0.28660000,85.00000000,0.2738
1749263829,0.28700000,356.00000000,0.2738
1749263829,0.28720000,20.00000000,0.2738
1749263829,0.28750000,61.00000000,0.2738
1749263829,0.28760000,54.00000000,0.2738
1749263829,0.28790000,28.00000000,0.2738
1749263829,0.28800000,43.00000000,0.2738
1749263829,0.28810000,52.00000000,0.2738
1749263829,0.28820000,20.00000000,0.2738
1749263829,0.28830000,21.00000000,0.2738
1749263829,0.28840000,24.00000000,0.2738
1749263829,0.28890000,136.00000000,0.2738
1749263829,0.28900000,197.00000000,0.2738
1749263829,0.28940000,19.00000000,0.2738
1749263829,0.28950000,477.00000000,0.2738
1749263829,0.28990000,52.00000000,0.2738
1749263829,0.29000000,3620.00000000,0.2738
1749263829,0.29010000,23.00000000,0.2738
1749263829,0.29020000,60.00000000,0.2738
1749263829,0.29040000,2011.00000000,0.2738
1749263829,0.29060000,375.00000000,0.2738
1749263829,0.29070000,550.00000000,0.2738
1749263829,0.29100000,20.00000000,0.2738
1749263829,0.29120000,100.00000000,0.2738
1749263983,0.27400000,984.00000000,0.2739
1749263983,0.27410000,5332.00000000,0.2739
1749263983,0.27420000,2687.00000000,0.2739
1749263983,0.27430000,31753.00000000,0.2739
1749263983,0.27440000,12466.00000000,0.2739
1749263983,0.27450000,24308.00000000,0.2739
1749263983,0.27460000,87137.00000000,0.2739
1749263983,0.27470000,12321.00000000,0.2739
1749263983,0.27480000,3474.00000000,0.2739
1749263983,0.27490000,7558.00000000,0.2739
1749263983,0.27500000,1486.00000000,0.2739
1749263983,0.27510000,2945.00000000,0.2739
1749263983,0.27520000,7259.00000000,0.2739
1749263983,0.27530000,1339.00000000,0.2739
1749263983,0.27540000,9270.00000000,0.2739
1749263983,0.27550000,6293.00000000,0.2739
1749263983,0.27560000,28.00000000,0.2739
1749263983,0.27570000,28.00000000,0.2739
1749263983,0.27580000,3643.00000000,0.2739
1749263983,0.27590000,106682.00000000,0.2739
1749263983,0.27600000,37092.00000000,0.2739
1749263983,0.27610000,2104.00000000,0.2739
1749263983,0.27620000,4223.00000000,0.2739
1749263983,0.27640000,4438.00000000,0.2739
1749263983,0.27650000,106655.00000000,0.2739
1749263983,0.27660000,8713.00000000,0.2739
1749263983,0.27670000,29.00000000,0.2739
1749263983,0.27690000,2511.00000000,0.2739
1749263983,0.27700000,3688.00000000,0.2739
1749263983,0.27730000,23.00000000,0.2739
1749263983,0.27740000,3615.00000000,0.2739
1749263983,0.27750000,1418.00000000,0.2739
1749263983,0.27760000,19.00000000,0.2739
1749263983,0.27780000,3867.00000000,0.2739
1749263983,0.27790000,3424.00000000,0.2739
1749263983,0.27800000,2490.00000000,0.2739
1749263983,0.27820000,485.00000000,0.2739
1749263983,0.27830000,53.00000000,0.2739
1749263983,0.27880000,1749.00000000,0.2739
1749263983,0.27890000,1508.00000000,0.2739
1749263983,0.27910000,41.00000000,0.2739
1749263983,0.27930000,29.00000000,0.2739
1749263983,0.27940000,35.00000000,0.2739
1749263983,0.27950000,59.00000000,0.2739
1749263983,0.27960000,463.00000000,0.2739
1749263983,0.28000000,3678.00000000,0.2739
1749263983,0.28030000,1083.00000000,0.2739
1749263983,0.28040000,924.00000000,0.2739
1749263983,0.28050000,31.00000000,0.2739
1749263983,0.28110000,28.00000000,0.2739
1749263983,0.28120000,41.00000000,0.2739
1749263983,0.28150000,19.00000000,0.2739
1749263983,0.28160000,44.00000000,0.2739
1749263983,0.28220000,69.00000000,0.2739
1749263983,0.28230000,29.00000000,0.2739
1749263983,0.28250000,20.00000000,0.2739
1749263983,0.28310000,24.00000000,0.2739
1749263983,0.28330000,62.00000000,0.2739
1749263983,0.28340000,171.00000000,0.2739
1749263983,0.28350000,176.00000000,0.2739
1749263983,0.28370000,65.00000000,0.2739
1749263983,0.28400000,1031.00000000,0.2739
1749263983,0.28430000,82.00000000,0.2739
1749263983,0.28450000,266.00000000,0.2739
1749263983,0.28460000,180.00000000,0.2739
1749263983,0.28490000,352.00000000,0.2739
1749263983,0.28500000,636.00000000,0.2739
1749263983,0.28540000,60.00000000,0.2739
1749263983,0.28560000,78.00000000,0.2739
1749263983,0.28580000,47.00000000,0.2739
1749263983,0.28600000,65.00000000,0.2739
1749263983,0.28620000,37.00000000,0.2739
1749263983,0.28660000,85.00000000,0.2739
1749263983,0.28700000,356.00000000,0.2739
1749263983,0.28720000,20.00000000,0.2739
1749263983,0.28750000,61.00000000,0.2739
1749263983,0.28760000,54.00000000,0.2739
1749263983,0.28790000,28.00000000,0.2739
1749263983,0.28800000,43.00000000,0.2739
1749263983,0.28810000,52.00000000,0.2739
1749263983,0.28820000,20.00000000,0.2739
1749263983,0.28830000,21.00000000,0.2739
1749263983,0.28840000,24.00000000,0.2739
1749263983,0.28890000,136.00000000,0.2739
1749263983,0.28900000,197.00000000,0.2739
1749263983,0.28940000,19.00000000,0.2739
1749263983,0.28950000,477.00000000,0.2739
1749263983,0.28990000,52.00000000,0.2739
1749263983,0.29000000,3620.00000000,0.2739
1749263983,0.29010000,23.00000000,0.2739
1749263983,0.29020000,60.00000000,0.2739
1749263983,0.29040000,2011.00000000,0.2739
1749263983,0.29060000,375.00000000,0.2739
1749263983,0.29070000,550.00000000,0.2739
1749263983,0.29100000,20.00000000,0.2739
1749263983,0.29120000,100.00000000,0.2739
1749263983,0.29130000,24.00000000,0.2739
1749263983,0.29160000,82.00000000,0.2739
1749263983,0.29170000,70.00000000,0.2739
1749263983,0.29190000,689.00000000,0.2739
1749264131,0.27370000,4845.00000000,0.2736
1749264131,0.27380000,3337.00000000,0.2736
1749264131,0.27390000,17163.00000000,0.2736
1749264131,0.27400000,7707.00000000,0.2736
1749264131,0.27410000,29866.00000000,0.2736
1749264131,0.27420000,16963.00000000,0.2736
1749264131,0.27430000,12214.00000000,0.2736
1749264131,0.27440000,10660.00000000,0.2736
1749264131,0.27450000,9400.00000000,0.2736
1749264131,0.27460000,77629.00000000,0.2736
1749264131,0.27470000,1367.00000000,0.2736
1749264131,0.27480000,1668.00000000,0.2736
1749264131,0.27490000,14853.00000000,0.2736
1749264131,0.27500000,1486.00000000,0.2736
1749264131,0.27510000,3097.00000000,0.2736
1749264131,0.27520000,9443.00000000,0.2736
1749264131,0.27530000,883.00000000,0.2736
1749264131,0.27540000,1898.00000000,0.2736
1749264131,0.27550000,3643.00000000,0.2736
