timestamp,price,volume,current_price
1749258238,0.27330000,855.00000000,0.2732
1749258238,0.27340000,5859.00000000,0.2732
1749258238,0.27350000,13982.00000000,0.2732
1749258238,0.27360000,26188.00000000,0.2732
1749258238,0.27370000,23101.00000000,0.2732
1749258238,0.27380000,22496.00000000,0.2732
1749258238,0.27390000,33789.00000000,0.2732
1749258238,0.27400000,16784.00000000,0.2732
1749258238,0.27410000,9515.00000000,0.2732
1749258238,0.27420000,5766.00000000,0.2732
1749258238,0.27430000,4757.00000000,0.2732
1749258238,0.27440000,1458.00000000,0.2732
1749258238,0.27450000,1536.00000000,0.2732
1749258238,0.27460000,4220.00000000,0.2732
1749258238,0.27470000,1368.00000000,0.2732
1749258238,0.27480000,1430.00000000,0.2732
1749258238,0.27490000,4276.00000000,0.2732
1749258238,0.27500000,3814.00000000,0.2732
1749258238,0.27510000,3518.00000000,0.2732
1749258238,0.27520000,7142.00000000,0.2732
1749258238,0.27530000,1491.00000000,0.2732
1749258238,0.27540000,37169.00000000,0.2732
1749258238,0.27550000,3643.00000000,0.2732
1749258238,0.27560000,883.00000000,0.2732
1749258238,0.27570000,883.00000000,0.2732
1749258238,0.27580000,3643.00000000,0.2732
1749258238,0.27590000,27001.00000000,0.2732
1749258238,0.27600000,8397.00000000,0.2732
1749258238,0.27610000,213.00000000,0.2732
1749258238,0.27620000,2760.00000000,0.2732
1749258238,0.27640000,146.00000000,0.2732
1749258238,0.27650000,677.00000000,0.2732
1749258238,0.27660000,3061.00000000,0.2732
1749258238,0.27670000,4838.00000000,0.2732
1749258238,0.27680000,2177.00000000,0.2732
1749258238,0.27700000,2833.00000000,0.2732
1749258238,0.27730000,1679.00000000,0.2732
1749258238,0.27740000,2760.00000000,0.2732
1749258238,0.27750000,4842.00000000,0.2732
1749258238,0.27760000,19.00000000,0.2732
1749258238,0.27780000,3867.00000000,0.2732
1749258238,0.27800000,2490.00000000,0.2732
1749258238,0.27810000,1548.00000000,0.2732
1749258238,0.27820000,485.00000000,0.2732
1749258238,0.27830000,82.00000000,0.2732
1749258238,0.27880000,201.00000000,0.2732
1749258238,0.27890000,1508.00000000,0.2732
1749258238,0.27910000,41.00000000,0.2732
1749258238,0.27930000,29.00000000,0.2732
1749258238,0.27940000,35.00000000,0.2732
1749258238,0.27950000,59.00000000,0.2732
1749258238,0.27960000,492.00000000,0.2732
1749258238,0.28000000,3678.00000000,0.2732
1749258238,0.28030000,1083.00000000,0.2732
1749258238,0.28040000,924.00000000,0.2732
1749258238,0.28050000,31.00000000,0.2732
1749258238,0.28110000,28.00000000,0.2732
1749258238,0.28120000,41.00000000,0.2732
1749258238,0.28150000,19.00000000,0.2732
1749258238,0.28160000,44.00000000,0.2732
1749258238,0.28220000,69.00000000,0.2732
1749258238,0.28230000,64.00000000,0.2732
1749258238,0.28250000,20.00000000,0.2732
1749258238,0.28310000,24.00000000,0.2732
1749258238,0.28330000,62.00000000,0.2732
1749258238,0.28340000,171.00000000,0.2732
1749258238,0.28350000,176.00000000,0.2732
1749258238,0.28370000,100.00000000,0.2732
1749258238,0.28400000,1031.00000000,0.2732
1749258238,0.28430000,82.00000000,0.2732
1749258238,0.28450000,266.00000000,0.2732
1749258238,0.28460000,180.00000000,0.2732
1749258238,0.28490000,352.00000000,0.2732
1749258238,0.28500000,636.00000000,0.2732
1749258238,0.28540000,60.00000000,0.2732
1749258238,0.28560000,78.00000000,0.2732
1749258238,0.28580000,47.00000000,0.2732
1749258238,0.28600000,65.00000000,0.2732
1749258238,0.28620000,37.00000000,0.2732
1749258238,0.28660000,85.00000000,0.2732
1749258238,0.28700000,356.00000000,0.2732
1749258238,0.28720000,20.00000000,0.2732
1749258238,0.28750000,61.00000000,0.2732
1749258238,0.28760000,54.00000000,0.2732
1749258238,0.28790000,28.00000000,0.2732
1749258238,0.28800000,43.00000000,0.2732
1749258238,0.28810000,52.00000000,0.2732
1749258238,0.28820000,20.00000000,0.2732
1749258238,0.28830000,21.00000000,0.2732
1749258238,0.28840000,24.00000000,0.2732
1749258238,0.28890000,136.00000000,0.2732
1749258238,0.28900000,197.00000000,0.2732
1749258238,0.28940000,19.00000000,0.2732
1749258238,0.28950000,477.00000000,0.2732
1749258238,0.28990000,52.00000000,0.2732
1749258238,0.29000000,3620.00000000,0.2732
1749258238,0.29010000,23.00000000,0.2732
1749258238,0.29020000,60.00000000,0.2732
1749258238,0.29040000,2011.00000000,0.2732
1749258238,0.29060000,375.00000000,0.2732
1749258381,0.27320000,1371.00000000,0.2732
1749258381,0.27330000,10091.00000000,0.2732
1749258381,0.27340000,12163.00000000,0.2732
1749258381,0.27350000,32198.00000000,0.2732
1749258381,0.27360000,29000.00000000,0.2732
1749258381,0.27370000,36302.00000000,0.2732
1749258381,0.27380000,23181.00000000,0.2732
1749258381,0.27390000,15813.00000000,0.2732
1749258381,0.27400000,2096.00000000,0.2732
1749258381,0.27410000,4797.00000000,0.2732
1749258381,0.27420000,2088.00000000,0.2732
1749258381,0.27430000,4127.00000000,0.2732
1749258381,0.27440000,3803.00000000,0.2732
1749258381,0.27450000,1536.00000000,0.2732
1749258381,0.27460000,4220.00000000,0.2732
1749258381,0.27470000,1368.00000000,0.2732
1749258381,0.27480000,3572.00000000,0.2732
1749258381,0.27490000,3819.00000000,0.2732
1749258381,0.27500000,1121.00000000,0.2732
1749258381,0.27510000,911.00000000,0.2732
1749258381,0.27520000,15458.00000000,0.2732
1749258381,0.27530000,1491.00000000,0.2732
1749258381,0.27540000,37169.00000000,0.2732
1749258381,0.27550000,3643.00000000,0.2732
1749258381,0.27560000,28.00000000,0.2732
1749258381,0.27570000,28.00000000,0.2732
1749258381,0.27580000,2788.00000000,0.2732
1749258381,0.27590000,27001.00000000,0.2732
1749258381,0.27600000,2189.00000000,0.2732
1749258381,0.27610000,213.00000000,0.2732
1749258381,0.27620000,2760.00000000,0.2732
1749258381,0.27640000,146.00000000,0.2732
1749258381,0.27650000,677.00000000,0.2732
1749258381,0.27660000,3061.00000000,0.2732
1749258381,0.27670000,4838.00000000,0.2732
1749258381,0.27680000,22.00000000,0.2732
1749258381,0.27700000,2833.00000000,0.2732
1749258381,0.27730000,1679.00000000,0.2732
1749258381,0.27740000,2760.00000000,0.2732
1749258381,0.27750000,4842.00000000,0.2732
1749258381,0.27760000,19.00000000,0.2732
1749258381,0.27780000,3867.00000000,0.2732
1749258381,0.27800000,2490.00000000,0.2732
1749258381,0.27810000,1548.00000000,0.2732
1749258381,0.27820000,485.00000000,0.2732
1749258381,0.27830000,82.00000000,0.2732
1749258381,0.27880000,201.00000000,0.2732
1749258381,0.27890000,1508.00000000,0.2732
1749258381,0.27910000,41.00000000,0.2732
1749258381,0.27930000,29.00000000,0.2732
1749258381,0.27940000,35.00000000,0.2732
1749258381,0.27950000,59.00000000,0.2732
1749258381,0.27960000,492.00000000,0.2732
1749258381,0.28000000,3678.00000000,0.2732
1749258381,0.28030000,1083.00000000,0.2732
1749258381,0.28040000,924.00000000,0.2732
1749258381,0.28050000,31.00000000,0.2732
1749258381,0.28110000,28.00000000,0.2732
1749258381,0.28120000,41.00000000,0.2732
1749258381,0.28150000,19.00000000,0.2732
1749258381,0.28160000,44.00000000,0.2732
1749258381,0.28220000,69.00000000,0.2732
1749258381,0.28230000,64.00000000,0.2732
1749258381,0.28250000,20.00000000,0.2732
1749258381,0.28310000,24.00000000,0.2732
1749258381,0.28330000,62.00000000,0.2732
1749258381,0.28340000,171.00000000,0.2732
1749258381,0.28350000,176.00000000,0.2732
1749258381,0.28370000,100.00000000,0.2732
1749258381,0.28400000,1031.00000000,0.2732
1749258381,0.28430000,82.00000000,0.2732
1749258381,0.28450000,266.00000000,0.2732
1749258381,0.28460000,180.00000000,0.2732
1749258381,0.28490000,352.00000000,0.2732
1749258381,0.28500000,636.00000000,0.2732
1749258381,0.28540000,60.00000000,0.2732
1749258381,0.28560000,78.00000000,0.2732
1749258381,0.28580000,47.00000000,0.2732
1749258381,0.28600000,65.00000000,0.2732
1749258381,0.28620000,37.00000000,0.2732
1749258381,0.28660000,85.00000000,0.2732
1749258381,0.28700000,356.00000000,0.2732
1749258381,0.28720000,20.00000000,0.2732
1749258381,0.28750000,61.00000000,0.2732
1749258381,0.28760000,54.00000000,0.2732
1749258381,0.28790000,28.00000000,0.2732
1749258381,0.28800000,43.00000000,0.2732
1749258381,0.28810000,52.00000000,0.2732
1749258381,0.28820000,20.00000000,0.2732
1749258381,0.28830000,21.00000000,0.2732
1749258381,0.28840000,24.00000000,0.2732
1749258381,0.28890000,136.00000000,0.2732
1749258381,0.28900000,197.00000000,0.2732
1749258381,0.28940000,19.00000000,0.2732
1749258381,0.28950000,477.00000000,0.2732
1749258381,0.28990000,52.00000000,0.2732
1749258381,0.29000000,3620.00000000,0.2732
1749258381,0.29010000,23.00000000,0.2732
1749258381,0.29020000,60.00000000,0.2732
1749258381,0.29040000,2011.00000000,0.2732
1749258540,0.27320000,855.00000000,0.2737
1749258540,0.27330000,9303.00000000,0.2737
1749258540,0.27340000,24014.00000000,0.2737
1749258540,0.27350000,31322.00000000,0.2737
1749258540,0.27360000,19492.00000000,0.2737
1749258540,0.27370000,16268.00000000,0.2737
1749258540,0.27380000,10880.00000000,0.2737
1749258540,0.27390000,26111.00000000,0.2737
1749258540,0.27400000,13342.00000000,0.2737
1749258540,0.27410000,4797.00000000,0.2737
1749258540,0.27420000,1997.00000000,0.2737
1749258540,0.27430000,4807.00000000,0.2737
1749258540,0.27440000,1367.00000000,0.2737
1749258540,0.27450000,1536.00000000,0.2737
1749258540,0.27460000,4129.00000000,0.2737
1749258540,0.27470000,1368.00000000,0.2737
1749258540,0.27480000,3483.00000000,0.2737
1749258540,0.27490000,6164.00000000,0.2737
1749258540,0.27500000,1030.00000000,0.2737
1749258540,0.27510000,911.00000000,0.2737
1749258540,0.27520000,42508.00000000,0.2737
1749258540,0.27530000,636.00000000,0.2737
1749258540,0.27540000,28.00000000,0.2737
1749258540,0.27550000,2788.00000000,0.2737
1749258540,0.27560000,28.00000000,0.2737
1749258540,0.27570000,8412.00000000,0.2737
1749258540,0.27580000,2788.00000000,0.2737
1749258540,0.27590000,27001.00000000,0.2737
1749258540,0.27600000,2189.00000000,0.2737
1749258540,0.27610000,213.00000000,0.2737
1749258540,0.27620000,2760.00000000,0.2737
1749258540,0.27640000,146.00000000,0.2737
1749258540,0.27650000,677.00000000,0.2737
1749258540,0.27660000,3061.00000000,0.2737
1749258540,0.27670000,4838.00000000,0.2737
1749258540,0.27680000,22.00000000,0.2737
1749258540,0.27700000,2833.00000000,0.2737
1749258540,0.27730000,1679.00000000,0.2737
1749258540,0.27740000,2760.00000000,0.2737
1749258540,0.27750000,4842.00000000,0.2737
1749258540,0.27760000,19.00000000,0.2737
1749258540,0.27780000,3867.00000000,0.2737
1749258540,0.27800000,2490.00000000,0.2737
1749258540,0.27810000,1548.00000000,0.2737
1749258540,0.27820000,485.00000000,0.2737
1749258540,0.27830000,82.00000000,0.2737
1749258540,0.27880000,201.00000000,0.2737
1749258540,0.27890000,1508.00000000,0.2737
1749258540,0.27910000,41.00000000,0.2737
1749258540,0.27930000,29.00000000,0.2737
1749258540,0.27940000,35.00000000,0.2737
1749258540,0.27950000,59.00000000,0.2737
1749258540,0.27960000,492.00000000,0.2737
1749258540,0.28000000,3678.00000000,0.2737
1749258540,0.28030000,1083.00000000,0.2737
1749258540,0.28040000,924.00000000,0.2737
1749258540,0.28050000,31.00000000,0.2737
1749258540,0.28110000,28.00000000,0.2737
1749258540,0.28120000,41.00000000,0.2737
1749258540,0.28150000,19.00000000,0.2737
1749258540,0.28160000,44.00000000,0.2737
1749258540,0.28220000,69.00000000,0.2737
1749258540,0.28230000,64.00000000,0.2737
1749258540,0.28250000,20.00000000,0.2737
1749258540,0.28310000,24.00000000,0.2737
1749258540,0.28330000,62.00000000,0.2737
1749258540,0.28340000,171.00000000,0.2737
1749258540,0.28350000,176.00000000,0.2737
1749258540,0.28370000,100.00000000,0.2737
1749258540,0.28400000,1031.00000000,0.2737
1749258540,0.28430000,82.00000000,0.2737
1749258540,0.28450000,266.00000000,0.2737
1749258540,0.28460000,180.00000000,0.2737
1749258540,0.28490000,352.00000000,0.2737
1749258540,0.28500000,636.00000000,0.2737
1749258540,0.28540000,60.00000000,0.2737
1749258540,0.28560000,78.00000000,0.2737
1749258540,0.28580000,47.00000000,0.2737
1749258540,0.28600000,65.00000000,0.2737
1749258540,0.28620000,37.00000000,0.2737
1749258540,0.28660000,85.00000000,0.2737
1749258540,0.28700000,356.00000000,0.2737
1749258540,0.28720000,20.00000000,0.2737
1749258540,0.28750000,61.00000000,0.2737
1749258540,0.28760000,54.00000000,0.2737
1749258540,0.28790000,28.00000000,0.2737
1749258540,0.28800000,43.00000000,0.2737
1749258540,0.28810000,52.00000000,0.2737
1749258540,0.28820000,20.00000000,0.2737
1749258540,0.28830000,21.00000000,0.2737
1749258540,0.28840000,24.00000000,0.2737
1749258540,0.28890000,136.00000000,0.2737
1749258540,0.28900000,197.00000000,0.2737
1749258540,0.28940000,19.00000000,0.2737
1749258540,0.28950000,477.00000000,0.2737
1749258540,0.28990000,52.00000000,0.2737
1749258540,0.29000000,3620.00000000,0.2737
1749258540,0.29010000,23.00000000,0.2737
1749258540,0.29020000,60.00000000,0.2737
1749258540,0.29040000,2011.00000000,0.2737
1749258697,0.27320000,1000.00000000,0.2732
1749258697,0.27330000,6787.00000000,0.2732
1749258697,0.27340000,8961.00000000,0.2732
1749258697,0.27350000,17365.00000000,0.2732
1749258697,0.27360000,12792.00000000,0.2732
1749258697,0.27370000,22622.00000000,0.2732
1749258697,0.27380000,14351.00000000,0.2732
1749258697,0.27390000,25770.00000000,0.2732
1749258697,0.27400000,13260.00000000,0.2732
1749258697,0.27410000,15482.00000000,0.2732
1749258697,0.27420000,1997.00000000,0.2732
1749258697,0.27430000,4127.00000000,0.2732
1749258697,0.27440000,1367.00000000,0.2732
1749258697,0.27450000,1627.00000000,0.2732
1749258697,0.27460000,4129.00000000,0.2732
1749258697,0.27470000,9335.00000000,0.2732
1749258697,0.27480000,3483.00000000,0.2732
1749258697,0.27490000,6164.00000000,0.2732
1749258697,0.27500000,1121.00000000,0.2732
1749258697,0.27510000,56.00000000,0.2732
1749258697,0.27520000,42508.00000000,0.2732
1749258697,0.27530000,636.00000000,0.2732
1749258697,0.27540000,28.00000000,0.2732
1749258697,0.27550000,2879.00000000,0.2732
1749258697,0.27560000,28.00000000,0.2732
1749258697,0.27570000,28.00000000,0.2732
1749258697,0.27580000,2788.00000000,0.2732
1749258697,0.27590000,27001.00000000,0.2732
1749258697,0.27600000,2280.00000000,0.2732
1749258697,0.27610000,213.00000000,0.2732
1749258697,0.27620000,2760.00000000,0.2732
1749258697,0.27640000,146.00000000,0.2732
1749258697,0.27650000,768.00000000,0.2732
1749258697,0.27660000,3061.00000000,0.2732
1749258697,0.27670000,4838.00000000,0.2732
1749258697,0.27680000,22.00000000,0.2732
1749258697,0.27700000,2895.00000000,0.2732
1749258697,0.27730000,1679.00000000,0.2732
1749258697,0.27740000,2760.00000000,0.2732
1749258697,0.27750000,4842.00000000,0.2732
1749258697,0.27760000,19.00000000,0.2732
1749258697,0.27780000,3867.00000000,0.2732
1749258697,0.27800000,2490.00000000,0.2732
1749258697,0.27810000,1548.00000000,0.2732
1749258697,0.27820000,485.00000000,0.2732
1749258697,0.27830000,82.00000000,0.2732
1749258697,0.27880000,201.00000000,0.2732
1749258697,0.27890000,1508.00000000,0.2732
1749258697,0.27910000,41.00000000,0.2732
1749258697,0.27930000,29.00000000,0.2732
1749258697,0.27940000,35.00000000,0.2732
1749258697,0.27950000,59.00000000,0.2732
1749258697,0.27960000,492.00000000,0.2732
1749258697,0.28000000,3678.00000000,0.2732
1749258697,0.28030000,1083.00000000,0.2732
1749258697,0.28040000,924.00000000,0.2732
1749258697,0.28050000,31.00000000,0.2732
1749258697,0.28110000,28.00000000,0.2732
1749258697,0.28120000,41.00000000,0.2732
1749258697,0.28150000,19.00000000,0.2732
1749258697,0.28160000,44.00000000,0.2732
1749258697,0.28220000,69.00000000,0.2732
1749258697,0.28230000,64.00000000,0.2732
1749258697,0.28250000,20.00000000,0.2732
1749258697,0.28310000,24.00000000,0.2732
1749258697,0.28330000,62.00000000,0.2732
1749258697,0.28340000,171.00000000,0.2732
1749258697,0.28350000,176.00000000,0.2732
1749258697,0.28370000,100.00000000,0.2732
1749258697,0.28400000,1031.00000000,0.2732
1749258697,0.28430000,82.00000000,0.2732
1749258697,0.28450000,266.00000000,0.2732
1749258697,0.28460000,180.00000000,0.2732
1749258697,0.28490000,352.00000000,0.2732
1749258697,0.28500000,636.00000000,0.2732
1749258697,0.28540000,60.00000000,0.2732
1749258697,0.28560000,78.00000000,0.2732
1749258697,0.28580000,47.00000000,0.2732
1749258697,0.28600000,65.00000000,0.2732
1749258697,0.28620000,37.00000000,0.2732
1749258697,0.28660000,85.00000000,0.2732
1749258697,0.28700000,356.00000000,0.2732
1749258697,0.28720000,20.00000000,0.2732
1749258697,0.28750000,61.00000000,0.2732
1749258697,0.28760000,54.00000000,0.2732
1749258697,0.28790000,28.00000000,0.2732
1749258697,0.28800000,43.00000000,0.2732
1749258697,0.28810000,52.00000000,0.2732
1749258697,0.28820000,20.00000000,0.2732
1749258697,0.28830000,21.00000000,0.2732
1749258697,0.28840000,24.00000000,0.2732
1749258697,0.28890000,136.00000000,0.2732
1749258697,0.28900000,197.00000000,0.2732
1749258697,0.28940000,19.00000000,0.2732
1749258697,0.28950000,477.00000000,0.2732
1749258697,0.28990000,52.00000000,0.2732
1749258697,0.29000000,3620.00000000,0.2732
1749258697,0.29010000,23.00000000,0.2732
1749258697,0.29020000,60.00000000,0.2732
1749258697,0.29040000,2011.00000000,0.2732
1749258855,0.27360000,855.00000000,0.2736
1749258855,0.27370000,9473.00000000,0.2736
1749258855,0.27380000,19431.00000000,0.2736
1749258855,0.27390000,27386.00000000,0.2736
1749258855,0.27400000,22862.00000000,0.2736
1749258855,0.27410000,22074.00000000,0.2736
1749258855,0.27420000,16798.00000000,0.2736
1749258855,0.27430000,15679.00000000,0.2736
1749258855,0.27440000,13268.00000000,0.2736
1749258855,0.27450000,2301.00000000,0.2736
1749258855,0.27460000,4129.00000000,0.2736
1749258855,0.27470000,1368.00000000,0.2736
1749258855,0.27480000,1368.00000000,0.2736
1749258855,0.27490000,6164.00000000,0.2736
1749258855,0.27500000,1578.00000000,0.2736
1749258855,0.27510000,1368.00000000,0.2736
1749258855,0.27520000,6036.00000000,0.2736
1749258855,0.27530000,1491.00000000,0.2736
1749258855,0.27540000,1898.00000000,0.2736
1749258855,0.27550000,12126.00000000,0.2736
1749258855,0.27560000,28.00000000,0.2736
1749258855,0.27570000,37136.00000000,0.2736
1749258855,0.27580000,3643.00000000,0.2736
1749258855,0.27590000,28.00000000,0.2736
1749258855,0.27600000,2280.00000000,0.2736
1749258855,0.27610000,213.00000000,0.2736
1749258855,0.27620000,2760.00000000,0.2736
1749258855,0.27640000,146.00000000,0.2736
1749258855,0.27650000,768.00000000,0.2736
1749258855,0.27660000,3061.00000000,0.2736
1749258855,0.27670000,29.00000000,0.2736
1749258855,0.27680000,22.00000000,0.2736
1749258855,0.27700000,2895.00000000,0.2736
1749258855,0.27730000,1679.00000000,0.2736
1749258855,0.27740000,2760.00000000,0.2736
1749258855,0.27750000,4933.00000000,0.2736
1749258855,0.27760000,19.00000000,0.2736
1749258855,0.27780000,3867.00000000,0.2736
1749258855,0.27800000,2490.00000000,0.2736
1749258855,0.27810000,1548.00000000,0.2736
1749258855,0.27820000,485.00000000,0.2736
1749258855,0.27830000,82.00000000,0.2736
1749258855,0.27880000,201.00000000,0.2736
1749258855,0.27890000,1508.00000000,0.2736
1749258855,0.27910000,41.00000000,0.2736
1749258855,0.27930000,29.00000000,0.2736
1749258855,0.27940000,35.00000000,0.2736
1749258855,0.27950000,59.00000000,0.2736
1749258855,0.27960000,492.00000000,0.2736
1749258855,0.28000000,3678.00000000,0.2736
1749258855,0.28030000,1083.00000000,0.2736
1749258855,0.28040000,924.00000000,0.2736
1749258855,0.28050000,31.00000000,0.2736
1749258855,0.28110000,28.00000000,0.2736
1749258855,0.28120000,41.00000000,0.2736
1749258855,0.28150000,19.00000000,0.2736
1749258855,0.28160000,44.00000000,0.2736
1749258855,0.28220000,69.00000000,0.2736
1749258855,0.28230000,64.00000000,0.2736
1749258855,0.28250000,20.00000000,0.2736
1749258855,0.28310000,24.00000000,0.2736
1749258855,0.28330000,62.00000000,0.2736
1749258855,0.28340000,171.00000000,0.2736
1749258855,0.28350000,176.00000000,0.2736
1749258855,0.28370000,100.00000000,0.2736
1749258855,0.28400000,1031.00000000,0.2736
1749258855,0.28430000,82.00000000,0.2736
1749258855,0.28450000,266.00000000,0.2736
1749258855,0.28460000,180.00000000,0.2736
1749258855,0.28490000,352.00000000,0.2736
1749258855,0.28500000,636.00000000,0.2736
1749258855,0.28540000,60.00000000,0.2736
1749258855,0.28560000,78.00000000,0.2736
1749258855,0.28580000,47.00000000,0.2736
1749258855,0.28600000,65.00000000,0.2736
1749258855,0.28620000,37.00000000,0.2736
1749258855,0.28660000,85.00000000,0.2736
1749258855,0.28700000,356.00000000,0.2736
1749258855,0.28720000,20.00000000,0.2736
1749258855,0.28750000,61.00000000,0.2736
1749258855,0.28760000,54.00000000,0.2736
1749258855,0.28790000,28.00000000,0.2736
1749258855,0.28800000,43.00000000,0.2736
1749258855,0.28810000,52.00000000,0.2736
1749258855,0.28820000,20.00000000,0.2736
1749258855,0.28830000,21.00000000,0.2736
1749258855,0.28840000,24.00000000,0.2736
1749258855,0.28890000,136.00000000,0.2736
1749258855,0.28900000,197.00000000,0.2736
1749258855,0.28940000,19.00000000,0.2736
1749258855,0.28950000,477.00000000,0.2736
1749258855,0.28990000,52.00000000,0.2736
1749258855,0.29000000,3620.00000000,0.2736
1749258855,0.29010000,23.00000000,0.2736
1749258855,0.29020000,60.00000000,0.2736
1749258855,0.29040000,2011.00000000,0.2736
1749258855,0.29060000,375.00000000,0.2736
1749258855,0.29070000,550.00000000,0.2736
1749258855,0.29100000,20.00000000,0.2736
1749258855,0.29120000,100.00000000,0.2736
1749258999,0.27290000,1531.00000000,0.2729
1749258999,0.27300000,6474.00000000,0.2729
1749258999,0.27310000,14570.00000000,0.2729
1749258999,0.27320000,24013.00000000,0.2729
1749258999,0.27330000,23716.00000000,0.2729
1749258999,0.27340000,16261.00000000,0.2729
1749258999,0.27350000,20988.00000000,0.2729
1749258999,0.27360000,19195.00000000,0.2729
1749258999,0.27370000,12827.00000000,0.2729
1749258999,0.27380000,9187.00000000,0.2729
1749258999,0.27390000,7507.00000000,0.2729
1749258999,0.27400000,2096.00000000,0.2729
1749258999,0.27410000,31139.00000000,0.2729
1749258999,0.27420000,1367.00000000,0.2729
1749258999,0.27430000,4127.00000000,0.2729
1749258999,0.27440000,4060.00000000,0.2729
1749258999,0.27450000,3762.00000000,0.2729
1749258999,0.27460000,3671.00000000,0.2729
1749258999,0.27470000,1926.00000000,0.2729
1749258999,0.27480000,911.00000000,0.2729
1749258999,0.27490000,40173.00000000,0.2729
1749258999,0.27500000,9532.00000000,0.2729
1749258999,0.27510000,883.00000000,0.2729
1749258999,0.27520000,5181.00000000,0.2729
1749258999,0.27530000,2803.00000000,0.2729
1749258999,0.27540000,28.00000000,0.2729
1749258999,0.27550000,2879.00000000,0.2729
1749258999,0.27560000,28.00000000,0.2729
1749258999,0.27570000,28.00000000,0.2729
1749258999,0.27580000,2788.00000000,0.2729
1749258999,0.27590000,28.00000000,0.2729
1749258999,0.27600000,4868.00000000,0.2729
1749258999,0.27610000,213.00000000,0.2729
1749258999,0.27620000,2760.00000000,0.2729
1749258999,0.27640000,146.00000000,0.2729
1749258999,0.27650000,768.00000000,0.2729
1749258999,0.27660000,3061.00000000,0.2729
1749258999,0.27670000,29.00000000,0.2729
1749258999,0.27680000,22.00000000,0.2729
1749258999,0.27700000,2895.00000000,0.2729
1749258999,0.27730000,1679.00000000,0.2729
1749258999,0.27740000,2760.00000000,0.2729
1749258999,0.27750000,4842.00000000,0.2729
1749258999,0.27760000,19.00000000,0.2729
1749258999,0.27780000,3867.00000000,0.2729
1749258999,0.27800000,2490.00000000,0.2729
1749258999,0.27810000,1548.00000000,0.2729
1749258999,0.27820000,485.00000000,0.2729
1749258999,0.27830000,82.00000000,0.2729
1749258999,0.27880000,201.00000000,0.2729
1749258999,0.27890000,1508.00000000,0.2729
1749258999,0.27910000,41.00000000,0.2729
1749258999,0.27930000,29.00000000,0.2729
1749258999,0.27940000,35.00000000,0.2729
1749258999,0.27950000,59.00000000,0.2729
1749258999,0.27960000,492.00000000,0.2729
1749258999,0.28000000,3678.00000000,0.2729
1749258999,0.28030000,1083.00000000,0.2729
1749258999,0.28040000,924.00000000,0.2729
1749258999,0.28050000,31.00000000,0.2729
1749258999,0.28110000,28.00000000,0.2729
1749258999,0.28120000,41.00000000,0.2729
1749258999,0.28150000,19.00000000,0.2729
1749258999,0.28160000,44.00000000,0.2729
1749258999,0.28220000,69.00000000,0.2729
1749258999,0.28230000,64.00000000,0.2729
1749258999,0.28250000,20.00000000,0.2729
1749258999,0.28310000,24.00000000,0.2729
1749258999,0.28330000,62.00000000,0.2729
1749258999,0.28340000,171.00000000,0.2729
1749258999,0.28350000,176.00000000,0.2729
1749258999,0.28370000,100.00000000,0.2729
1749258999,0.28400000,1031.00000000,0.2729
1749258999,0.28430000,82.00000000,0.2729
1749258999,0.28450000,266.00000000,0.2729
1749258999,0.28460000,180.00000000,0.2729
1749258999,0.28490000,352.00000000,0.2729
1749258999,0.28500000,636.00000000,0.2729
1749258999,0.28540000,60.00000000,0.2729
1749258999,0.28560000,78.00000000,0.2729
1749258999,0.28580000,47.00000000,0.2729
1749258999,0.28600000,65.00000000,0.2729
1749258999,0.28620000,37.00000000,0.2729
1749258999,0.28660000,85.00000000,0.2729
1749258999,0.28700000,356.00000000,0.2729
1749258999,0.28720000,20.00000000,0.2729
1749258999,0.28750000,61.00000000,0.2729
1749258999,0.28760000,54.00000000,0.2729
1749258999,0.28790000,28.00000000,0.2729
1749258999,0.28800000,43.00000000,0.2729
1749258999,0.28810000,52.00000000,0.2729
1749258999,0.28820000,20.00000000,0.2729
1749258999,0.28830000,21.00000000,0.2729
1749258999,0.28840000,24.00000000,0.2729
1749258999,0.28890000,136.00000000,0.2729
1749258999,0.28900000,197.00000000,0.2729
1749258999,0.28940000,19.00000000,0.2729
1749258999,0.28950000,477.00000000,0.2729
1749258999,0.28990000,52.00000000,0.2729
1749258999,0.29000000,3620.00000000,0.2729
1749259161,0.27310000,855.00000000,0.2732
1749259161,0.27320000,8709.00000000,0.2732
1749259161,0.27330000,12502.00000000,0.2732
1749259161,0.27340000,18826.00000000,0.2732
1749259161,0.27350000,20731.00000000,0.2732
1749259161,0.27360000,23555.00000000,0.2732
1749259161,0.27370000,17534.00000000,0.2732
1749259161,0.27380000,9359.00000000,0.2732
1749259161,0.27390000,28915.00000000,0.2732
1749259161,0.27400000,2132.00000000,0.2732
1749259161,0.27410000,31139.00000000,0.2732
1749259161,0.27420000,512.00000000,0.2732
1749259161,0.27430000,3272.00000000,0.2732
1749259161,0.27440000,4437.00000000,0.2732
1749259161,0.27450000,9203.00000000,0.2732
1749259161,0.27460000,3273.00000000,0.2732
1749259161,0.27470000,3242.00000000,0.2732
1749259161,0.27480000,2637.00000000,0.2732
1749259161,0.27490000,2936.00000000,0.2732
1749259161,0.27500000,238.00000000,0.2732
1749259161,0.27510000,28.00000000,0.2732
1749259161,0.27520000,3603.00000000,0.2732
1749259161,0.27530000,636.00000000,0.2732
1749259161,0.27540000,36317.00000000,0.2732
1749259161,0.27550000,2879.00000000,0.2732
1749259161,0.27560000,28.00000000,0.2732
1749259161,0.27570000,28.00000000,0.2732
1749259161,0.27580000,2788.00000000,0.2732
1749259161,0.27590000,28.00000000,0.2732
1749259161,0.27600000,4868.00000000,0.2732
1749259161,0.27610000,213.00000000,0.2732
1749259161,0.27620000,2760.00000000,0.2732
1749259161,0.27640000,146.00000000,0.2732
1749259161,0.27650000,768.00000000,0.2732
1749259161,0.27660000,3061.00000000,0.2732
1749259161,0.27670000,29.00000000,0.2732
1749259161,0.27680000,22.00000000,0.2732
1749259161,0.27700000,2895.00000000,0.2732
1749259161,0.27730000,1679.00000000,0.2732
1749259161,0.27740000,4308.00000000,0.2732
1749259161,0.27750000,4842.00000000,0.2732
1749259161,0.27760000,19.00000000,0.2732
1749259161,0.27780000,3867.00000000,0.2732
1749259161,0.27800000,2490.00000000,0.2732
1749259161,0.27820000,485.00000000,0.2732
1749259161,0.27830000,82.00000000,0.2732
1749259161,0.27880000,201.00000000,0.2732
1749259161,0.27890000,1508.00000000,0.2732
1749259161,0.27910000,41.00000000,0.2732
1749259161,0.27930000,29.00000000,0.2732
1749259161,0.27940000,35.00000000,0.2732
1749259161,0.27950000,59.00000000,0.2732
1749259161,0.27960000,492.00000000,0.2732
1749259161,0.28000000,3678.00000000,0.2732
1749259161,0.28030000,1083.00000000,0.2732
1749259161,0.28040000,924.00000000,0.2732
1749259161,0.28050000,31.00000000,0.2732
1749259161,0.28110000,28.00000000,0.2732
1749259161,0.28120000,41.00000000,0.2732
1749259161,0.28150000,19.00000000,0.2732
1749259161,0.28160000,44.00000000,0.2732
1749259161,0.28220000,69.00000000,0.2732
1749259161,0.28230000,64.00000000,0.2732
1749259161,0.28250000,20.00000000,0.2732
1749259161,0.28310000,24.00000000,0.2732
1749259161,0.28330000,62.00000000,0.2732
1749259161,0.28340000,171.00000000,0.2732
1749259161,0.28350000,176.00000000,0.2732
1749259161,0.28370000,100.00000000,0.2732
1749259161,0.28400000,1031.00000000,0.2732
1749259161,0.28430000,82.00000000,0.2732
1749259161,0.28450000,266.00000000,0.2732
1749259161,0.28460000,180.00000000,0.2732
1749259161,0.28490000,352.00000000,0.2732
1749259161,0.28500000,636.00000000,0.2732
1749259161,0.28540000,60.00000000,0.2732
1749259161,0.28560000,78.00000000,0.2732
1749259161,0.28580000,47.00000000,0.2732
1749259161,0.28600000,65.00000000,0.2732
1749259161,0.28620000,37.00000000,0.2732
1749259161,0.28660000,85.00000000,0.2732
1749259161,0.28700000,356.00000000,0.2732
1749259161,0.28720000,20.00000000,0.2732
1749259161,0.28750000,61.00000000,0.2732
1749259161,0.28760000,54.00000000,0.2732
1749259161,0.28790000,28.00000000,0.2732
1749259161,0.28800000,43.00000000,0.2732
1749259161,0.28810000,52.00000000,0.2732
1749259161,0.28820000,20.00000000,0.2732
1749259161,0.28830000,21.00000000,0.2732
1749259161,0.28840000,24.00000000,0.2732
1749259161,0.28890000,136.00000000,0.2732
1749259161,0.28900000,197.00000000,0.2732
1749259161,0.28940000,19.00000000,0.2732
1749259161,0.28950000,477.00000000,0.2732
1749259161,0.28990000,52.00000000,0.2732
1749259161,0.29000000,3620.00000000,0.2732
1749259161,0.29010000,23.00000000,0.2732
1749259161,0.29020000,60.00000000,0.2732
1749259161,0.29040000,2011.00000000,0.2732
