timestamp,price,volume,current_price
1749254675,1.88400000,1958.10000000,1.883
1749254675,1.88500000,1558.40000000,1.883
1749254675,1.88600000,1548.40000000,1.883
1749254675,1.88700000,1551.90000000,1.883
1749254675,1.88800000,1719.30000000,1.883
1749254675,1.88900000,1697.20000000,1.883
1749254675,1.89000000,2142.10000000,1.883
1749254675,1.89100000,1552.30000000,1.883
1749254675,1.89200000,1549.20000000,1.883
1749254675,1.89300000,1650.00000000,1.883
1749254675,1.89400000,1994.10000000,1.883
1749254675,1.89500000,1958.20000000,1.883
1749254675,1.89600000,1669.40000000,1.883
1749254675,1.89700000,1541.30000000,1.883
1749254675,1.89800000,1636.80000000,1.883
1749254675,1.89900000,1541.50000000,1.883
1749254675,1.90000000,178.00000000,1.883
1749254675,1.90100000,459.90000000,1.883
1749254675,1.90200000,61.40000000,1.883
1749254675,1.90300000,140.20000000,1.883
1749254675,1.90400000,109.40000000,1.883
1749254675,1.90500000,999.10000000,1.883
1749254675,1.90600000,100.10000000,1.883
1749254675,1.90700000,94.60000000,1.883
1749254675,1.90800000,4176.90000000,1.883
1749254675,1.90900000,20.40000000,1.883
1749254675,1.91000000,116.20000000,1.883
1749254675,1.91100000,266.00000000,1.883
1749254675,1.91200000,98.80000000,1.883
1749254675,1.91300000,91.90000000,1.883
1749254675,1.91400000,123.30000000,1.883
1749254675,1.91500000,24.80000000,1.883
1749254675,1.91600000,1665.40000000,1.883
1749254675,1.91700000,5.00000000,1.883
1749254675,1.92000000,121.10000000,1.883
1749254675,1.92200000,476.80000000,1.883
1749254675,1.92400000,33.90000000,1.883
1749254675,1.92500000,65.60000000,1.883
1749254675,1.92600000,31.30000000,1.883
1749254675,1.93000000,1386.00000000,1.883
1749254675,1.93100000,13.80000000,1.883
1749254675,1.93200000,19.50000000,1.883
1749254675,1.93300000,23.40000000,1.883
1749254675,1.93500000,40.50000000,1.883
1749254675,1.93600000,890.30000000,1.883
1749254675,1.93700000,870.40000000,1.883
1749254675,1.93800000,892.90000000,1.883
1749254675,1.93900000,813.90000000,1.883
1749254675,1.94000000,966.90000000,1.883
1749254675,1.94100000,1385.40000000,1.883
1749254675,1.94400000,329.30000000,1.883
1749254675,1.94500000,21.60000000,1.883
1749254675,1.94600000,4.30000000,1.883
1749254675,1.94700000,32.20000000,1.883
1749254675,1.94800000,18.00000000,1.883
1749254675,1.94900000,599.30000000,1.883
1749254675,1.95000000,693.30000000,1.883
1749254675,1.95400000,4.20000000,1.883
1749254675,1.95500000,1028.10000000,1.883
1749254675,1.95600000,14.30000000,1.883
1749254675,1.95700000,467.70000000,1.883
1749254675,1.95800000,324.90000000,1.883
1749254675,1.95900000,23.60000000,1.883
1749254675,1.96000000,459.50000000,1.883
1749254675,1.96200000,20.70000000,1.883
1749254675,1.96300000,78.80000000,1.883
1749254675,1.96400000,3.90000000,1.883
1749254675,1.96500000,24.20000000,1.883
1749254675,1.96600000,121.40000000,1.883
1749254675,1.96700000,6.30000000,1.883
1749254675,1.96800000,21.50000000,1.883
1749254675,1.97000000,104.30000000,1.883
1749254675,1.97400000,523.40000000,1.883
1749254675,1.97500000,2210.70000000,1.883
1749254675,1.97600000,4.60000000,1.883
1749254675,1.97800000,9.10000000,1.883
1749254675,1.97900000,65.00000000,1.883
1749254675,1.98000000,113.90000000,1.883
1749254675,1.98500000,36.10000000,1.883
1749254675,1.98600000,20.50000000,1.883
1749254675,1.98900000,18.40000000,1.883
1749254675,1.99000000,1078.10000000,1.883
1749254675,1.99200000,306.60000000,1.883
1749254675,1.99300000,6.90000000,1.883
1749254675,1.99400000,28.40000000,1.883
1749254675,1.99500000,56.10000000,1.883
1749254675,1.99600000,693.00000000,1.883
1749254675,1.99800000,370.00000000,1.883
1749254675,1.99900000,3603.00000000,1.883
1749254675,2.00000000,11614.60000000,1.883
1749254675,2.00100000,293.50000000,1.883
1749254675,2.00200000,9.90000000,1.883
1749254675,2.00300000,3.70000000,1.883
1749254675,2.00400000,14.00000000,1.883
1749254675,2.00500000,20.90000000,1.883
1749254675,2.00700000,4.10000000,1.883
1749254675,2.00800000,11.20000000,1.883
1749254675,2.00900000,921.80000000,1.883
1749254675,2.01000000,796.40000000,1.883
1749254675,2.01100000,6.40000000,1.883
1749254994,1.91300000,445.40000000,1.915
1749254994,1.91400000,50.00000000,1.915
1749254994,1.91500000,1470.50000000,1.915
1749254994,1.91600000,1560.40000000,1.915
1749254994,1.91700000,1464.50000000,1.915
1749254994,1.91800000,1473.50000000,1.915
1749254994,1.91900000,1492.10000000,1.915
1749254994,1.92000000,3129.00000000,1.915
1749254994,1.92100000,1445.10000000,1.915
1749254994,1.92200000,1455.10000000,1.915
1749254994,1.92300000,1737.70000000,1.915
1749254994,1.92400000,3134.80000000,1.915
1749254994,1.92500000,162.30000000,1.915
1749254994,1.92600000,154.70000000,1.915
1749254994,1.92700000,499.80000000,1.915
1749254994,1.92800000,25.10000000,1.915
1749254994,1.92900000,22.20000000,1.915
1749254994,1.93000000,258.00000000,1.915
1749254994,1.93100000,36.10000000,1.915
1749254994,1.93200000,290.90000000,1.915
1749254994,1.93300000,46.30000000,1.915
1749254994,1.93400000,23.60000000,1.915
1749254994,1.93500000,59.50000000,1.915
1749254994,1.93600000,55.60000000,1.915
1749254994,1.93700000,35.50000000,1.915
1749254994,1.93800000,39.20000000,1.915
1749254994,1.93900000,17.90000000,1.915
1749254994,1.94000000,101.00000000,1.915
1749254994,1.94100000,529.10000000,1.915
1749254994,1.94200000,17.50000000,1.915
1749254994,1.94300000,17.50000000,1.915
1749254994,1.94400000,17.30000000,1.915
1749254994,1.94500000,36.60000000,1.915
1749254994,1.94600000,4.30000000,1.915
1749254994,1.94700000,32.20000000,1.915
1749254994,1.94800000,20.90000000,1.915
1749254994,1.95000000,4754.30000000,1.915
1749254994,1.95100000,59.90000000,1.915
1749254994,1.95400000,4.20000000,1.915
1749254994,1.95500000,1074.20000000,1.915
1749254994,1.95600000,14.30000000,1.915
1749254994,1.95700000,103.80000000,1.915
1749254994,1.95800000,324.90000000,1.915
1749254994,1.95900000,744.30000000,1.915
1749254994,1.96000000,1200.60000000,1.915
1749254994,1.96100000,694.50000000,1.915
1749254994,1.96200000,810.40000000,1.915
1749254994,1.96300000,820.70000000,1.915
1749254994,1.96400000,775.80000000,1.915
1749254994,1.96500000,767.40000000,1.915
1749254994,1.96600000,121.40000000,1.915
1749254994,1.96700000,6.30000000,1.915
1749254994,1.96800000,21.50000000,1.915
1749254994,1.97000000,104.30000000,1.915
1749254994,1.97400000,103.10000000,1.915
1749254994,1.97500000,2525.60000000,1.915
1749254994,1.97600000,4.60000000,1.915
1749254994,1.97800000,9.10000000,1.915
1749254994,1.97900000,65.00000000,1.915
1749254994,1.98000000,113.90000000,1.915
1749254994,1.98400000,420.30000000,1.915
1749254994,1.98500000,21.10000000,1.915
1749254994,1.98600000,20.50000000,1.915
1749254994,1.98800000,363.90000000,1.915
1749254994,1.98900000,18.40000000,1.915
1749254994,1.99000000,1078.10000000,1.915
1749254994,1.99200000,306.60000000,1.915
1749254994,1.99300000,6.90000000,1.915
1749254994,1.99400000,28.40000000,1.915
1749254994,1.99500000,56.10000000,1.915
1749254994,1.99800000,370.00000000,1.915
1749254994,1.99900000,3603.00000000,1.915
1749254994,2.00000000,11117.10000000,1.915
1749254994,2.00100000,293.50000000,1.915
1749254994,2.00200000,9.90000000,1.915
1749254994,2.00300000,3.70000000,1.915
1749254994,2.00400000,14.00000000,1.915
1749254994,2.00500000,20.90000000,1.915
1749254994,2.00700000,4.10000000,1.915
1749254994,2.00800000,560.30000000,1.915
1749254994,2.00900000,297.60000000,1.915
1749254994,2.01000000,82.10000000,1.915
1749254994,2.01100000,6.40000000,1.915
1749254994,2.01200000,4.60000000,1.915
1749254994,2.01300000,49.90000000,1.915
1749254994,2.01400000,25.30000000,1.915
1749254994,2.01500000,252.60000000,1.915
1749254994,2.01600000,13.90000000,1.915
1749254994,2.01700000,737.40000000,1.915
1749254994,2.01800000,13.20000000,1.915
1749254994,2.01900000,17.40000000,1.915
1749254994,2.02000000,1145.10000000,1.915
1749254994,2.02100000,624.20000000,1.915
1749254994,2.02200000,261.30000000,1.915
1749254994,2.02300000,709.70000000,1.915
1749254994,2.02400000,5.00000000,1.915
1749254994,2.02500000,61.80000000,1.915
1749254994,2.02800000,27.00000000,1.915
1749254994,2.02900000,3.40000000,1.915
1749254994,2.03000000,652.00000000,1.915
