timestamp,price,volume,current_price
1749258436,1.86800000,125.20000000,1.867
1749258436,1.86900000,2096.50000000,1.867
1749258436,1.87000000,2150.40000000,1.867
1749258436,1.87100000,2175.30000000,1.867
1749258436,1.87200000,1621.80000000,1.867
1749258436,1.87300000,1604.70000000,1.867
1749258436,1.87400000,1861.70000000,1.867
1749258436,1.87500000,1643.60000000,1.867
1749258436,1.87600000,1603.10000000,1.867
1749258436,1.87700000,1766.60000000,1.867
1749258436,1.87800000,1796.30000000,1.867
1749258436,1.87900000,2051.20000000,1.867
1749258436,1.88000000,2075.40000000,1.867
1749258436,1.88100000,71.40000000,1.867
1749258436,1.88200000,294.00000000,1.867
1749258436,1.88300000,348.70000000,1.867
1749258436,1.88400000,181.70000000,1.867
1749258436,1.88500000,452.70000000,1.867
1749258436,1.88600000,271.40000000,1.867
1749258436,1.88700000,155.70000000,1.867
1749258436,1.88800000,639.90000000,1.867
1749258436,1.88900000,3.00000000,1.867
1749258436,1.89000000,4970.00000000,1.867
1749258436,1.89100000,641.40000000,1.867
1749258436,1.89200000,118.80000000,1.867
1749258436,1.89500000,9.80000000,1.867
1749258436,1.89600000,116.80000000,1.867
1749258436,1.89700000,63.70000000,1.867
1749258436,1.89800000,115.80000000,1.867
1749258436,1.89900000,210.40000000,1.867
1749258436,1.90000000,227.30000000,1.867
1749258436,1.90100000,99.00000000,1.867
1749258436,1.90200000,68.20000000,1.867
1749258436,1.90300000,79.10000000,1.867
1749258436,1.90400000,331.50000000,1.867
1749258436,1.90500000,19.30000000,1.867
1749258436,1.90600000,13.60000000,1.867
1749258436,1.90700000,99.00000000,1.867
1749258436,1.90800000,18.60000000,1.867
1749258436,1.90900000,9.90000000,1.867
1749258436,1.91000000,773.00000000,1.867
1749258436,1.91100000,3.40000000,1.867
1749258436,1.91200000,674.30000000,1.867
1749258436,1.91400000,21.00000000,1.867
1749258436,1.91500000,173.20000000,1.867
1749258436,1.91600000,214.80000000,1.867
1749258436,1.91700000,35.20000000,1.867
1749258436,1.91900000,1054.50000000,1.867
1749258436,1.92000000,2593.00000000,1.867
1749258436,1.92200000,115.80000000,1.867
1749258436,1.92300000,171.30000000,1.867
1749258436,1.92400000,214.30000000,1.867
1749258436,1.92500000,33.00000000,1.867
1749258436,1.92600000,31.30000000,1.867
1749258436,1.92700000,875.20000000,1.867
1749258436,1.92800000,1412.80000000,1.867
1749258436,1.92900000,908.60000000,1.867
1749258436,1.93000000,3527.50000000,1.867
1749258436,1.93100000,792.20000000,1.867
1749258436,1.93200000,953.00000000,1.867
1749258436,1.93300000,23.40000000,1.867
1749258436,1.93400000,125.60000000,1.867
1749258436,1.93500000,24.50000000,1.867
1749258436,1.93600000,29.80000000,1.867
1749258436,1.93700000,368.00000000,1.867
1749258436,1.93800000,16.60000000,1.867
1749258436,1.94000000,318.40000000,1.867
1749258436,1.94100000,338.00000000,1.867
1749258436,1.94200000,16.90000000,1.867
1749258436,1.94300000,98.10000000,1.867
1749258436,1.94400000,24.60000000,1.867
1749258436,1.94500000,21.60000000,1.867
1749258436,1.94600000,120.10000000,1.867
1749258436,1.94700000,32.20000000,1.867
1749258436,1.94800000,117.10000000,1.867
1749258436,1.94900000,19.30000000,1.867
1749258436,1.95000000,706.30000000,1.867
1749258436,1.95100000,19.20000000,1.867
1749258436,1.95200000,134.40000000,1.867
1749258436,1.95300000,18.00000000,1.867
1749258436,1.95400000,40.80000000,1.867
1749258436,1.95500000,350.70000000,1.867
1749258436,1.95600000,120.80000000,1.867
1749258436,1.95700000,120.70000000,1.867
1749258436,1.95800000,570.30000000,1.867
1749258436,1.95900000,41.30000000,1.867
1749258436,1.96000000,1087.50000000,1.867
1749258436,1.96100000,18.00000000,1.867
1749258436,1.96200000,458.20000000,1.867
1749258436,1.96300000,127.10000000,1.867
1749258436,1.96400000,136.60000000,1.867
1749258436,1.96500000,41.80000000,1.867
1749258436,1.96600000,60.40000000,1.867
1749258436,1.96700000,23.40000000,1.867
1749258436,1.96800000,31.50000000,1.867
1749258436,1.96900000,16.90000000,1.867
1749258436,1.97000000,247.10000000,1.867
1749258436,1.97100000,17.60000000,1.867
1749258436,1.97200000,17.60000000,1.867
1749258436,1.97300000,17.30000000,1.867
1749258776,1.92500000,1807.20000000,1.927
1749258776,1.92600000,2177.20000000,1.927
1749258776,1.92700000,1639.50000000,1.927
1749258776,1.92800000,1887.50000000,1.927
1749258776,1.92900000,1639.50000000,1.927
1749258776,1.93000000,1662.20000000,1.927
1749258776,1.93100000,1634.00000000,1.927
1749258776,1.93200000,1884.00000000,1.927
1749258776,1.93300000,1524.20000000,1.927
1749258776,1.93400000,1642.90000000,1.927
1749258776,1.93500000,1597.80000000,1.927
1749258776,1.93600000,1579.10000000,1.927
1749258776,1.93700000,1881.40000000,1.927
1749258776,1.93800000,1599.90000000,1.927
1749258776,1.93900000,1576.10000000,1.927
1749258776,1.94000000,1716.50000000,1.927
1749258776,1.94100000,1524.20000000,1.927
1749258776,1.94200000,1623.10000000,1.927
1749258776,1.94300000,1622.30000000,1.927
1749258776,1.94400000,4789.10000000,1.927
1749258776,1.94500000,1542.90000000,1.927
1749258776,1.94600000,115.80000000,1.927
1749258776,1.94800000,97.90000000,1.927
1749258776,1.95000000,266.00000000,1.927
1749258776,1.95200000,339.40000000,1.927
1749258776,1.95500000,272.60000000,1.927
1749258776,1.95600000,17.20000000,1.927
1749258776,1.95800000,465.10000000,1.927
1749258776,1.95900000,13.50000000,1.927
1749258776,1.96000000,853.20000000,1.927
1749258776,1.96200000,221.70000000,1.927
1749258776,1.96300000,66.60000000,1.927
1749258776,1.96400000,326.00000000,1.927
1749258776,1.96500000,176.20000000,1.927
1749258776,1.96600000,395.10000000,1.927
1749258776,1.96700000,3.00000000,1.927
1749258776,1.96800000,215.80000000,1.927
1749258776,1.96900000,1164.10000000,1.927
1749258776,1.97000000,137.10000000,1.927
1749258776,1.97300000,325.10000000,1.927
1749258776,1.97400000,451.00000000,1.927
1749258776,1.97500000,370.70000000,1.927
1749258776,1.97600000,477.90000000,1.927
1749258776,1.97700000,408.70000000,1.927
1749258776,1.97800000,35.20000000,1.927
1749258776,1.97900000,192.00000000,1.927
1749258776,1.98000000,222.80000000,1.927
1749258776,1.98100000,9.50000000,1.927
1749258776,1.98200000,875.60000000,1.927
1749258776,1.98300000,27.70000000,1.927
1749258776,1.98400000,9.30000000,1.927
1749258776,1.98500000,30.20000000,1.927
1749258776,1.98600000,30.00000000,1.927
1749258776,1.98700000,328.30000000,1.927
1749258776,1.98800000,134.00000000,1.927
1749258776,1.98900000,121.00000000,1.927
1749258776,1.99000000,6233.90000000,1.927
1749258776,1.99100000,9.60000000,1.927
1749258776,1.99200000,315.80000000,1.927
1749258776,1.99300000,640.30000000,1.927
1749258776,1.99400000,183.60000000,1.927
1749258776,1.99500000,65.10000000,1.927
1749258776,1.99600000,9.80000000,1.927
1749258776,1.99700000,9.50000000,1.927
1749258776,1.99800000,610.10000000,1.927
1749258776,1.99900000,3690.40000000,1.927
1749258776,2.00000000,22950.30000000,1.927
1749258776,2.00100000,292.00000000,1.927
1749258776,2.00200000,26.70000000,1.927
1749258776,2.00300000,12.60000000,1.927
1749258776,2.00400000,121.60000000,1.927
1749258776,2.00500000,30.30000000,1.927
1749258776,2.00600000,9.00000000,1.927
1749258776,2.00700000,13.10000000,1.927
1749258776,2.00800000,20.30000000,1.927
1749258776,2.00900000,900.50000000,1.927
1749258776,2.01000000,78.30000000,1.927
1749258776,2.01100000,6.40000000,1.927
1749258776,2.01200000,4.60000000,1.927
1749258776,2.01400000,20.30000000,1.927
1749258776,2.01500000,252.60000000,1.927
1749258776,2.01600000,13.90000000,1.927
1749258776,2.01800000,13.20000000,1.927
1749258776,2.01900000,3.00000000,1.927
1749258776,2.02000000,978.50000000,1.927
1749258776,2.02200000,261.30000000,1.927
1749258776,2.02300000,16.70000000,1.927
1749258776,2.02400000,35.20000000,1.927
1749258776,2.02500000,61.80000000,1.927
1749258776,2.02800000,27.00000000,1.927
1749258776,2.02900000,3.40000000,1.927
1749258776,2.03000000,544.60000000,1.927
1749258776,2.03400000,13.80000000,1.927
1749258776,2.03500000,128.60000000,1.927
1749258776,2.03600000,6.40000000,1.927
1749258776,2.04000000,3420.60000000,1.927
1749258776,2.04300000,737.40000000,1.927
1749258776,2.04400000,2701.50000000,1.927
1749258776,2.04500000,154.90000000,1.927
1749258776,2.04600000,13.70000000,1.927
1749259078,1.93200000,2331.00000000,1.931
1749259078,1.93300000,2126.00000000,1.931
1749259078,1.93400000,2040.20000000,1.931
1749259078,1.93500000,1897.50000000,1.931
1749259078,1.93600000,1560.80000000,1.931
1749259078,1.93700000,1656.00000000,1.931
1749259078,1.93800000,1548.00000000,1.931
1749259078,1.93900000,1527.10000000,1.931
1749259078,1.94000000,1963.30000000,1.931
1749259078,1.94100000,1527.10000000,1.931
1749259078,1.94200000,1527.10000000,1.931
1749259078,1.94300000,1723.50000000,1.931
1749259078,1.94400000,1593.20000000,1.931
1749259078,1.94500000,1636.30000000,1.931
1749259078,1.94600000,2009.90000000,1.931
1749259078,1.94700000,1585.90000000,1.931
1749259078,1.94800000,1623.50000000,1.931
1749259078,1.94900000,1682.40000000,1.931
1749259078,1.95000000,4925.50000000,1.931
1749259078,1.95100000,160.70000000,1.931
1749259078,1.95200000,278.50000000,1.931
1749259078,1.95300000,1119.90000000,1.931
1749259078,1.95400000,163.20000000,1.931
1749259078,1.95500000,182.00000000,1.931
1749259078,1.95600000,159.80000000,1.931
1749259078,1.95700000,348.30000000,1.931
1749259078,1.95800000,405.20000000,1.931
1749259078,1.95900000,718.40000000,1.931
1749259078,1.96000000,344.70000000,1.931
1749259078,1.96100000,286.20000000,1.931
1749259078,1.96200000,287.90000000,1.931
1749259078,1.96300000,339.30000000,1.931
1749259078,1.96400000,402.30000000,1.931
1749259078,1.96500000,553.60000000,1.931
1749259078,1.96600000,4119.40000000,1.931
1749259078,1.96700000,111.90000000,1.931
1749259078,1.96800000,26.40000000,1.931
1749259078,1.96900000,379.60000000,1.931
1749259078,1.97000000,588.10000000,1.931
1749259078,1.97100000,340.90000000,1.931
1749259078,1.97200000,184.60000000,1.931
1749259078,1.97300000,280.60000000,1.931
1749259078,1.97400000,409.30000000,1.931
1749259078,1.97500000,225.00000000,1.931
1749259078,1.97600000,529.10000000,1.931
1749259078,1.97700000,2.60000000,1.931
1749259078,1.97800000,35.20000000,1.931
1749259078,1.97900000,507.20000000,1.931
1749259078,1.98000000,545.40000000,1.931
1749259078,1.98100000,335.20000000,1.931
1749259078,1.98200000,1168.10000000,1.931
1749259078,1.98300000,352.30000000,1.931
1749259078,1.98400000,358.30000000,1.931
1749259078,1.98500000,4021.10000000,1.931
1749259078,1.98600000,20.50000000,1.931
1749259078,1.98800000,124.80000000,1.931
1749259078,1.98900000,111.50000000,1.931
1749259078,1.99000000,265.50000000,1.931
1749259078,1.99100000,318.60000000,1.931
1749259078,1.99200000,337.20000000,1.931
1749259078,1.99300000,6.90000000,1.931
1749259078,1.99400000,174.40000000,1.931
1749259078,1.99500000,56.10000000,1.931
1749259078,1.99600000,255.70000000,1.931
1749259078,1.99800000,3423.80000000,1.931
1749259078,1.99900000,4191.80000000,1.931
1749259078,2.00000000,12906.60000000,1.931
1749259078,2.00100000,283.00000000,1.931
1749259078,2.00200000,379.70000000,1.931
1749259078,2.00300000,3.70000000,1.931
1749259078,2.00400000,112.10000000,1.931
1749259078,2.00500000,20.90000000,1.931
1749259078,2.00700000,4.10000000,1.931
1749259078,2.00800000,11.20000000,1.931
1749259078,2.00900000,327.80000000,1.931
1749259078,2.01000000,78.30000000,1.931
1749259078,2.01100000,6.40000000,1.931
1749259078,2.01200000,4.60000000,1.931
1749259078,2.01400000,20.30000000,1.931
1749259078,2.01500000,517.30000000,1.931
1749259078,2.01600000,13.90000000,1.931
1749259078,2.01800000,13.20000000,1.931
1749259078,2.01900000,3.00000000,1.931
1749259078,2.02000000,978.50000000,1.931
1749259078,2.02200000,261.30000000,1.931
1749259078,2.02300000,16.70000000,1.931
1749259078,2.02400000,35.20000000,1.931
1749259078,2.02500000,61.80000000,1.931
1749259078,2.02800000,27.00000000,1.931
1749259078,2.02900000,3.40000000,1.931
1749259078,2.03000000,264.50000000,1.931
1749259078,2.03400000,13.80000000,1.931
1749259078,2.03500000,128.60000000,1.931
1749259078,2.03600000,6.40000000,1.931
1749259078,2.04000000,1785.50000000,1.931
1749259078,2.04400000,2701.50000000,1.931
1749259078,2.04500000,58.50000000,1.931
1749259078,2.04600000,13.70000000,1.931
1749259078,2.04700000,15.00000000,1.931
1749259078,2.04800000,23.80000000,1.931
