timestamp,price,volume,current_price
1749258442,0.19810000,4651.30000000,0.1981
1749258442,0.19820000,14286.20000000,0.1981
1749258442,0.19830000,38374.90000000,0.1981
1749258442,0.19840000,38918.00000000,0.1981
1749258442,0.19850000,28342.80000000,0.1981
1749258442,0.19860000,13236.40000000,0.1981
1749258442,0.19870000,19743.30000000,0.1981
1749258442,0.19880000,12578.30000000,0.1981
1749258442,0.19890000,7403.70000000,0.1981
1749258442,0.19900000,8230.40000000,0.1981
1749258442,0.19910000,6478.10000000,0.1981
1749258442,0.19920000,4552.90000000,0.1981
1749258442,0.19930000,5547.00000000,0.1981
1749258442,0.19940000,1732.30000000,0.1981
1749258442,0.19950000,1568.00000000,0.1981
1749258442,0.19960000,38967.10000000,0.1981
1749258442,0.19970000,3121.10000000,0.1981
1749258442,0.19980000,2048.20000000,0.1981
1749258442,0.19990000,33997.60000000,0.1981
1749258442,0.20000000,11925.00000000,0.1981
1749258442,0.20010000,6098.20000000,0.1981
1749258442,0.20020000,67.90000000,0.1981
1749258442,0.20030000,7221.10000000,0.1981
1749258442,0.20040000,37.90000000,0.1981
1749258442,0.20070000,1530.00000000,0.1981
1749258442,0.20090000,1579.70000000,0.1981
1749258442,0.20100000,4754.00000000,0.1981
1749258442,0.20130000,2219.50000000,0.1981
1749258442,0.20160000,64434.40000000,0.1981
1749258442,0.20170000,13441.30000000,0.1981
1749258442,0.20180000,40.40000000,0.1981
1749258442,0.20200000,921.00000000,0.1981
1749258442,0.20210000,39.60000000,0.1981
1749258442,0.20220000,111.80000000,0.1981
1749258442,0.20280000,25.00000000,0.1981
1749258442,0.20290000,50.00000000,0.1981
1749258442,0.20300000,27.60000000,0.1981
1749258442,0.20330000,34.40000000,0.1981
1749258442,0.20340000,8461.10000000,0.1981
1749258442,0.20360000,382.00000000,0.1981
1749258442,0.20370000,41.60000000,0.1981
1749258442,0.20390000,323.70000000,0.1981
1749258442,0.20410000,49.00000000,0.1981
1749258442,0.20420000,7959.90000000,0.1981
1749258442,0.20460000,1147.10000000,0.1981
1749258442,0.20510000,73.10000000,0.1981
1749258442,0.20560000,42.90000000,0.1981
1749258442,0.20570000,689.50000000,0.1981
1749258442,0.20580000,25.00000000,0.1981
1749258442,0.20590000,144.40000000,0.1981
1749258442,0.20600000,244.90000000,0.1981
1749258442,0.20610000,267.80000000,0.1981
1749258442,0.20640000,4902.20000000,0.1981
1749258442,0.20650000,139.60000000,0.1981
1749258442,0.20690000,63.80000000,0.1981
1749258442,0.20710000,1250.10000000,0.1981
1749258442,0.20720000,27.00000000,0.1981
1749258442,0.20730000,38.60000000,0.1981
1749258442,0.20740000,41.50000000,0.1981
1749258442,0.20750000,1539.70000000,0.1981
1749258442,0.20760000,49.20000000,0.1981
1749258442,0.20800000,317.40000000,0.1981
1749258442,0.20810000,26.90000000,0.1981
1749258442,0.20820000,36.30000000,0.1981
1749258442,0.20870000,4835.60000000,0.1981
1749258442,0.20890000,1267.60000000,0.1981
1749258442,0.20930000,57.10000000,0.1981
1749258442,0.20940000,45.50000000,0.1981
1749258442,0.20950000,50.80000000,0.1981
1749258442,0.20990000,3099.00000000,0.1981
1749258442,0.21030000,746.40000000,0.1981
1749258442,0.21050000,47.70000000,0.1981
1749258442,0.21090000,47.40000000,0.1981
1749258442,0.21100000,699.40000000,0.1981
1749258442,0.21110000,52.20000000,0.1981
1749258442,0.21130000,46.90000000,0.1981
1749258442,0.21140000,252.60000000,0.1981
1749258442,0.21150000,21131.10000000,0.1981
1749258442,0.21170000,25.00000000,0.1981
1749258442,0.21180000,81.00000000,0.1981
1749258442,0.21190000,33.00000000,0.1981
1749258442,0.21220000,1219.70000000,0.1981
1749258442,0.21230000,56.30000000,0.1981
1749258442,0.21260000,699.30000000,0.1981
1749258442,0.21280000,26.30000000,0.1981
1749258442,0.21290000,52.00000000,0.1981
1749258442,0.21300000,702.70000000,0.1981
1749258442,0.21320000,48.30000000,0.1981
1749258442,0.21350000,76.10000000,0.1981
1749258442,0.21360000,27.50000000,0.1981
1749258442,0.21370000,54.30000000,0.1981
1749258442,0.21480000,81.90000000,0.1981
1749258442,0.21490000,689.50000000,0.1981
1749258442,0.21500000,6763.00000000,0.1981
1749258442,0.21510000,49.70000000,0.1981
1749258442,0.21520000,55.50000000,0.1981
1749258442,0.21530000,98.20000000,0.1981
1749258442,0.21590000,78.00000000,0.1981
1749258442,0.21600000,119.50000000,0.1981
1749258442,0.21640000,374.30000000,0.1981
1749258783,0.19830000,3678.80000000,0.1982
1749258783,0.19840000,17729.70000000,0.1982
1749258783,0.19850000,18069.50000000,0.1982
1749258783,0.19860000,12459.30000000,0.1982
1749258783,0.19870000,17352.40000000,0.1982
1749258783,0.19880000,7405.10000000,0.1982
1749258783,0.19890000,7511.70000000,0.1982
1749258783,0.19900000,13130.40000000,0.1982
1749258783,0.19910000,6478.10000000,0.1982
1749258783,0.19920000,1732.40000000,0.1982
1749258783,0.19930000,8914.60000000,0.1982
1749258783,0.19940000,4450.50000000,0.1982
1749258783,0.19950000,34549.10000000,0.1982
1749258783,0.19960000,1568.00000000,0.1982
1749258783,0.19970000,3121.10000000,0.1982
1749258783,0.19980000,2048.40000000,0.1982
1749258783,0.19990000,33997.60000000,0.1982
1749258783,0.20000000,8569.10000000,0.1982
1749258783,0.20010000,6224.60000000,0.1982
1749258783,0.20020000,67.90000000,0.1982
1749258783,0.20030000,7191.30000000,0.1982
1749258783,0.20040000,164.30000000,0.1982
1749258783,0.20070000,1656.40000000,0.1982
1749258783,0.20090000,1579.70000000,0.1982
1749258783,0.20100000,4880.30000000,0.1982
1749258783,0.20130000,2345.70000000,0.1982
1749258783,0.20160000,1586.90000000,0.1982
1749258783,0.20170000,14971.30000000,0.1982
1749258783,0.20180000,40.40000000,0.1982
1749258783,0.20200000,2451.00000000,0.1982
1749258783,0.20210000,62887.70000000,0.1982
1749258783,0.20220000,111.80000000,0.1982
1749258783,0.20280000,25.00000000,0.1982
1749258783,0.20290000,50.00000000,0.1982
1749258783,0.20300000,1557.60000000,0.1982
1749258783,0.20330000,34.40000000,0.1982
1749258783,0.20340000,8461.10000000,0.1982
1749258783,0.20360000,3730.70000000,0.1982
1749258783,0.20370000,41.60000000,0.1982
1749258783,0.20390000,323.70000000,0.1982
1749258783,0.20410000,49.00000000,0.1982
1749258783,0.20420000,4611.20000000,0.1982
1749258783,0.20460000,1147.10000000,0.1982
1749258783,0.20510000,73.10000000,0.1982
1749258783,0.20560000,42.90000000,0.1982
1749258783,0.20570000,689.50000000,0.1982
1749258783,0.20580000,25.00000000,0.1982
1749258783,0.20590000,144.40000000,0.1982
1749258783,0.20600000,244.90000000,0.1982
1749258783,0.20610000,267.80000000,0.1982
1749258783,0.20640000,4902.20000000,0.1982
1749258783,0.20650000,139.60000000,0.1982
1749258783,0.20690000,63.80000000,0.1982
1749258783,0.20710000,1250.10000000,0.1982
1749258783,0.20720000,27.00000000,0.1982
1749258783,0.20730000,38.60000000,0.1982
1749258783,0.20740000,41.50000000,0.1982
1749258783,0.20750000,1539.70000000,0.1982
1749258783,0.20760000,49.20000000,0.1982
1749258783,0.20800000,317.40000000,0.1982
1749258783,0.20810000,26.90000000,0.1982
1749258783,0.20820000,36.30000000,0.1982
1749258783,0.20870000,4835.60000000,0.1982
1749258783,0.20890000,1267.60000000,0.1982
1749258783,0.20930000,57.10000000,0.1982
1749258783,0.20940000,45.50000000,0.1982
1749258783,0.20950000,50.80000000,0.1982
1749258783,0.20990000,3099.00000000,0.1982
1749258783,0.21030000,746.40000000,0.1982
1749258783,0.21050000,47.70000000,0.1982
1749258783,0.21090000,47.40000000,0.1982
1749258783,0.21100000,699.40000000,0.1982
1749258783,0.21110000,52.20000000,0.1982
1749258783,0.21130000,46.90000000,0.1982
1749258783,0.21140000,252.60000000,0.1982
1749258783,0.21150000,21131.10000000,0.1982
1749258783,0.21170000,25.00000000,0.1982
1749258783,0.21180000,81.00000000,0.1982
1749258783,0.21190000,33.00000000,0.1982
1749258783,0.21220000,1219.70000000,0.1982
1749258783,0.21230000,56.30000000,0.1982
1749258783,0.21260000,699.30000000,0.1982
1749258783,0.21280000,26.30000000,0.1982
1749258783,0.21290000,52.00000000,0.1982
1749258783,0.21300000,702.70000000,0.1982
1749258783,0.21320000,48.30000000,0.1982
1749258783,0.21350000,76.10000000,0.1982
1749258783,0.21360000,27.50000000,0.1982
1749258783,0.21370000,54.30000000,0.1982
1749258783,0.21480000,81.90000000,0.1982
1749258783,0.21490000,689.50000000,0.1982
1749258783,0.21500000,6763.00000000,0.1982
1749258783,0.21510000,49.70000000,0.1982
1749258783,0.21520000,55.50000000,0.1982
1749258783,0.21530000,98.20000000,0.1982
1749258783,0.21590000,78.00000000,0.1982
1749258783,0.21600000,119.50000000,0.1982
1749258783,0.21640000,374.30000000,0.1982
1749258783,0.21700000,85.20000000,0.1982
1749258783,0.21730000,2597.90000000,0.1982
1749259085,0.19790000,7252.10000000,0.1978
1749259085,0.19800000,12561.70000000,0.1978
1749259085,0.19810000,18976.10000000,0.1978
1749259085,0.19820000,14316.40000000,0.1978
1749259085,0.19830000,25969.80000000,0.1978
1749259085,0.19840000,9546.00000000,0.1978
1749259085,0.19850000,7419.20000000,0.1978
1749259085,0.19860000,13285.00000000,0.1978
1749259085,0.19870000,9794.80000000,0.1978
1749259085,0.19880000,10781.20000000,0.1978
1749259085,0.19890000,5363.30000000,0.1978
1749259085,0.19900000,8083.30000000,0.1978
1749259085,0.19910000,2847.40000000,0.1978
1749259085,0.19920000,6173.90000000,0.1978
1749259085,0.19930000,34812.70000000,0.1978
1749259085,0.19940000,1606.00000000,0.1978
1749259085,0.19950000,1694.40000000,0.1978
1749259085,0.19960000,1568.00000000,0.1978
1749259085,0.19970000,3121.10000000,0.1978
1749259085,0.19980000,2048.40000000,0.1978
1749259085,0.19990000,8985.30000000,0.1978
1749259085,0.20000000,40799.20000000,0.1978
1749259085,0.20010000,6224.60000000,0.1978
1749259085,0.20020000,67.90000000,0.1978
1749259085,0.20030000,1567.90000000,0.1978
1749259085,0.20040000,164.30000000,0.1978
1749259085,0.20070000,1656.40000000,0.1978
1749259085,0.20090000,1579.70000000,0.1978
1749259085,0.20100000,4880.30000000,0.1978
1749259085,0.20130000,2219.50000000,0.1978
1749259085,0.20160000,1586.90000000,0.1978
1749259085,0.20170000,78867.30000000,0.1978
1749259085,0.20180000,40.40000000,0.1978
1749259085,0.20200000,2451.00000000,0.1978
1749259085,0.20210000,1569.60000000,0.1978
1749259085,0.20220000,111.80000000,0.1978
1749259085,0.20280000,8486.10000000,0.1978
1749259085,0.20290000,50.00000000,0.1978
1749259085,0.20300000,27.60000000,0.1978
1749259085,0.20310000,1530.00000000,0.1978
1749259085,0.20330000,34.40000000,0.1978
1749259085,0.20360000,3730.70000000,0.1978
1749259085,0.20370000,41.60000000,0.1978
1749259085,0.20390000,323.70000000,0.1978
1749259085,0.20410000,49.00000000,0.1978
1749259085,0.20420000,4611.20000000,0.1978
1749259085,0.20460000,1147.10000000,0.1978
1749259085,0.20510000,73.10000000,0.1978
1749259085,0.20560000,42.90000000,0.1978
1749259085,0.20570000,689.50000000,0.1978
1749259085,0.20580000,25.00000000,0.1978
1749259085,0.20590000,144.40000000,0.1978
1749259085,0.20600000,244.90000000,0.1978
1749259085,0.20610000,267.80000000,0.1978
1749259085,0.20640000,4902.20000000,0.1978
1749259085,0.20650000,139.60000000,0.1978
1749259085,0.20690000,63.80000000,0.1978
1749259085,0.20710000,1250.10000000,0.1978
1749259085,0.20720000,27.00000000,0.1978
1749259085,0.20730000,38.60000000,0.1978
1749259085,0.20740000,41.50000000,0.1978
1749259085,0.20750000,1539.70000000,0.1978
1749259085,0.20760000,49.20000000,0.1978
1749259085,0.20800000,317.40000000,0.1978
1749259085,0.20810000,4837.50000000,0.1978
1749259085,0.20820000,36.30000000,0.1978
1749259085,0.20870000,25.00000000,0.1978
1749259085,0.20890000,1267.60000000,0.1978
1749259085,0.20930000,57.10000000,0.1978
1749259085,0.20940000,45.50000000,0.1978
1749259085,0.20950000,50.80000000,0.1978
1749259085,0.20990000,3099.00000000,0.1978
1749259085,0.21030000,746.40000000,0.1978
1749259085,0.21050000,47.70000000,0.1978
1749259085,0.21090000,47.40000000,0.1978
1749259085,0.21100000,699.40000000,0.1978
1749259085,0.21110000,52.20000000,0.1978
1749259085,0.21130000,46.90000000,0.1978
1749259085,0.21140000,252.60000000,0.1978
1749259085,0.21150000,21131.10000000,0.1978
1749259085,0.21170000,25.00000000,0.1978
1749259085,0.21180000,81.00000000,0.1978
1749259085,0.21190000,33.00000000,0.1978
1749259085,0.21220000,1219.70000000,0.1978
1749259085,0.21230000,56.30000000,0.1978
1749259085,0.21260000,699.30000000,0.1978
1749259085,0.21280000,26.30000000,0.1978
1749259085,0.21290000,52.00000000,0.1978
1749259085,0.21300000,702.70000000,0.1978
1749259085,0.21320000,48.30000000,0.1978
1749259085,0.21350000,76.10000000,0.1978
1749259085,0.21360000,27.50000000,0.1978
1749259085,0.21370000,54.30000000,0.1978
1749259085,0.21480000,81.90000000,0.1978
1749259085,0.21490000,689.50000000,0.1978
1749259085,0.21500000,6763.00000000,0.1978
1749259085,0.21510000,49.70000000,0.1978
1749259085,0.21520000,55.50000000,0.1978
1749259085,0.21530000,98.20000000,0.1978
1749259085,0.21590000,78.00000000,0.1978
