timestamp,price,volume,current_price
1749260829,0.19780000,1530.00000000,0.1977
1749260829,0.19790000,15771.50000000,0.1977
1749260829,0.19800000,20868.00000000,0.1977
1749260829,0.19810000,13987.20000000,0.1977
1749260829,0.19820000,16634.80000000,0.1977
1749260829,0.19830000,20660.40000000,0.1977
1749260829,0.19840000,8265.50000000,0.1977
1749260829,0.19850000,7271.80000000,0.1977
1749260829,0.19860000,9939.20000000,0.1977
1749260829,0.19870000,5236.90000000,0.1977
1749260829,0.19880000,4461.90000000,0.1977
1749260829,0.19890000,5236.90000000,0.1977
1749260829,0.19900000,34569.50000000,0.1977
1749260829,0.19910000,5236.70000000,0.1977
1749260829,0.19920000,6047.50000000,0.1977
1749260829,0.19930000,1568.10000000,0.1977
1749260829,0.19940000,1878.40000000,0.1977
1749260829,0.19950000,35323.30000000,0.1977
1749260829,0.19960000,1568.00000000,0.1977
1749260829,0.19970000,3121.10000000,0.1977
1749260829,0.19980000,1922.00000000,0.1977
1749260829,0.19990000,8926.80000000,0.1977
1749260829,0.20000000,8569.10000000,0.1977
1749260829,0.20010000,6098.20000000,0.1977
1749260829,0.20020000,67.90000000,0.1977
1749260829,0.20030000,1567.90000000,0.1977
1749260829,0.20040000,3261.90000000,0.1977
1749260829,0.20070000,1530.00000000,0.1977
1749260829,0.20090000,1579.70000000,0.1977
1749260829,0.20100000,1530.00000000,0.1977
1749260829,0.20130000,2219.50000000,0.1977
1749260829,0.20140000,65822.80000000,0.1977
1749260829,0.20160000,1586.90000000,0.1977
1749260829,0.20170000,14971.30000000,0.1977
1749260829,0.20180000,1570.40000000,0.1977
1749260829,0.20200000,2451.00000000,0.1977
1749260829,0.20210000,39.60000000,0.1977
1749260829,0.20220000,1641.80000000,0.1977
1749260829,0.20280000,10016.10000000,0.1977
1749260829,0.20290000,50.00000000,0.1977
1749260829,0.20300000,27.60000000,0.1977
1749260829,0.20330000,34.40000000,0.1977
1749260829,0.20360000,8018.60000000,0.1977
1749260829,0.20370000,41.60000000,0.1977
1749260829,0.20390000,323.70000000,0.1977
1749260829,0.20400000,1147.10000000,0.1977
1749260829,0.20410000,49.00000000,0.1977
1749260829,0.20510000,73.10000000,0.1977
1749260829,0.20560000,42.90000000,0.1977
1749260829,0.20570000,689.50000000,0.1977
1749260829,0.20580000,4898.10000000,0.1977
1749260829,0.20590000,144.40000000,0.1977
1749260829,0.20600000,244.90000000,0.1977
1749260829,0.20610000,267.80000000,0.1977
1749260829,0.20640000,29.10000000,0.1977
1749260829,0.20650000,1389.70000000,0.1977
1749260829,0.20690000,63.80000000,0.1977
1749260829,0.20720000,27.00000000,0.1977
1749260829,0.20730000,38.60000000,0.1977
1749260829,0.20740000,41.50000000,0.1977
1749260829,0.20750000,1539.70000000,0.1977
1749260829,0.20760000,49.20000000,0.1977
1749260829,0.20800000,317.40000000,0.1977
1749260829,0.20810000,4837.50000000,0.1977
1749260829,0.20820000,36.30000000,0.1977
1749260829,0.20830000,1226.60000000,0.1977
1749260829,0.20870000,25.00000000,0.1977
1749260829,0.20890000,41.00000000,0.1977
1749260829,0.20930000,57.10000000,0.1977
1749260829,0.20940000,45.50000000,0.1977
1749260829,0.20950000,50.80000000,0.1977
1749260829,0.20990000,3099.00000000,0.1977
1749260829,0.21030000,746.40000000,0.1977
1749260829,0.21050000,47.70000000,0.1977
1749260829,0.21090000,47.40000000,0.1977
1749260829,0.21100000,699.40000000,0.1977
1749260829,0.21110000,52.20000000,0.1977
1749260829,0.21130000,46.90000000,0.1977
1749260829,0.21140000,998.40000000,0.1977
1749260829,0.21150000,21131.10000000,0.1977
1749260829,0.21170000,25.00000000,0.1977
1749260829,0.21180000,81.00000000,0.1977
1749260829,0.21190000,33.00000000,0.1977
1749260829,0.21220000,1219.70000000,0.1977
1749260829,0.21230000,56.30000000,0.1977
1749260829,0.21260000,699.30000000,0.1977
1749260829,0.21280000,26.30000000,0.1977
1749260829,0.21290000,52.00000000,0.1977
1749260829,0.21300000,702.70000000,0.1977
1749260829,0.21320000,48.30000000,0.1977
1749260829,0.21350000,76.10000000,0.1977
1749260829,0.21360000,27.50000000,0.1977
1749260829,0.21370000,54.30000000,0.1977
1749260829,0.21480000,81.90000000,0.1977
1749260829,0.21490000,689.50000000,0.1977
1749260829,0.21500000,6763.00000000,0.1977
1749260829,0.21510000,49.70000000,0.1977
1749260829,0.21520000,55.50000000,0.1977
1749260829,0.21530000,98.20000000,0.1977
1749260829,0.21590000,78.00000000,0.1977
1749261155,0.19810000,9879.40000000,0.1979
1749261155,0.19820000,16507.90000000,0.1979
1749261155,0.19830000,19849.90000000,0.1979
1749261155,0.19840000,16452.10000000,0.1979
1749261155,0.19850000,21919.10000000,0.1979
1749261155,0.19860000,7693.10000000,0.1979
1749261155,0.19870000,7259.90000000,0.1979
1749261155,0.19880000,9398.00000000,0.1979
1749261155,0.19890000,5236.90000000,0.1979
1749261155,0.19900000,41888.90000000,0.1979
1749261155,0.19910000,5236.70000000,0.1979
1749261155,0.19920000,2847.40000000,0.1979
1749261155,0.19930000,1568.10000000,0.1979
1749261155,0.19940000,1878.40000000,0.1979
1749261155,0.19950000,1568.00000000,0.1979
1749261155,0.19960000,1568.00000000,0.1979
1749261155,0.19970000,3121.10000000,0.1979
1749261155,0.19980000,1922.00000000,0.1979
1749261155,0.19990000,8950.70000000,0.1979
1749261155,0.20000000,42256.10000000,0.1979
1749261155,0.20010000,6098.20000000,0.1979
1749261155,0.20020000,67.90000000,0.1979
1749261155,0.20030000,1567.90000000,0.1979
1749261155,0.20040000,37.90000000,0.1979
1749261155,0.20070000,1530.00000000,0.1979
1749261155,0.20090000,1579.70000000,0.1979
1749261155,0.20100000,4754.00000000,0.1979
1749261155,0.20130000,2219.50000000,0.1979
1749261155,0.20150000,65623.40000000,0.1979
1749261155,0.20160000,1586.90000000,0.1979
1749261155,0.20170000,14971.30000000,0.1979
1749261155,0.20180000,1570.40000000,0.1979
1749261155,0.20190000,1530.00000000,0.1979
1749261155,0.20200000,2451.00000000,0.1979
1749261155,0.20210000,39.60000000,0.1979
1749261155,0.20220000,1641.80000000,0.1979
1749261155,0.20280000,10016.10000000,0.1979
1749261155,0.20290000,50.00000000,0.1979
1749261155,0.20300000,27.60000000,0.1979
1749261155,0.20330000,34.40000000,0.1979
1749261155,0.20360000,3407.40000000,0.1979
1749261155,0.20370000,41.60000000,0.1979
1749261155,0.20390000,323.70000000,0.1979
1749261155,0.20410000,49.00000000,0.1979
1749261155,0.20420000,4611.20000000,0.1979
1749261155,0.20470000,1147.10000000,0.1979
1749261155,0.20510000,73.10000000,0.1979
1749261155,0.20560000,42.90000000,0.1979
1749261155,0.20570000,689.50000000,0.1979
1749261155,0.20580000,25.00000000,0.1979
1749261155,0.20590000,144.40000000,0.1979
1749261155,0.20600000,244.90000000,0.1979
1749261155,0.20610000,267.80000000,0.1979
1749261155,0.20640000,4902.20000000,0.1979
1749261155,0.20650000,139.60000000,0.1979
1749261155,0.20690000,63.80000000,0.1979
1749261155,0.20710000,1250.10000000,0.1979
1749261155,0.20720000,27.00000000,0.1979
1749261155,0.20730000,38.60000000,0.1979
1749261155,0.20740000,41.50000000,0.1979
1749261155,0.20750000,1539.70000000,0.1979
1749261155,0.20760000,49.20000000,0.1979
1749261155,0.20800000,317.40000000,0.1979
1749261155,0.20810000,4837.50000000,0.1979
1749261155,0.20820000,36.30000000,0.1979
1749261155,0.20870000,25.00000000,0.1979
1749261155,0.20890000,1267.60000000,0.1979
1749261155,0.20930000,57.10000000,0.1979
1749261155,0.20940000,45.50000000,0.1979
1749261155,0.20950000,50.80000000,0.1979
1749261155,0.20990000,3099.00000000,0.1979
1749261155,0.21030000,746.40000000,0.1979
1749261155,0.21050000,47.70000000,0.1979
1749261155,0.21090000,47.40000000,0.1979
1749261155,0.21100000,699.40000000,0.1979
1749261155,0.21110000,52.20000000,0.1979
1749261155,0.21130000,46.90000000,0.1979
1749261155,0.21140000,998.40000000,0.1979
1749261155,0.21150000,21131.10000000,0.1979
1749261155,0.21170000,25.00000000,0.1979
1749261155,0.21180000,81.00000000,0.1979
1749261155,0.21190000,33.00000000,0.1979
1749261155,0.21220000,1219.70000000,0.1979
1749261155,0.21230000,56.30000000,0.1979
1749261155,0.21260000,699.30000000,0.1979
1749261155,0.21280000,26.30000000,0.1979
1749261155,0.21290000,52.00000000,0.1979
1749261155,0.21300000,702.70000000,0.1979
1749261155,0.21320000,48.30000000,0.1979
1749261155,0.21350000,76.10000000,0.1979
1749261155,0.21360000,27.50000000,0.1979
1749261155,0.21370000,54.30000000,0.1979
1749261155,0.21480000,81.90000000,0.1979
1749261155,0.21490000,689.50000000,0.1979
1749261155,0.21500000,6763.00000000,0.1979
1749261155,0.21510000,49.70000000,0.1979
1749261155,0.21520000,55.50000000,0.1979
1749261155,0.21530000,98.20000000,0.1979
1749261155,0.21590000,78.00000000,0.1979
1749261155,0.21600000,119.50000000,0.1979
1749261466,0.19810000,1479.60000000,0.1981
1749261466,0.19820000,9461.90000000,0.1981
1749261466,0.19830000,13915.10000000,0.1981
1749261466,0.19840000,22390.10000000,0.1981
1749261466,0.19850000,21781.40000000,0.1981
1749261466,0.19860000,9346.30000000,0.1981
1749261466,0.19870000,7259.90000000,0.1981
1749261466,0.19880000,4751.50000000,0.1981
1749261466,0.19890000,12311.50000000,0.1981
1749261466,0.19900000,5236.70000000,0.1981
1749261466,0.19910000,5236.70000000,0.1981
1749261466,0.19920000,9369.50000000,0.1981
1749261466,0.19930000,34455.80000000,0.1981
1749261466,0.19940000,1878.40000000,0.1981
1749261466,0.19950000,6002.80000000,0.1981
1749261466,0.19960000,1568.00000000,0.1981
1749261466,0.19970000,3121.10000000,0.1981
1749261466,0.19980000,1922.00000000,0.1981
1749261466,0.19990000,8950.70000000,0.1981
1749261466,0.20000000,42256.10000000,0.1981
1749261466,0.20010000,6098.20000000,0.1981
1749261466,0.20020000,67.90000000,0.1981
1749261466,0.20030000,1567.90000000,0.1981
1749261466,0.20040000,37.90000000,0.1981
1749261466,0.20070000,1530.00000000,0.1981
1749261466,0.20090000,1579.70000000,0.1981
1749261466,0.20100000,4754.00000000,0.1981
1749261466,0.20130000,2219.50000000,0.1981
1749261466,0.20160000,1586.90000000,0.1981
1749261466,0.20170000,14971.30000000,0.1981
1749261466,0.20180000,1570.40000000,0.1981
1749261466,0.20190000,1530.00000000,0.1981
1749261466,0.20200000,68041.30000000,0.1981
1749261466,0.20210000,39.60000000,0.1981
1749261466,0.20220000,1641.80000000,0.1981
1749261466,0.20280000,10016.10000000,0.1981
1749261466,0.20290000,50.00000000,0.1981
1749261466,0.20300000,27.60000000,0.1981
1749261466,0.20330000,34.40000000,0.1981
1749261466,0.20360000,3407.40000000,0.1981
1749261466,0.20370000,41.60000000,0.1981
1749261466,0.20390000,323.70000000,0.1981
1749261466,0.20410000,49.00000000,0.1981
1749261466,0.20420000,4611.20000000,0.1981
1749261466,0.20470000,1147.10000000,0.1981
1749261466,0.20510000,73.10000000,0.1981
1749261466,0.20560000,42.90000000,0.1981
1749261466,0.20570000,689.50000000,0.1981
1749261466,0.20580000,25.00000000,0.1981
1749261466,0.20590000,144.40000000,0.1981
1749261466,0.20600000,244.90000000,0.1981
1749261466,0.20610000,267.80000000,0.1981
1749261466,0.20640000,4902.20000000,0.1981
1749261466,0.20650000,139.60000000,0.1981
1749261466,0.20690000,63.80000000,0.1981
1749261466,0.20710000,1250.10000000,0.1981
1749261466,0.20720000,27.00000000,0.1981
1749261466,0.20730000,38.60000000,0.1981
1749261466,0.20740000,41.50000000,0.1981
1749261466,0.20750000,1539.70000000,0.1981
1749261466,0.20760000,49.20000000,0.1981
1749261466,0.20800000,317.40000000,0.1981
1749261466,0.20810000,4837.50000000,0.1981
1749261466,0.20820000,36.30000000,0.1981
1749261466,0.20870000,25.00000000,0.1981
1749261466,0.20890000,1267.60000000,0.1981
1749261466,0.20930000,57.10000000,0.1981
1749261466,0.20940000,45.50000000,0.1981
1749261466,0.20950000,50.80000000,0.1981
1749261466,0.20990000,3099.00000000,0.1981
1749261466,0.21030000,746.40000000,0.1981
1749261466,0.21050000,47.70000000,0.1981
1749261466,0.21090000,47.40000000,0.1981
1749261466,0.21100000,699.40000000,0.1981
1749261466,0.21110000,52.20000000,0.1981
1749261466,0.21130000,46.90000000,0.1981
1749261466,0.21140000,998.40000000,0.1981
1749261466,0.21150000,21131.10000000,0.1981
1749261466,0.21170000,25.00000000,0.1981
1749261466,0.21180000,81.00000000,0.1981
1749261466,0.21190000,33.00000000,0.1981
1749261466,0.21220000,1219.70000000,0.1981
1749261466,0.21230000,56.30000000,0.1981
1749261466,0.21260000,699.30000000,0.1981
1749261466,0.21280000,26.30000000,0.1981
1749261466,0.21290000,52.00000000,0.1981
1749261466,0.21300000,702.70000000,0.1981
1749261466,0.21320000,48.30000000,0.1981
1749261466,0.21350000,76.10000000,0.1981
1749261466,0.21360000,27.50000000,0.1981
1749261466,0.21370000,54.30000000,0.1981
1749261466,0.21480000,81.90000000,0.1981
1749261466,0.21490000,689.50000000,0.1981
1749261466,0.21500000,6763.00000000,0.1981
1749261466,0.21510000,49.70000000,0.1981
1749261466,0.21520000,55.50000000,0.1981
1749261466,0.21530000,98.20000000,0.1981
1749261466,0.21590000,78.00000000,0.1981
1749261466,0.21600000,119.50000000,0.1981
1749261466,0.21640000,374.30000000,0.1981
1749261777,0.19820000,7287.10000000,0.1981
1749261777,0.19830000,13658.00000000,0.1981
1749261777,0.19840000,13331.70000000,0.1981
1749261777,0.19850000,12539.60000000,0.1981
1749261777,0.19860000,23332.90000000,0.1981
1749261777,0.19870000,6979.30000000,0.1981
1749261777,0.19880000,7255.50000000,0.1981
1749261777,0.19890000,8111.60000000,0.1981
1749261777,0.19900000,43223.80000000,0.1981
1749261777,0.19910000,5236.70000000,0.1981
1749261777,0.19920000,9369.50000000,0.1981
1749261777,0.19930000,9676.00000000,0.1981
1749261777,0.19940000,5236.70000000,0.1981
1749261777,0.19950000,5236.60000000,0.1981
1749261777,0.19960000,1916.10000000,0.1981
1749261777,0.19970000,2865.50000000,0.1981
1749261777,0.19980000,1959.80000000,0.1981
1749261777,0.19990000,4288.10000000,0.1981
1749261777,0.20000000,8569.10000000,0.1981
1749261777,0.20010000,1567.90000000,0.1981
1749261777,0.20020000,1597.90000000,0.1981
1749261777,0.20030000,46221.00000000,0.1981
1749261777,0.20040000,1567.90000000,0.1981
1749261777,0.20050000,37.90000000,0.1981
1749261777,0.20060000,1567.80000000,0.1981
1749261777,0.20070000,3120.90000000,0.1981
1749261777,0.20080000,37.80000000,0.1981
1749261777,0.20090000,1579.70000000,0.1981
1749261777,0.20100000,4754.00000000,0.1981
1749261777,0.20130000,2219.50000000,0.1981
1749261777,0.20160000,56.90000000,0.1981
1749261777,0.20170000,1924.60000000,0.1981
1749261777,0.20180000,40.40000000,0.1981
1749261777,0.20200000,921.00000000,0.1981
1749261777,0.20210000,64221.50000000,0.1981
1749261777,0.20220000,111.80000000,0.1981
1749261777,0.20260000,13193.60000000,0.1981
1749261777,0.20280000,25.00000000,0.1981
1749261777,0.20290000,50.00000000,0.1981
1749261777,0.20300000,27.60000000,0.1981
1749261777,0.20330000,34.40000000,0.1981
1749261777,0.20340000,8461.10000000,0.1981
1749261777,0.20360000,58.70000000,0.1981
1749261777,0.20370000,41.60000000,0.1981
1749261777,0.20380000,3348.70000000,0.1981
1749261777,0.20390000,323.70000000,0.1981
1749261777,0.20410000,49.00000000,0.1981
1749261777,0.20420000,4611.20000000,0.1981
1749261777,0.20470000,1147.10000000,0.1981
1749261777,0.20510000,73.10000000,0.1981
1749261777,0.20560000,42.90000000,0.1981
1749261777,0.20570000,689.50000000,0.1981
1749261777,0.20580000,25.00000000,0.1981
1749261777,0.20590000,144.40000000,0.1981
1749261777,0.20600000,244.90000000,0.1981
1749261777,0.20610000,267.80000000,0.1981
1749261777,0.20640000,4902.20000000,0.1981
1749261777,0.20650000,139.60000000,0.1981
1749261777,0.20690000,63.80000000,0.1981
1749261777,0.20710000,1250.10000000,0.1981
1749261777,0.20720000,27.00000000,0.1981
1749261777,0.20730000,38.60000000,0.1981
1749261777,0.20740000,41.50000000,0.1981
1749261777,0.20750000,1539.70000000,0.1981
1749261777,0.20760000,49.20000000,0.1981
1749261777,0.20800000,317.40000000,0.1981
1749261777,0.20810000,26.90000000,0.1981
1749261777,0.20820000,36.30000000,0.1981
1749261777,0.20870000,4835.60000000,0.1981
1749261777,0.20890000,1267.60000000,0.1981
1749261777,0.20930000,57.10000000,0.1981
1749261777,0.20940000,45.50000000,0.1981
1749261777,0.20950000,50.80000000,0.1981
1749261777,0.20990000,3099.00000000,0.1981
1749261777,0.21030000,746.40000000,0.1981
1749261777,0.21050000,47.70000000,0.1981
1749261777,0.21090000,47.40000000,0.1981
1749261777,0.21100000,699.40000000,0.1981
1749261777,0.21110000,52.20000000,0.1981
1749261777,0.21130000,46.90000000,0.1981
1749261777,0.21140000,998.40000000,0.1981
1749261777,0.21150000,21131.10000000,0.1981
1749261777,0.21170000,25.00000000,0.1981
1749261777,0.21180000,81.00000000,0.1981
1749261777,0.21190000,33.00000000,0.1981
1749261777,0.21220000,1219.70000000,0.1981
1749261777,0.21230000,56.30000000,0.1981
1749261777,0.21260000,699.30000000,0.1981
1749261777,0.21280000,26.30000000,0.1981
1749261777,0.21290000,52.00000000,0.1981
1749261777,0.21300000,702.70000000,0.1981
1749261777,0.21320000,48.30000000,0.1981
1749261777,0.21350000,76.10000000,0.1981
1749261777,0.21360000,27.50000000,0.1981
1749261777,0.21370000,54.30000000,0.1981
1749261777,0.21480000,81.90000000,0.1981
1749261777,0.21490000,689.50000000,0.1981
1749261777,0.21500000,6763.00000000,0.1981
1749261777,0.21510000,49.70000000,0.1981
1749261777,0.21520000,55.50000000,0.1981
1749262080,0.19810000,5928.80000000,0.1981
1749262080,0.19820000,10111.10000000,0.1981
1749262080,0.19830000,16578.40000000,0.1981
1749262080,0.19840000,15514.00000000,0.1981
1749262080,0.19850000,12040.30000000,0.1981
1749262080,0.19860000,16232.00000000,0.1981
1749262080,0.19870000,6979.30000000,0.1981
1749262080,0.19880000,7957.00000000,0.1981
1749262080,0.19890000,13764.90000000,0.1981
1749262080,0.19900000,38174.60000000,0.1981
1749262080,0.19910000,5236.70000000,0.1981
1749262080,0.19920000,9327.40000000,0.1981
1749262080,0.19930000,5547.00000000,0.1981
1749262080,0.19940000,9673.60000000,0.1981
1749262080,0.19950000,5236.60000000,0.1981
1749262080,0.19960000,1605.80000000,0.1981
1749262080,0.19970000,6496.20000000,0.1981
1749262080,0.19980000,1959.80000000,0.1981
1749262080,0.19990000,4288.10000000,0.1981
1749262080,0.20000000,8569.10000000,0.1981
1749262080,0.20010000,6098.20000000,0.1981
1749262080,0.20020000,1597.90000000,0.1981
1749262080,0.20030000,41690.70000000,0.1981
1749262080,0.20040000,1567.90000000,0.1981
1749262080,0.20050000,37.90000000,0.1981
1749262080,0.20060000,1567.80000000,0.1981
1749262080,0.20070000,3120.90000000,0.1981
1749262080,0.20080000,37.80000000,0.1981
1749262080,0.20090000,1579.70000000,0.1981
1749262080,0.20100000,4754.00000000,0.1981
1749262080,0.20130000,689.50000000,0.1981
1749262080,0.20160000,56.90000000,0.1981
1749262080,0.20170000,394.60000000,0.1981
1749262080,0.20180000,40.40000000,0.1981
1749262080,0.20200000,921.00000000,0.1981
1749262080,0.20210000,64221.50000000,0.1981
1749262080,0.20220000,111.80000000,0.1981
1749262080,0.20260000,13193.60000000,0.1981
1749262080,0.20280000,8486.10000000,0.1981
1749262080,0.20290000,50.00000000,0.1981
1749262080,0.20300000,27.60000000,0.1981
1749262080,0.20330000,34.40000000,0.1981
1749262080,0.20360000,58.70000000,0.1981
1749262080,0.20370000,41.60000000,0.1981
1749262080,0.20380000,3348.70000000,0.1981
1749262080,0.20390000,323.70000000,0.1981
1749262080,0.20410000,49.00000000,0.1981
1749262080,0.20420000,4611.20000000,0.1981
1749262080,0.20470000,1147.10000000,0.1981
1749262080,0.20510000,73.10000000,0.1981
1749262080,0.20560000,42.90000000,0.1981
1749262080,0.20570000,689.50000000,0.1981
1749262080,0.20580000,25.00000000,0.1981
1749262080,0.20590000,144.40000000,0.1981
1749262080,0.20600000,244.90000000,0.1981
1749262080,0.20610000,267.80000000,0.1981
1749262080,0.20640000,4902.20000000,0.1981
1749262080,0.20650000,139.60000000,0.1981
1749262080,0.20690000,63.80000000,0.1981
1749262080,0.20710000,1250.10000000,0.1981
1749262080,0.20720000,27.00000000,0.1981
1749262080,0.20730000,38.60000000,0.1981
1749262080,0.20740000,41.50000000,0.1981
1749262080,0.20750000,1539.70000000,0.1981
1749262080,0.20760000,49.20000000,0.1981
1749262080,0.20800000,317.40000000,0.1981
1749262080,0.20810000,4837.50000000,0.1981
1749262080,0.20820000,36.30000000,0.1981
1749262080,0.20870000,25.00000000,0.1981
1749262080,0.20890000,1267.60000000,0.1981
1749262080,0.20930000,57.10000000,0.1981
1749262080,0.20940000,45.50000000,0.1981
1749262080,0.20950000,50.80000000,0.1981
1749262080,0.20990000,3099.00000000,0.1981
1749262080,0.21030000,746.40000000,0.1981
1749262080,0.21050000,47.70000000,0.1981
1749262080,0.21090000,47.40000000,0.1981
1749262080,0.21100000,699.40000000,0.1981
1749262080,0.21110000,52.20000000,0.1981
1749262080,0.21130000,46.90000000,0.1981
1749262080,0.21140000,998.40000000,0.1981
1749262080,0.21150000,21131.10000000,0.1981
1749262080,0.21170000,25.00000000,0.1981
1749262080,0.21180000,81.00000000,0.1981
1749262080,0.21190000,33.00000000,0.1981
1749262080,0.21220000,1219.70000000,0.1981
1749262080,0.21230000,56.30000000,0.1981
1749262080,0.21260000,699.30000000,0.1981
1749262080,0.21280000,26.30000000,0.1981
1749262080,0.21290000,52.00000000,0.1981
1749262080,0.21300000,702.70000000,0.1981
1749262080,0.21320000,48.30000000,0.1981
1749262080,0.21350000,76.10000000,0.1981
1749262080,0.21360000,27.50000000,0.1981
1749262080,0.21370000,54.30000000,0.1981
1749262080,0.21480000,81.90000000,0.1981
1749262080,0.21490000,689.50000000,0.1981
1749262080,0.21500000,6763.00000000,0.1981
1749262080,0.21510000,49.70000000,0.1981
1749262080,0.21520000,55.50000000,0.1981
1749262386,0.19910000,2551.50000000,0.1991
1749262386,0.19920000,13008.80000000,0.1991
1749262386,0.19930000,14849.60000000,0.1991
1749262386,0.19940000,27666.90000000,0.1991
1749262386,0.19950000,9625.40000000,0.1991
1749262386,0.19960000,8659.70000000,0.1991
1749262386,0.19970000,8663.80000000,0.1991
1749262386,0.19980000,10974.30000000,0.1991
1749262386,0.19990000,9881.00000000,0.1991
1749262386,0.20000000,12237.60000000,0.1991
1749262386,0.20010000,5236.30000000,0.1991
1749262386,0.20020000,37113.70000000,0.1991
1749262386,0.20030000,9615.40000000,0.1991
1749262386,0.20040000,1878.20000000,0.1991
1749262386,0.20050000,3668.60000000,0.1991
1749262386,0.20060000,1567.80000000,0.1991
1749262386,0.20070000,3120.90000000,0.1991
1749262386,0.20080000,33788.30000000,0.1991
1749262386,0.20090000,87.50000000,0.1991
1749262386,0.20100000,1567.80000000,0.1991
1749262386,0.20110000,8684.30000000,0.1991
1749262386,0.20120000,6098.00000000,0.1991
1749262386,0.20130000,2219.50000000,0.1991
1749262386,0.20160000,4810.90000000,0.1991
1749262386,0.20170000,47.70000000,0.1991
1749262386,0.20180000,1570.40000000,0.1991
1749262386,0.20200000,921.00000000,0.1991
1749262386,0.20210000,39.60000000,0.1991
1749262386,0.20220000,111.80000000,0.1991
1749262386,0.20260000,78964.20000000,0.1991
1749262386,0.20280000,25.00000000,0.1991
1749262386,0.20290000,50.00000000,0.1991
1749262386,0.20300000,27.60000000,0.1991
1749262386,0.20330000,34.40000000,0.1991
1749262386,0.20340000,8461.10000000,0.1991
1749262386,0.20360000,58.70000000,0.1991
1749262386,0.20370000,41.60000000,0.1991
1749262386,0.20390000,323.70000000,0.1991
1749262386,0.20410000,49.00000000,0.1991
1749262386,0.20440000,3348.70000000,0.1991
1749262386,0.20480000,4611.20000000,0.1991
1749262386,0.20510000,73.10000000,0.1991
1749262386,0.20530000,1147.10000000,0.1991
1749262386,0.20560000,42.90000000,0.1991
1749262386,0.20570000,689.50000000,0.1991
1749262386,0.20580000,25.00000000,0.1991
1749262386,0.20590000,144.40000000,0.1991
1749262386,0.20600000,244.90000000,0.1991
1749262386,0.20610000,267.80000000,0.1991
1749262386,0.20640000,29.10000000,0.1991
1749262386,0.20650000,139.60000000,0.1991
1749262386,0.20690000,63.80000000,0.1991
1749262386,0.20700000,4873.10000000,0.1991
1749262386,0.20710000,1250.10000000,0.1991
1749262386,0.20720000,27.00000000,0.1991
1749262386,0.20730000,38.60000000,0.1991
1749262386,0.20740000,41.50000000,0.1991
1749262386,0.20750000,1539.70000000,0.1991
1749262386,0.20760000,49.20000000,0.1991
1749262386,0.20800000,317.40000000,0.1991
1749262386,0.20810000,26.90000000,0.1991
1749262386,0.20820000,36.30000000,0.1991
1749262386,0.20870000,4835.60000000,0.1991
1749262386,0.20890000,1267.60000000,0.1991
1749262386,0.20930000,57.10000000,0.1991
1749262386,0.20940000,45.50000000,0.1991
1749262386,0.20950000,50.80000000,0.1991
1749262386,0.20990000,3099.00000000,0.1991
1749262386,0.21030000,746.40000000,0.1991
1749262386,0.21050000,47.70000000,0.1991
1749262386,0.21090000,47.40000000,0.1991
1749262386,0.21100000,699.40000000,0.1991
1749262386,0.21110000,52.20000000,0.1991
1749262386,0.21130000,46.90000000,0.1991
1749262386,0.21140000,998.40000000,0.1991
1749262386,0.21150000,21131.10000000,0.1991
1749262386,0.21170000,25.00000000,0.1991
1749262386,0.21180000,81.00000000,0.1991
1749262386,0.21190000,33.00000000,0.1991
1749262386,0.21220000,1219.70000000,0.1991
1749262386,0.21230000,56.30000000,0.1991
1749262386,0.21260000,699.30000000,0.1991
1749262386,0.21280000,26.30000000,0.1991
1749262386,0.21290000,52.00000000,0.1991
1749262386,0.21300000,702.70000000,0.1991
1749262386,0.21320000,48.30000000,0.1991
1749262386,0.21350000,76.10000000,0.1991
1749262386,0.21360000,27.50000000,0.1991
1749262386,0.21370000,54.30000000,0.1991
1749262386,0.21480000,81.90000000,0.1991
1749262386,0.21490000,689.50000000,0.1991
1749262386,0.21500000,6763.00000000,0.1991
1749262386,0.21510000,49.70000000,0.1991
1749262386,0.21520000,55.50000000,0.1991
1749262386,0.21530000,98.20000000,0.1991
1749262386,0.21590000,78.00000000,0.1991
1749262386,0.21600000,119.50000000,0.1991
1749262386,0.21640000,374.30000000,0.1991
1749262386,0.21700000,85.20000000,0.1991
1749262386,0.21730000,2597.90000000,0.1991
1749262688,0.19910000,10452.20000000,0.199
1749262688,0.19920000,9701.90000000,0.199
1749262688,0.19930000,13427.20000000,0.199
1749262688,0.19940000,26387.20000000,0.199
1749262688,0.19950000,11657.60000000,0.199
1749262688,0.19960000,9078.50000000,0.199
1749262688,0.19970000,10317.50000000,0.199
1749262688,0.19980000,10956.10000000,0.199
1749262688,0.19990000,9776.20000000,0.199
1749262688,0.20000000,15089.90000000,0.199
1749262688,0.20010000,5236.30000000,0.199
1749262688,0.20020000,6054.60000000,0.199
1749262688,0.20030000,5198.60000000,0.199
1749262688,0.20040000,34506.10000000,0.199
1749262688,0.20050000,3668.60000000,0.199
1749262688,0.20060000,1567.80000000,0.199
1749262688,0.20070000,3120.90000000,0.199
1749262688,0.20080000,33788.30000000,0.199
1749262688,0.20090000,87.50000000,0.199
1749262688,0.20100000,1567.80000000,0.199
1749262688,0.20110000,8684.30000000,0.199
1749262688,0.20120000,6098.00000000,0.199
1749262688,0.20130000,2219.50000000,0.199
1749262688,0.20160000,4810.90000000,0.199
1749262688,0.20170000,47.70000000,0.199
1749262688,0.20180000,40.40000000,0.199
1749262688,0.20200000,2451.00000000,0.199
1749262688,0.20210000,39.60000000,0.199
1749262688,0.20220000,111.80000000,0.199
1749262688,0.20260000,80494.20000000,0.199
1749262688,0.20280000,25.00000000,0.199
1749262688,0.20290000,50.00000000,0.199
1749262688,0.20300000,27.60000000,0.199
1749262688,0.20330000,34.40000000,0.199
1749262688,0.20340000,8461.10000000,0.199
1749262688,0.20360000,58.70000000,0.199
1749262688,0.20370000,41.60000000,0.199
1749262688,0.20390000,323.70000000,0.199
1749262688,0.20410000,49.00000000,0.199
1749262688,0.20480000,4611.20000000,0.199
1749262688,0.20500000,3348.70000000,0.199
1749262688,0.20510000,73.10000000,0.199
1749262688,0.20530000,1147.10000000,0.199
1749262688,0.20560000,42.90000000,0.199
1749262688,0.20570000,689.50000000,0.199
1749262688,0.20580000,25.00000000,0.199
1749262688,0.20590000,144.40000000,0.199
1749262688,0.20600000,244.90000000,0.199
1749262688,0.20610000,267.80000000,0.199
1749262688,0.20640000,29.10000000,0.199
1749262688,0.20650000,139.60000000,0.199
1749262688,0.20690000,63.80000000,0.199
1749262688,0.20700000,4873.10000000,0.199
1749262688,0.20720000,27.00000000,0.199
1749262688,0.20730000,38.60000000,0.199
1749262688,0.20740000,41.50000000,0.199
1749262688,0.20750000,1539.70000000,0.199
1749262688,0.20760000,49.20000000,0.199
1749262688,0.20770000,1250.10000000,0.199
1749262688,0.20800000,317.40000000,0.199
1749262688,0.20810000,26.90000000,0.199
1749262688,0.20820000,36.30000000,0.199
1749262688,0.20870000,4835.60000000,0.199
1749262688,0.20890000,41.00000000,0.199
1749262688,0.20930000,57.10000000,0.199
1749262688,0.20940000,45.50000000,0.199
1749262688,0.20950000,1277.40000000,0.199
1749262688,0.20990000,3099.00000000,0.199
1749262688,0.21030000,746.40000000,0.199
1749262688,0.21050000,47.70000000,0.199
1749262688,0.21090000,47.40000000,0.199
1749262688,0.21100000,699.40000000,0.199
1749262688,0.21110000,52.20000000,0.199
1749262688,0.21130000,46.90000000,0.199
1749262688,0.21140000,998.40000000,0.199
1749262688,0.21150000,21131.10000000,0.199
1749262688,0.21170000,25.00000000,0.199
1749262688,0.21180000,81.00000000,0.199
1749262688,0.21190000,33.00000000,0.199
1749262688,0.21220000,1219.70000000,0.199
1749262688,0.21230000,56.30000000,0.199
1749262688,0.21260000,699.30000000,0.199
1749262688,0.21280000,26.30000000,0.199
1749262688,0.21290000,52.00000000,0.199
1749262688,0.21300000,702.70000000,0.199
1749262688,0.21320000,48.30000000,0.199
1749262688,0.21350000,76.10000000,0.199
1749262688,0.21360000,27.50000000,0.199
1749262688,0.21370000,54.30000000,0.199
1749262688,0.21480000,81.90000000,0.199
1749262688,0.21490000,689.50000000,0.199
1749262688,0.21500000,6763.00000000,0.199
1749262688,0.21510000,49.70000000,0.199
1749262688,0.21520000,55.50000000,0.199
1749262688,0.21530000,98.20000000,0.199
1749262688,0.21590000,78.00000000,0.199
1749262688,0.21600000,119.50000000,0.199
1749262688,0.21640000,374.30000000,0.199
1749262688,0.21700000,85.20000000,0.199
1749262688,0.21730000,2597.90000000,0.199
1749262997,0.19910000,8388.40000000,0.199
1749262997,0.19920000,11889.60000000,0.199
1749262997,0.19930000,12169.90000000,0.199
1749262997,0.19940000,19096.60000000,0.199
1749262997,0.19950000,21391.20000000,0.199
1749262997,0.19960000,9078.30000000,0.199
1749262997,0.19970000,8442.00000000,0.199
1749262997,0.19980000,14507.60000000,0.199
1749262997,0.19990000,9702.40000000,0.199
1749262997,0.20000000,19516.50000000,0.199
1749262997,0.20010000,37921.80000000,0.199
1749262997,0.20020000,1635.60000000,0.199
1749262997,0.20030000,1567.90000000,0.199
1749262997,0.20040000,1878.20000000,0.199
1749262997,0.20050000,37.90000000,0.199
1749262997,0.20060000,1567.80000000,0.199
1749262997,0.20070000,3120.90000000,0.199
1749262997,0.20080000,33788.30000000,0.199
1749262997,0.20090000,87.50000000,0.199
1749262997,0.20100000,1567.80000000,0.199
1749262997,0.20110000,8717.20000000,0.199
1749262997,0.20120000,6098.00000000,0.199
1749262997,0.20130000,2219.50000000,0.199
1749262997,0.20160000,4810.90000000,0.199
1749262997,0.20170000,47.70000000,0.199
1749262997,0.20180000,40.40000000,0.199
1749262997,0.20200000,2451.00000000,0.199
1749262997,0.20210000,39.60000000,0.199
1749262997,0.20220000,111.80000000,0.199
1749262997,0.20260000,80494.20000000,0.199
1749262997,0.20280000,25.00000000,0.199
1749262997,0.20290000,50.00000000,0.199
1749262997,0.20300000,27.60000000,0.199
1749262997,0.20330000,34.40000000,0.199
1749262997,0.20340000,9991.10000000,0.199
1749262997,0.20360000,58.70000000,0.199
1749262997,0.20370000,41.60000000,0.199
1749262997,0.20390000,1853.70000000,0.199
1749262997,0.20410000,49.00000000,0.199
1749262997,0.20430000,3348.70000000,0.199
1749262997,0.20480000,4611.20000000,0.199
1749262997,0.20510000,73.10000000,0.199
1749262997,0.20530000,1147.10000000,0.199
1749262997,0.20560000,42.90000000,0.199
1749262997,0.20570000,689.50000000,0.199
1749262997,0.20580000,25.00000000,0.199
1749262997,0.20590000,144.40000000,0.199
1749262997,0.20600000,244.90000000,0.199
1749262997,0.20610000,267.80000000,0.199
1749262997,0.20640000,29.10000000,0.199
1749262997,0.20650000,139.60000000,0.199
1749262997,0.20690000,63.80000000,0.199
1749262997,0.20700000,4873.10000000,0.199
1749262997,0.20720000,27.00000000,0.199
1749262997,0.20730000,38.60000000,0.199
1749262997,0.20740000,41.50000000,0.199
1749262997,0.20750000,1539.70000000,0.199
1749262997,0.20760000,49.20000000,0.199
1749262997,0.20770000,1250.10000000,0.199
1749262997,0.20800000,317.40000000,0.199
1749262997,0.20810000,26.90000000,0.199
1749262997,0.20820000,36.30000000,0.199
1749262997,0.20870000,4835.60000000,0.199
1749262997,0.20890000,41.00000000,0.199
1749262997,0.20930000,57.10000000,0.199
1749262997,0.20940000,45.50000000,0.199
1749262997,0.20950000,1277.40000000,0.199
1749262997,0.20990000,3099.00000000,0.199
1749262997,0.21030000,746.40000000,0.199
1749262997,0.21050000,47.70000000,0.199
1749262997,0.21090000,47.40000000,0.199
1749262997,0.21100000,699.40000000,0.199
1749262997,0.21110000,52.20000000,0.199
1749262997,0.21130000,46.90000000,0.199
1749262997,0.21140000,998.40000000,0.199
1749262997,0.21150000,21131.10000000,0.199
1749262997,0.21170000,25.00000000,0.199
1749262997,0.21180000,81.00000000,0.199
1749262997,0.21190000,33.00000000,0.199
1749262997,0.21220000,1219.70000000,0.199
1749262997,0.21230000,56.30000000,0.199
1749262997,0.21260000,699.30000000,0.199
1749262997,0.21280000,26.30000000,0.199
1749262997,0.21290000,52.00000000,0.199
1749262997,0.21300000,702.70000000,0.199
1749262997,0.21320000,48.30000000,0.199
1749262997,0.21350000,76.10000000,0.199
1749262997,0.21360000,27.50000000,0.199
1749262997,0.21370000,54.30000000,0.199
1749262997,0.21480000,81.90000000,0.199
1749262997,0.21490000,689.50000000,0.199
1749262997,0.21500000,6763.00000000,0.199
1749262997,0.21510000,49.70000000,0.199
1749262997,0.21520000,55.50000000,0.199
1749262997,0.21530000,98.20000000,0.199
1749262997,0.21590000,78.00000000,0.199
1749262997,0.21600000,119.50000000,0.199
1749262997,0.21640000,374.30000000,0.199
1749262997,0.21700000,85.20000000,0.199
1749262997,0.21730000,2597.90000000,0.199
1749263305,0.19940000,4780.00000000,0.1993
1749263305,0.19950000,11587.30000000,0.1993
1749263305,0.19960000,21260.70000000,0.1993
1749263305,0.19970000,19893.70000000,0.1993
1749263305,0.19980000,10946.00000000,0.1993
1749263305,0.19990000,7182.30000000,0.1993
1749263305,0.20000000,17971.10000000,0.1993
1749263305,0.20010000,7176.70000000,0.1993
1749263305,0.20020000,3572.00000000,0.1993
1749263305,0.20030000,5236.30000000,0.1993
1749263305,0.20040000,14071.90000000,0.1993
1749263305,0.20050000,41534.40000000,0.1993
1749263305,0.20060000,1567.80000000,0.1993
1749263305,0.20070000,3120.90000000,0.1993
1749263305,0.20080000,236.90000000,0.1993
1749263305,0.20090000,87.50000000,0.1993
1749263305,0.20100000,1567.80000000,0.1993
1749263305,0.20110000,8717.20000000,0.1993
1749263305,0.20120000,1567.70000000,0.1993
1749263305,0.20130000,35724.40000000,0.1993
1749263305,0.20140000,37.70000000,0.1993
1749263305,0.20160000,1586.90000000,0.1993
1749263305,0.20170000,47.70000000,0.1993
1749263305,0.20180000,40.40000000,0.1993
1749263305,0.20190000,6060.30000000,0.1993
1749263305,0.20200000,2451.00000000,0.1993
1749263305,0.20210000,39.60000000,0.1993
1749263305,0.20220000,4865.80000000,0.1993
1749263305,0.20260000,15068.90000000,0.1993
1749263305,0.20280000,25.00000000,0.1993
1749263305,0.20290000,50.00000000,0.1993
1749263305,0.20300000,27.60000000,0.1993
1749263305,0.20310000,66791.00000000,0.1993
1749263305,0.20330000,34.40000000,0.1993
1749263305,0.20340000,1530.00000000,0.1993
1749263305,0.20360000,58.70000000,0.1993
1749263305,0.20370000,41.60000000,0.1993
1749263305,0.20390000,1853.70000000,0.1993
1749263305,0.20400000,8461.10000000,0.1993
1749263305,0.20410000,49.00000000,0.1993
1749263305,0.20490000,3348.70000000,0.1993
1749263305,0.20510000,73.10000000,0.1993
1749263305,0.20530000,1147.10000000,0.1993
1749263305,0.20540000,4611.20000000,0.1993
1749263305,0.20560000,42.90000000,0.1993
1749263305,0.20570000,689.50000000,0.1993
1749263305,0.20580000,25.00000000,0.1993
1749263305,0.20590000,144.40000000,0.1993
1749263305,0.20600000,244.90000000,0.1993
1749263305,0.20610000,267.80000000,0.1993
1749263305,0.20640000,29.10000000,0.1993
1749263305,0.20650000,139.60000000,0.1993
1749263305,0.20690000,63.80000000,0.1993
1749263305,0.20700000,4873.10000000,0.1993
1749263305,0.20720000,27.00000000,0.1993
1749263305,0.20730000,38.60000000,0.1993
1749263305,0.20740000,41.50000000,0.1993
1749263305,0.20750000,1539.70000000,0.1993
1749263305,0.20760000,49.20000000,0.1993
1749263305,0.20770000,1250.10000000,0.1993
1749263305,0.20800000,317.40000000,0.1993
1749263305,0.20810000,26.90000000,0.1993
1749263305,0.20820000,36.30000000,0.1993
1749263305,0.20870000,25.00000000,0.1993
1749263305,0.20890000,41.00000000,0.1993
1749263305,0.20930000,4867.70000000,0.1993
1749263305,0.20940000,45.50000000,0.1993
1749263305,0.20950000,1277.40000000,0.1993
1749263305,0.20990000,3099.00000000,0.1993
1749263305,0.21030000,746.40000000,0.1993
1749263305,0.21050000,47.70000000,0.1993
1749263305,0.21090000,47.40000000,0.1993
1749263305,0.21100000,699.40000000,0.1993
1749263305,0.21110000,52.20000000,0.1993
1749263305,0.21130000,46.90000000,0.1993
1749263305,0.21140000,998.40000000,0.1993
1749263305,0.21150000,21131.10000000,0.1993
1749263305,0.21170000,25.00000000,0.1993
1749263305,0.21180000,81.00000000,0.1993
1749263305,0.21190000,33.00000000,0.1993
1749263305,0.21220000,1219.70000000,0.1993
1749263305,0.21230000,56.30000000,0.1993
1749263305,0.21260000,699.30000000,0.1993
1749263305,0.21280000,26.30000000,0.1993
1749263305,0.21290000,52.00000000,0.1993
1749263305,0.21300000,702.70000000,0.1993
1749263305,0.21320000,48.30000000,0.1993
1749263305,0.21350000,76.10000000,0.1993
1749263305,0.21360000,27.50000000,0.1993
1749263305,0.21370000,54.30000000,0.1993
1749263305,0.21480000,81.90000000,0.1993
1749263305,0.21490000,689.50000000,0.1993
1749263305,0.21500000,6763.00000000,0.1993
1749263305,0.21510000,49.70000000,0.1993
1749263305,0.21520000,55.50000000,0.1993
1749263305,0.21530000,98.20000000,0.1993
1749263305,0.21590000,78.00000000,0.1993
1749263305,0.21600000,119.50000000,0.1993
1749263305,0.21640000,374.30000000,0.1993
1749263305,0.21700000,85.20000000,0.1993
1749263607,0.19920000,1530.00000000,0.1991
1749263607,0.19930000,17975.60000000,0.1991
1749263607,0.19940000,16916.30000000,0.1991
1749263607,0.19950000,14989.10000000,0.1991
1749263607,0.19960000,20342.30000000,0.1991
1749263607,0.19970000,7182.30000000,0.1991
1749263607,0.19980000,14947.50000000,0.1991
1749263607,0.19990000,7182.30000000,0.1991
1749263607,0.20000000,14165.80000000,0.1991
1749263607,0.20010000,5236.30000000,0.1991
1749263607,0.20020000,41597.90000000,0.1991
1749263607,0.20030000,5236.30000000,0.1991
1749263607,0.20040000,6801.60000000,0.1991
1749263607,0.20050000,8948.70000000,0.1991
1749263607,0.20060000,1567.80000000,0.1991
1749263607,0.20070000,3120.90000000,0.1991
1749263607,0.20080000,236.90000000,0.1991
1749263607,0.20090000,33571.50000000,0.1991
1749263607,0.20100000,1567.80000000,0.1991
1749263607,0.20110000,8717.20000000,0.1991
1749263607,0.20120000,1567.70000000,0.1991
1749263607,0.20130000,2257.20000000,0.1991
1749263607,0.20140000,37.70000000,0.1991
1749263607,0.20160000,1586.90000000,0.1991
1749263607,0.20170000,47.70000000,0.1991
1749263607,0.20180000,40.40000000,0.1991
1749263607,0.20190000,6060.30000000,0.1991
1749263607,0.20200000,2451.00000000,0.1991
1749263607,0.20210000,39.60000000,0.1991
1749263607,0.20220000,4865.80000000,0.1991
1749263607,0.20260000,15068.90000000,0.1991
1749263607,0.20270000,66823.80000000,0.1991
1749263607,0.20280000,25.00000000,0.1991
1749263607,0.20290000,50.00000000,0.1991
1749263607,0.20300000,27.60000000,0.1991
1749263607,0.20330000,34.40000000,0.1991
1749263607,0.20360000,58.70000000,0.1991
1749263607,0.20370000,1571.60000000,0.1991
1749263607,0.20390000,323.70000000,0.1991
1749263607,0.20400000,8461.10000000,0.1991
1749263607,0.20410000,49.00000000,0.1991
1749263607,0.20490000,3348.70000000,0.1991
1749263607,0.20510000,73.10000000,0.1991
1749263607,0.20530000,1147.10000000,0.1991
1749263607,0.20540000,4611.20000000,0.1991
1749263607,0.20560000,42.90000000,0.1991
1749263607,0.20570000,689.50000000,0.1991
1749263607,0.20580000,25.00000000,0.1991
1749263607,0.20590000,144.40000000,0.1991
1749263607,0.20600000,244.90000000,0.1991
1749263607,0.20610000,267.80000000,0.1991
1749263607,0.20650000,139.60000000,0.1991
1749263607,0.20690000,63.80000000,0.1991
1749263607,0.20700000,4873.10000000,0.1991
1749263607,0.20720000,27.00000000,0.1991
1749263607,0.20730000,38.60000000,0.1991
1749263607,0.20740000,41.50000000,0.1991
1749263607,0.20750000,1539.70000000,0.1991
1749263607,0.20760000,49.20000000,0.1991
1749263607,0.20770000,1250.10000000,0.1991
1749263607,0.20800000,317.40000000,0.1991
1749263607,0.20810000,26.90000000,0.1991
1749263607,0.20820000,36.30000000,0.1991
1749263607,0.20870000,25.00000000,0.1991
1749263607,0.20890000,41.00000000,0.1991
1749263607,0.20930000,4867.70000000,0.1991
1749263607,0.20940000,45.50000000,0.1991
1749263607,0.20950000,1277.40000000,0.1991
1749263607,0.20990000,3099.00000000,0.1991
1749263607,0.21030000,746.40000000,0.1991
1749263607,0.21050000,47.70000000,0.1991
1749263607,0.21090000,47.40000000,0.1991
1749263607,0.21100000,699.40000000,0.1991
1749263607,0.21110000,52.20000000,0.1991
1749263607,0.21130000,46.90000000,0.1991
1749263607,0.21140000,998.40000000,0.1991
1749263607,0.21150000,21131.10000000,0.1991
1749263607,0.21170000,25.00000000,0.1991
1749263607,0.21180000,81.00000000,0.1991
1749263607,0.21190000,33.00000000,0.1991
1749263607,0.21220000,1219.70000000,0.1991
1749263607,0.21230000,56.30000000,0.1991
1749263607,0.21260000,699.30000000,0.1991
1749263607,0.21280000,26.30000000,0.1991
1749263607,0.21290000,52.00000000,0.1991
1749263607,0.21300000,702.70000000,0.1991
1749263607,0.21320000,48.30000000,0.1991
1749263607,0.21350000,76.10000000,0.1991
1749263607,0.21360000,27.50000000,0.1991
1749263607,0.21370000,54.30000000,0.1991
1749263607,0.21480000,81.90000000,0.1991
1749263607,0.21490000,689.50000000,0.1991
1749263607,0.21500000,6763.00000000,0.1991
1749263607,0.21510000,49.70000000,0.1991
1749263607,0.21520000,55.50000000,0.1991
1749263607,0.21530000,98.20000000,0.1991
1749263607,0.21590000,78.00000000,0.1991
1749263607,0.21600000,119.50000000,0.1991
1749263607,0.21640000,374.30000000,0.1991
1749263607,0.21700000,85.20000000,0.1991
1749263909,0.19950000,1530.00000000,0.1995
1749263909,0.19960000,14295.10000000,0.1995
1749263909,0.19970000,13464.40000000,0.1995
1749263909,0.19980000,21666.60000000,0.1995
1749263909,0.19990000,21506.00000000,0.1995
1749263909,0.20000000,14584.00000000,0.1995
1749263909,0.20010000,7164.50000000,0.1995
1749263909,0.20020000,9677.00000000,0.1995
1749263909,0.20030000,7158.30000000,0.1995
1749263909,0.20040000,8719.00000000,0.1995
1749263909,0.20050000,41572.10000000,0.1995
1749263909,0.20060000,4465.40000000,0.1995
1749263909,0.20070000,11159.50000000,0.1995
1749263909,0.20080000,236.90000000,0.1995
1749263909,0.20090000,3718.20000000,0.1995
1749263909,0.20100000,1567.80000000,0.1995
1749263909,0.20110000,5198.40000000,0.1995
1749263909,0.20120000,1567.70000000,0.1995
1749263909,0.20130000,2257.20000000,0.1995
1749263909,0.20140000,35001.30000000,0.1995
1749263909,0.20150000,7245.50000000,0.1995
1749263909,0.20160000,1624.50000000,0.1995
1749263909,0.20170000,47.70000000,0.1995
1749263909,0.20180000,40.40000000,0.1995
1749263909,0.20190000,6060.30000000,0.1995
1749263909,0.20200000,2376.70000000,0.1995
1749263909,0.20210000,39.60000000,0.1995
1749263909,0.20220000,4826.20000000,0.1995
1749263909,0.20260000,1875.30000000,0.1995
1749263909,0.20270000,1530.00000000,0.1995
1749263909,0.20280000,25.00000000,0.1995
1749263909,0.20290000,50.00000000,0.1995
1749263909,0.20300000,27.60000000,0.1995
1749263909,0.20320000,65195.60000000,0.1995
1749263909,0.20330000,13073.60000000,0.1995
1749263909,0.20360000,58.70000000,0.1995
1749263909,0.20370000,41.60000000,0.1995
1749263909,0.20390000,323.70000000,0.1995
1749263909,0.20400000,8461.10000000,0.1995
1749263909,0.20490000,3348.70000000,0.1995
1749263909,0.20510000,73.10000000,0.1995
1749263909,0.20540000,4611.20000000,0.1995
1749263909,0.20560000,42.90000000,0.1995
1749263909,0.20570000,689.50000000,0.1995
1749263909,0.20580000,25.00000000,0.1995
1749263909,0.20590000,1204.00000000,0.1995
1749263909,0.20600000,244.90000000,0.1995
1749263909,0.20610000,267.80000000,0.1995
1749263909,0.20650000,139.60000000,0.1995
1749263909,0.20690000,63.80000000,0.1995
1749263909,0.20720000,27.00000000,0.1995
1749263909,0.20740000,41.50000000,0.1995
1749263909,0.20750000,1539.70000000,0.1995
1749263909,0.20760000,4922.30000000,0.1995
1749263909,0.20770000,1250.10000000,0.1995
1749263909,0.20800000,317.40000000,0.1995
1749263909,0.20810000,26.90000000,0.1995
1749263909,0.20820000,36.30000000,0.1995
1749263909,0.20870000,25.00000000,0.1995
1749263909,0.20890000,41.00000000,0.1995
1749263909,0.20930000,4867.70000000,0.1995
1749263909,0.20940000,45.50000000,0.1995
1749263909,0.20950000,1277.40000000,0.1995
1749263909,0.20990000,3099.00000000,0.1995
1749263909,0.21030000,746.40000000,0.1995
1749263909,0.21050000,47.70000000,0.1995
1749263909,0.21090000,47.40000000,0.1995
1749263909,0.21100000,699.40000000,0.1995
1749263909,0.21110000,52.20000000,0.1995
1749263909,0.21130000,46.90000000,0.1995
1749263909,0.21140000,998.40000000,0.1995
1749263909,0.21150000,21131.10000000,0.1995
1749263909,0.21170000,25.00000000,0.1995
1749263909,0.21180000,81.00000000,0.1995
1749263909,0.21190000,33.00000000,0.1995
1749263909,0.21220000,1219.70000000,0.1995
1749263909,0.21230000,56.30000000,0.1995
1749263909,0.21260000,699.30000000,0.1995
1749263909,0.21280000,26.30000000,0.1995
1749263909,0.21290000,52.00000000,0.1995
1749263909,0.21300000,702.70000000,0.1995
1749263909,0.21320000,48.30000000,0.1995
1749263909,0.21350000,76.10000000,0.1995
1749263909,0.21360000,27.50000000,0.1995
1749263909,0.21370000,54.30000000,0.1995
1749263909,0.21480000,81.90000000,0.1995
1749263909,0.21490000,689.50000000,0.1995
1749263909,0.21500000,6763.00000000,0.1995
1749263909,0.21510000,49.70000000,0.1995
1749263909,0.21520000,55.50000000,0.1995
1749263909,0.21530000,98.20000000,0.1995
1749263909,0.21590000,78.00000000,0.1995
1749263909,0.21600000,119.50000000,0.1995
1749263909,0.21640000,374.30000000,0.1995
1749263909,0.21700000,85.20000000,0.1995
1749263909,0.21730000,2597.90000000,0.1995
1749263909,0.21740000,77.70000000,0.1995
1749263909,0.21760000,102.40000000,0.1995
1749263909,0.21790000,25.00000000,0.1995
1749263909,0.21820000,54.70000000,0.1995
1749264210,0.19910000,9039.40000000,0.199
1749264210,0.19920000,16348.00000000,0.199
1749264210,0.19930000,33249.40000000,0.199
1749264210,0.19940000,36868.70000000,0.199
1749264210,0.19950000,54129.50000000,0.199
1749264210,0.19960000,18097.00000000,0.199
1749264210,0.19970000,7182.30000000,0.199
1749264210,0.19980000,9560.90000000,0.199
1749264210,0.19990000,44915.60000000,0.199
1749264210,0.20000000,12237.60000000,0.199
1749264210,0.20010000,9657.50000000,0.199
1749264210,0.20020000,4448.00000000,0.199
1749264210,0.20030000,5236.30000000,0.199
1749264210,0.20040000,6801.60000000,0.199
1749264210,0.20050000,8986.40000000,0.199
1749264210,0.20060000,1605.40000000,0.199
1749264210,0.20070000,6751.60000000,0.199
1749264210,0.20080000,1766.90000000,0.199
1749264210,0.20090000,5248.20000000,0.199
1749264210,0.20100000,35018.20000000,0.199
1749264210,0.20110000,8796.70000000,0.199
1749264210,0.20120000,1567.70000000,0.199
1749264210,0.20130000,2257.20000000,0.199
1749264210,0.20140000,1567.70000000,0.199
1749264210,0.20150000,37.70000000,0.199
1749264210,0.20160000,94.50000000,0.199
1749264210,0.20170000,47.70000000,0.199
1749264210,0.20180000,40.40000000,0.199
1749264210,0.20190000,4530.30000000,0.199
1749264210,0.20200000,846.70000000,0.199
1749264210,0.20210000,39.60000000,0.199
1749264210,0.20220000,3296.20000000,0.199
1749264210,0.20260000,345.30000000,0.199
1749264210,0.20280000,65253.30000000,0.199
1749264210,0.20290000,50.00000000,0.199
1749264210,0.20300000,27.60000000,0.199
1749264210,0.20330000,13073.60000000,0.199
1749264210,0.20360000,58.70000000,0.199
1749264210,0.20370000,41.60000000,0.199
1749264210,0.20390000,323.70000000,0.199
1749264210,0.20400000,8461.10000000,0.199
1749264210,0.20490000,3348.70000000,0.199
1749264210,0.20510000,73.10000000,0.199
1749264210,0.20540000,4611.20000000,0.199
1749264210,0.20560000,42.90000000,0.199
1749264210,0.20570000,689.50000000,0.199
1749264210,0.20580000,25.00000000,0.199
1749264210,0.20590000,1204.00000000,0.199
1749264210,0.20600000,244.90000000,0.199
1749264210,0.20610000,267.80000000,0.199
1749264210,0.20650000,139.60000000,0.199
1749264210,0.20690000,63.80000000,0.199
1749264210,0.20720000,27.00000000,0.199
1749264210,0.20740000,41.50000000,0.199
1749264210,0.20750000,1539.70000000,0.199
1749264210,0.20760000,4922.30000000,0.199
1749264210,0.20770000,1250.10000000,0.199
1749264210,0.20800000,317.40000000,0.199
1749264210,0.20810000,26.90000000,0.199
1749264210,0.20820000,36.30000000,0.199
1749264210,0.20870000,25.00000000,0.199
1749264210,0.20890000,41.00000000,0.199
1749264210,0.20930000,4867.70000000,0.199
1749264210,0.20940000,45.50000000,0.199
1749264210,0.20950000,1277.40000000,0.199
1749264210,0.20990000,3099.00000000,0.199
1749264210,0.21030000,746.40000000,0.199
1749264210,0.21050000,47.70000000,0.199
1749264210,0.21090000,47.40000000,0.199
1749264210,0.21100000,699.40000000,0.199
1749264210,0.21110000,52.20000000,0.199
1749264210,0.21130000,46.90000000,0.199
1749264210,0.21140000,998.40000000,0.199
1749264210,0.21150000,21131.10000000,0.199
1749264210,0.21170000,25.00000000,0.199
1749264210,0.21180000,81.00000000,0.199
1749264210,0.21190000,33.00000000,0.199
1749264210,0.21220000,1219.70000000,0.199
1749264210,0.21230000,56.30000000,0.199
1749264210,0.21260000,699.30000000,0.199
1749264210,0.21280000,26.30000000,0.199
1749264210,0.21290000,52.00000000,0.199
1749264210,0.21300000,702.70000000,0.199
1749264210,0.21320000,48.30000000,0.199
1749264210,0.21350000,76.10000000,0.199
1749264210,0.21360000,27.50000000,0.199
1749264210,0.21370000,54.30000000,0.199
1749264210,0.21480000,81.90000000,0.199
1749264210,0.21490000,689.50000000,0.199
1749264210,0.21500000,6763.00000000,0.199
1749264210,0.21510000,49.70000000,0.199
1749264210,0.21520000,55.50000000,0.199
1749264210,0.21530000,98.20000000,0.199
1749264210,0.21590000,78.00000000,0.199
1749264210,0.21600000,119.50000000,0.199
1749264210,0.21640000,374.30000000,0.199
1749264210,0.21700000,85.20000000,0.199
1749264210,0.21730000,2597.90000000,0.199
1749264210,0.21740000,77.70000000,0.199
1749264210,0.21760000,102.40000000,0.199
1749264512,0.19930000,5168.60000000,0.1991
1749264512,0.19940000,9292.00000000,0.1991
1749264512,0.19950000,14882.10000000,0.1991
1749264512,0.19960000,20015.60000000,0.1991
1749264512,0.19970000,19517.30000000,0.1991
1749264512,0.19980000,7955.10000000,0.1991
1749264512,0.19990000,8835.80000000,0.1991
1749264512,0.20000000,19847.70000000,0.1991
1749264512,0.20010000,7119.10000000,0.1991
1749264512,0.20020000,8065.20000000,0.1991
1749264512,0.20030000,42271.30000000,0.1991
1749264512,0.20040000,6801.60000000,0.1991
1749264512,0.20050000,8986.40000000,0.1991
1749264512,0.20060000,1605.40000000,0.1991
1749264512,0.20070000,3120.90000000,0.1991
1749264512,0.20080000,1766.90000000,0.1991
1749264512,0.20090000,1617.50000000,0.1991
1749264512,0.20100000,35018.20000000,0.1991
1749264512,0.20110000,8796.70000000,0.1991
1749264512,0.20120000,37.70000000,0.1991
1749264512,0.20130000,2257.20000000,0.1991
1749264512,0.20140000,37.70000000,0.1991
1749264512,0.20150000,37.70000000,0.1991
1749264512,0.20160000,94.50000000,0.1991
1749264512,0.20170000,47.70000000,0.1991
1749264512,0.20180000,1570.40000000,0.1991
1749264512,0.20190000,6060.30000000,0.1991
1749264512,0.20200000,2376.70000000,0.1991
1749264512,0.20210000,39.60000000,0.1991
1749264512,0.20220000,3296.20000000,0.1991
1749264512,0.20260000,345.30000000,0.1991
1749264512,0.20280000,65253.30000000,0.1991
1749264512,0.20290000,50.00000000,0.1991
1749264512,0.20300000,27.60000000,0.1991
1749264512,0.20330000,13073.60000000,0.1991
1749264512,0.20340000,8461.10000000,0.1991
1749264512,0.20360000,58.70000000,0.1991
1749264512,0.20370000,41.60000000,0.1991
1749264512,0.20390000,323.70000000,0.1991
1749264512,0.20480000,4611.20000000,0.1991
1749264512,0.20490000,3348.70000000,0.1991
1749264512,0.20510000,73.10000000,0.1991
1749264512,0.20530000,1147.10000000,0.1991
1749264512,0.20560000,42.90000000,0.1991
1749264512,0.20570000,689.50000000,0.1991
1749264512,0.20580000,25.00000000,0.1991
1749264512,0.20590000,56.90000000,0.1991
1749264512,0.20600000,244.90000000,0.1991
1749264512,0.20610000,267.80000000,0.1991
1749264512,0.20650000,139.60000000,0.1991
1749264512,0.20690000,63.80000000,0.1991
1749264512,0.20700000,4873.10000000,0.1991
1749264512,0.20720000,27.00000000,0.1991
1749264512,0.20740000,41.50000000,0.1991
1749264512,0.20750000,1539.70000000,0.1991
1749264512,0.20760000,49.20000000,0.1991
1749264512,0.20770000,1250.10000000,0.1991
1749264512,0.20800000,317.40000000,0.1991
1749264512,0.20810000,26.90000000,0.1991
1749264512,0.20820000,36.30000000,0.1991
1749264512,0.20870000,25.00000000,0.1991
1749264512,0.20890000,41.00000000,0.1991
1749264512,0.20930000,4867.70000000,0.1991
1749264512,0.20940000,45.50000000,0.1991
1749264512,0.20950000,1277.40000000,0.1991
1749264512,0.20990000,3099.00000000,0.1991
1749264512,0.21030000,746.40000000,0.1991
1749264512,0.21050000,47.70000000,0.1991
1749264512,0.21090000,47.40000000,0.1991
1749264512,0.21100000,699.40000000,0.1991
1749264512,0.21110000,52.20000000,0.1991
1749264512,0.21130000,46.90000000,0.1991
1749264512,0.21140000,998.40000000,0.1991
1749264512,0.21150000,21131.10000000,0.1991
1749264512,0.21170000,25.00000000,0.1991
1749264512,0.21180000,81.00000000,0.1991
1749264512,0.21190000,33.00000000,0.1991
1749264512,0.21220000,1219.70000000,0.1991
1749264512,0.21230000,56.30000000,0.1991
1749264512,0.21260000,699.30000000,0.1991
1749264512,0.21280000,26.30000000,0.1991
1749264512,0.21290000,52.00000000,0.1991
1749264512,0.21300000,702.70000000,0.1991
1749264512,0.21320000,48.30000000,0.1991
1749264512,0.21350000,76.10000000,0.1991
1749264512,0.21360000,27.50000000,0.1991
1749264512,0.21370000,54.30000000,0.1991
1749264512,0.21480000,81.90000000,0.1991
1749264512,0.21490000,689.50000000,0.1991
1749264512,0.21500000,6763.00000000,0.1991
1749264512,0.21510000,49.70000000,0.1991
1749264512,0.21520000,55.50000000,0.1991
1749264512,0.21530000,98.20000000,0.1991
1749264512,0.21590000,78.00000000,0.1991
1749264512,0.21600000,119.50000000,0.1991
1749264512,0.21640000,374.30000000,0.1991
1749264512,0.21700000,85.20000000,0.1991
1749264512,0.21730000,2597.90000000,0.1991
1749264512,0.21740000,77.70000000,0.1991
1749264512,0.21760000,102.40000000,0.1991
1749264813,0.19980000,3510.60000000,0.1997
1749264813,0.19990000,31016.40000000,0.1997
1749264813,0.20000000,22695.60000000,0.1997
1749264813,0.20010000,17797.90000000,0.1997
1749264813,0.20020000,25621.10000000,0.1997
1749264813,0.20030000,7119.10000000,0.1997
1749264813,0.20040000,8788.40000000,0.1997
1749264813,0.20050000,13393.90000000,0.1997
1749264813,0.20060000,7811.20000000,0.1997
1749264813,0.20070000,3477.20000000,0.1997
1749264813,0.20080000,8279.00000000,0.1997
1749264813,0.20090000,34112.30000000,0.1997
1749264813,0.20100000,5198.50000000,0.1997
1749264813,0.20110000,7208.20000000,0.1997
1749264813,0.20120000,5198.40000000,0.1997
1749264813,0.20130000,2257.20000000,0.1997
1749264813,0.20140000,37.70000000,0.1997
1749264813,0.20150000,34984.60000000,0.1997
1749264813,0.20160000,3177.60000000,0.1997
1749264813,0.20170000,395.60000000,0.1997
1749264813,0.20180000,1608.00000000,0.1997
1749264813,0.20190000,13096.40000000,0.1997
1749264813,0.20200000,2376.70000000,0.1997
1749264813,0.20220000,3251.70000000,0.1997
1749264813,0.20260000,345.30000000,0.1997
1749264813,0.20280000,25.00000000,0.1997
1749264813,0.20290000,50.00000000,0.1997
1749264813,0.20300000,27.60000000,0.1997
1749264813,0.20330000,78236.50000000,0.1997
1749264813,0.20360000,58.70000000,0.1997
1749264813,0.20370000,41.60000000,0.1997
1749264813,0.20390000,323.70000000,0.1997
1749264813,0.20400000,8461.10000000,0.1997
1749264813,0.20490000,3348.70000000,0.1997
1749264813,0.20510000,73.10000000,0.1997
1749264813,0.20540000,4611.20000000,0.1997
1749264813,0.20560000,42.90000000,0.1997
1749264813,0.20570000,689.50000000,0.1997
1749264813,0.20580000,25.00000000,0.1997
1749264813,0.20590000,1204.00000000,0.1997
1749264813,0.20600000,196.40000000,0.1997
1749264813,0.20610000,209.60000000,0.1997
1749264813,0.20650000,139.60000000,0.1997
1749264813,0.20690000,63.80000000,0.1997
1749264813,0.20720000,27.00000000,0.1997
1749264813,0.20740000,41.50000000,0.1997
1749264813,0.20750000,1539.70000000,0.1997
1749264813,0.20760000,4922.30000000,0.1997
1749264813,0.20800000,317.40000000,0.1997
1749264813,0.20810000,26.90000000,0.1997
1749264813,0.20820000,36.30000000,0.1997
1749264813,0.20830000,1250.10000000,0.1997
1749264813,0.20870000,25.00000000,0.1997
1749264813,0.20890000,41.00000000,0.1997
1749264813,0.20930000,4867.70000000,0.1997
1749264813,0.20940000,45.50000000,0.1997
1749264813,0.20950000,1277.40000000,0.1997
1749264813,0.20990000,3099.00000000,0.1997
1749264813,0.21030000,746.40000000,0.1997
1749264813,0.21050000,47.70000000,0.1997
1749264813,0.21090000,47.40000000,0.1997
1749264813,0.21100000,699.40000000,0.1997
1749264813,0.21110000,52.20000000,0.1997
1749264813,0.21130000,46.90000000,0.1997
1749264813,0.21140000,998.40000000,0.1997
1749264813,0.21150000,21131.10000000,0.1997
1749264813,0.21170000,25.00000000,0.1997
1749264813,0.21180000,81.00000000,0.1997
1749264813,0.21190000,33.00000000,0.1997
1749264813,0.21220000,1219.70000000,0.1997
1749264813,0.21230000,56.30000000,0.1997
1749264813,0.21260000,699.30000000,0.1997
1749264813,0.21280000,26.30000000,0.1997
1749264813,0.21290000,52.00000000,0.1997
1749264813,0.21300000,702.70000000,0.1997
1749264813,0.21320000,48.30000000,0.1997
1749264813,0.21350000,76.10000000,0.1997
1749264813,0.21360000,27.50000000,0.1997
1749264813,0.21370000,54.30000000,0.1997
1749264813,0.21480000,81.90000000,0.1997
1749264813,0.21490000,689.50000000,0.1997
1749264813,0.21500000,6763.00000000,0.1997
1749264813,0.21510000,49.70000000,0.1997
1749264813,0.21520000,55.50000000,0.1997
1749264813,0.21530000,98.20000000,0.1997
1749264813,0.21590000,78.00000000,0.1997
1749264813,0.21600000,119.50000000,0.1997
1749264813,0.21640000,374.30000000,0.1997
1749264813,0.21700000,85.20000000,0.1997
1749264813,0.21730000,2597.90000000,0.1997
1749264813,0.21740000,77.70000000,0.1997
1749264813,0.21760000,102.40000000,0.1997
1749264813,0.21790000,25.00000000,0.1997
1749264813,0.21820000,54.70000000,0.1997
1749264813,0.21850000,290.50000000,0.1997
1749264813,0.21890000,78.30000000,0.1997
1749264813,0.21920000,942.50000000,0.1997
1749264813,0.21930000,56.90000000,0.1997
1749264813,0.21950000,799.10000000,0.1997
1749264813,0.21960000,47.70000000,0.1997
1749265115,0.20010000,14767.70000000,0.2
1749265115,0.20020000,14816.20000000,0.2
1749265115,0.20030000,10919.50000000,0.2
1749265115,0.20040000,19039.10000000,0.2
1749265115,0.20050000,18379.60000000,0.2
1749265115,0.20060000,7525.60000000,0.2
1749265115,0.20070000,7107.90000000,0.2
1749265115,0.20080000,12855.70000000,0.2
1749265115,0.20090000,3536.90000000,0.2
1749265115,0.20100000,9925.50000000,0.2
1749265115,0.20110000,2846.60000000,0.2
1749265115,0.20120000,9632.70000000,0.2
1749265115,0.20130000,5887.90000000,0.2
1749265115,0.20140000,37578.00000000,0.2
1749265115,0.20150000,5198.40000000,0.2
1749265115,0.20160000,6808.30000000,0.2
1749265115,0.20170000,2123.80000000,0.2
1749265115,0.20180000,3708.70000000,0.2
1749265115,0.20190000,7073.70000000,0.2
1749265115,0.20200000,34217.60000000,0.2
1749265115,0.20210000,37.50000000,0.2
1749265115,0.20220000,65.20000000,0.2
1749265115,0.20260000,4530.30000000,0.2
1749265115,0.20280000,3249.00000000,0.2
1749265115,0.20290000,50.00000000,0.2
1749265115,0.20300000,27.60000000,0.2
1749265115,0.20350000,343.80000000,0.2
1749265115,0.20360000,58.70000000,0.2
1749265115,0.20370000,41.60000000,0.2
1749265115,0.20380000,65044.20000000,0.2
1749265115,0.20390000,323.70000000,0.2
1749265115,0.20400000,13130.40000000,0.2
1749265115,0.20460000,8461.10000000,0.2
1749265115,0.20510000,73.10000000,0.2
1749265115,0.20550000,3348.70000000,0.2
1749265115,0.20560000,42.90000000,0.2
1749265115,0.20570000,689.50000000,0.2
1749265115,0.20580000,25.00000000,0.2
1749265115,0.20590000,56.90000000,0.2
1749265115,0.20600000,4807.60000000,0.2
1749265115,0.20610000,209.60000000,0.2
1749265115,0.20650000,1286.70000000,0.2
1749265115,0.20690000,63.80000000,0.2
1749265115,0.20720000,27.00000000,0.2
1749265115,0.20740000,41.50000000,0.2
1749265115,0.20750000,1539.70000000,0.2
1749265115,0.20760000,49.20000000,0.2
1749265115,0.20780000,57.70000000,0.2
1749265115,0.20800000,317.40000000,0.2
1749265115,0.20810000,26.90000000,0.2
1749265115,0.20820000,4909.40000000,0.2
1749265115,0.20830000,1250.10000000,0.2
1749265115,0.20870000,25.00000000,0.2
1749265115,0.20890000,41.00000000,0.2
1749265115,0.20930000,57.10000000,0.2
1749265115,0.20940000,45.50000000,0.2
1749265115,0.20950000,50.80000000,0.2
1749265115,0.20990000,7909.60000000,0.2
1749265115,0.21010000,1226.60000000,0.2
1749265115,0.21030000,746.40000000,0.2
1749265115,0.21050000,47.70000000,0.2
1749265115,0.21090000,47.40000000,0.2
1749265115,0.21100000,699.40000000,0.2
1749265115,0.21110000,52.20000000,0.2
1749265115,0.21130000,46.90000000,0.2
1749265115,0.21140000,998.40000000,0.2
1749265115,0.21150000,21131.10000000,0.2
1749265115,0.21170000,25.00000000,0.2
1749265115,0.21180000,151.80000000,0.2
1749265115,0.21190000,33.00000000,0.2
1749265115,0.21220000,1219.70000000,0.2
1749265115,0.21230000,56.30000000,0.2
1749265115,0.21260000,699.30000000,0.2
1749265115,0.21280000,26.30000000,0.2
1749265115,0.21290000,52.00000000,0.2
1749265115,0.21300000,702.70000000,0.2
1749265115,0.21320000,48.30000000,0.2
1749265115,0.21350000,76.10000000,0.2
1749265115,0.21360000,27.50000000,0.2
1749265115,0.21370000,54.30000000,0.2
1749265115,0.21480000,81.90000000,0.2
1749265115,0.21490000,689.50000000,0.2
1749265115,0.21500000,6763.00000000,0.2
1749265115,0.21510000,49.70000000,0.2
1749265115,0.21520000,55.50000000,0.2
1749265115,0.21530000,98.20000000,0.2
1749265115,0.21590000,78.00000000,0.2
1749265115,0.21600000,119.50000000,0.2
1749265115,0.21640000,374.30000000,0.2
1749265115,0.21700000,85.20000000,0.2
1749265115,0.21730000,2597.90000000,0.2
1749265115,0.21740000,77.70000000,0.2
1749265115,0.21760000,102.40000000,0.2
1749265115,0.21790000,25.00000000,0.2
1749265115,0.21820000,54.70000000,0.2
1749265115,0.21850000,290.50000000,0.2
1749265115,0.21890000,78.30000000,0.2
1749265115,0.21920000,942.50000000,0.2
1749265115,0.21930000,56.90000000,0.2
1749265115,0.21950000,799.10000000,0.2
1749265416,0.19990000,266.10000000,0.1998
1749265416,0.20000000,9467.60000000,0.1998
1749265416,0.20010000,10206.10000000,0.1998
1749265416,0.20020000,13588.20000000,0.1998
1749265416,0.20030000,26515.20000000,0.1998
1749265416,0.20040000,7108.70000000,0.1998
1749265416,0.20050000,12122.30000000,0.1998
1749265416,0.20060000,7821.30000000,0.1998
1749265416,0.20070000,7107.90000000,0.1998
1749265416,0.20080000,5236.10000000,0.1998
1749265416,0.20090000,37885.90000000,0.1998
1749265416,0.20100000,12481.90000000,0.1998
1749265416,0.20110000,6477.30000000,0.1998
1749265416,0.20120000,1605.20000000,0.1998
1749265416,0.20130000,2257.20000000,0.1998
1749265416,0.20140000,1567.70000000,0.1998
1749265416,0.20150000,1567.70000000,0.1998
1749265416,0.20160000,36527.60000000,0.1998
1749265416,0.20170000,2123.80000000,0.1998
1749265416,0.20180000,78.00000000,0.1998
1749265416,0.20190000,8603.70000000,0.1998
1749265416,0.20200000,2414.30000000,0.1998
1749265416,0.20210000,37.50000000,0.1998
1749265416,0.20220000,65.20000000,0.1998
1749265416,0.20260000,6060.30000000,0.1998
1749265416,0.20280000,4779.00000000,0.1998
1749265416,0.20290000,50.00000000,0.1998
1749265416,0.20300000,27.60000000,0.1998
1749265416,0.20340000,65032.50000000,0.1998
1749265416,0.20350000,343.80000000,0.1998
1749265416,0.20360000,58.70000000,0.1998
1749265416,0.20370000,41.60000000,0.1998
1749265416,0.20380000,44.20000000,0.1998
1749265416,0.20390000,323.70000000,0.1998
1749265416,0.20400000,13130.40000000,0.1998
1749265416,0.20460000,8461.10000000,0.1998
1749265416,0.20510000,73.10000000,0.1998
1749265416,0.20550000,3348.70000000,0.1998
1749265416,0.20560000,42.90000000,0.1998
1749265416,0.20570000,689.50000000,0.1998
1749265416,0.20580000,25.00000000,0.1998
1749265416,0.20590000,56.90000000,0.1998
1749265416,0.20600000,4807.60000000,0.1998
1749265416,0.20610000,209.60000000,0.1998
1749265416,0.20650000,1286.70000000,0.1998
1749265416,0.20690000,63.80000000,0.1998
1749265416,0.20720000,27.00000000,0.1998
1749265416,0.20740000,41.50000000,0.1998
1749265416,0.20750000,1539.70000000,0.1998
1749265416,0.20760000,49.20000000,0.1998
1749265416,0.20780000,57.70000000,0.1998
1749265416,0.20800000,317.40000000,0.1998
1749265416,0.20810000,26.90000000,0.1998
1749265416,0.20820000,4909.40000000,0.1998
1749265416,0.20830000,1250.10000000,0.1998
1749265416,0.20870000,25.00000000,0.1998
1749265416,0.20890000,41.00000000,0.1998
1749265416,0.20930000,57.10000000,0.1998
1749265416,0.20940000,45.50000000,0.1998
1749265416,0.20950000,50.80000000,0.1998
1749265416,0.20990000,7909.60000000,0.1998
1749265416,0.21010000,1226.60000000,0.1998
1749265416,0.21030000,746.40000000,0.1998
1749265416,0.21050000,47.70000000,0.1998
1749265416,0.21090000,47.40000000,0.1998
1749265416,0.21100000,699.40000000,0.1998
1749265416,0.21110000,52.20000000,0.1998
1749265416,0.21130000,46.90000000,0.1998
1749265416,0.21140000,998.40000000,0.1998
1749265416,0.21150000,21131.10000000,0.1998
1749265416,0.21170000,25.00000000,0.1998
1749265416,0.21180000,151.80000000,0.1998
1749265416,0.21190000,33.00000000,0.1998
1749265416,0.21220000,1219.70000000,0.1998
1749265416,0.21230000,56.30000000,0.1998
1749265416,0.21260000,699.30000000,0.1998
1749265416,0.21280000,26.30000000,0.1998
1749265416,0.21290000,52.00000000,0.1998
1749265416,0.21300000,702.70000000,0.1998
1749265416,0.21320000,48.30000000,0.1998
1749265416,0.21350000,76.10000000,0.1998
1749265416,0.21360000,27.50000000,0.1998
1749265416,0.21370000,54.30000000,0.1998
1749265416,0.21480000,81.90000000,0.1998
1749265416,0.21490000,689.50000000,0.1998
1749265416,0.21500000,6763.00000000,0.1998
1749265416,0.21510000,49.70000000,0.1998
1749265416,0.21520000,55.50000000,0.1998
1749265416,0.21530000,98.20000000,0.1998
1749265416,0.21590000,78.00000000,0.1998
1749265416,0.21600000,145.50000000,0.1998
1749265416,0.21640000,374.30000000,0.1998
1749265416,0.21700000,85.20000000,0.1998
1749265416,0.21730000,2597.90000000,0.1998
1749265416,0.21740000,77.70000000,0.1998
1749265416,0.21760000,102.40000000,0.1998
1749265416,0.21790000,25.00000000,0.1998
1749265416,0.21820000,54.70000000,0.1998
1749265416,0.21850000,290.50000000,0.1998
1749265416,0.21890000,78.30000000,0.1998
1749265722,0.20030000,9770.20000000,0.2001
1749265722,0.20040000,19316.90000000,0.2001
1749265722,0.20050000,47485.20000000,0.2001
1749265722,0.20060000,21150.20000000,0.2001
1749265722,0.20070000,9488.30000000,0.2001
1749265722,0.20080000,7063.30000000,0.2001
1749265722,0.20090000,7113.00000000,0.2001
1749265722,0.20100000,13175.90000000,0.2001
1749265722,0.20110000,6477.30000000,0.2001
1749265722,0.20120000,9368.80000000,0.2001
1749265722,0.20130000,38302.70000000,0.2001
1749265722,0.20140000,1605.20000000,0.2001
1749265722,0.20150000,5198.40000000,0.2001
1749265722,0.20160000,7565.50000000,0.2001
1749265722,0.20170000,5444.20000000,0.2001
1749265722,0.20180000,78.00000000,0.2001
1749265722,0.20190000,1877.90000000,0.2001
1749265722,0.20200000,2414.30000000,0.2001
1749265722,0.20210000,34900.80000000,0.2001
1749265722,0.20220000,1595.20000000,0.2001
1749265722,0.20230000,8597.20000000,0.2001
1749265722,0.20240000,37.50000000,0.2001
1749265722,0.20260000,6060.30000000,0.2001
1749265722,0.20280000,4779.00000000,0.2001
1749265722,0.20290000,50.00000000,0.2001
1749265722,0.20300000,27.60000000,0.2001
1749265722,0.20350000,1873.80000000,0.2001
1749265722,0.20360000,58.70000000,0.2001
1749265722,0.20370000,41.60000000,0.2001
1749265722,0.20380000,44.20000000,0.2001
1749265722,0.20390000,66853.70000000,0.2001
1749265722,0.20400000,14660.40000000,0.2001
1749265722,0.20460000,8461.10000000,0.2001
1749265722,0.20510000,73.10000000,0.2001
1749265722,0.20550000,3348.70000000,0.2001
1749265722,0.20560000,42.90000000,0.2001
1749265722,0.20570000,689.50000000,0.2001
1749265722,0.20580000,25.00000000,0.2001
1749265722,0.20590000,56.90000000,0.2001
1749265722,0.20600000,4807.60000000,0.2001
1749265722,0.20610000,209.60000000,0.2001
1749265722,0.20650000,1286.70000000,0.2001
1749265722,0.20690000,63.80000000,0.2001
1749265722,0.20720000,27.00000000,0.2001
1749265722,0.20740000,41.50000000,0.2001
1749265722,0.20750000,1539.70000000,0.2001
1749265722,0.20760000,49.20000000,0.2001
1749265722,0.20780000,57.70000000,0.2001
1749265722,0.20800000,317.40000000,0.2001
1749265722,0.20810000,26.90000000,0.2001
1749265722,0.20820000,4909.40000000,0.2001
1749265722,0.20870000,25.00000000,0.2001
1749265722,0.20890000,1291.10000000,0.2001
1749265722,0.20930000,57.10000000,0.2001
1749265722,0.20940000,45.50000000,0.2001
1749265722,0.20950000,50.80000000,0.2001
1749265722,0.20990000,7909.60000000,0.2001
1749265722,0.21010000,1226.60000000,0.2001
1749265722,0.21030000,746.40000000,0.2001
1749265722,0.21050000,47.70000000,0.2001
1749265722,0.21090000,47.40000000,0.2001
1749265722,0.21100000,699.40000000,0.2001
1749265722,0.21110000,52.20000000,0.2001
1749265722,0.21130000,46.90000000,0.2001
1749265722,0.21140000,998.40000000,0.2001
1749265722,0.21150000,21131.10000000,0.2001
1749265722,0.21170000,25.00000000,0.2001
1749265722,0.21180000,151.80000000,0.2001
1749265722,0.21190000,33.00000000,0.2001
1749265722,0.21220000,1219.70000000,0.2001
1749265722,0.21230000,56.30000000,0.2001
1749265722,0.21260000,699.30000000,0.2001
1749265722,0.21280000,26.30000000,0.2001
1749265722,0.21290000,52.00000000,0.2001
1749265722,0.21300000,702.70000000,0.2001
1749265722,0.21320000,48.30000000,0.2001
1749265722,0.21350000,76.10000000,0.2001
1749265722,0.21360000,27.50000000,0.2001
1749265722,0.21370000,54.30000000,0.2001
1749265722,0.21480000,81.90000000,0.2001
1749265722,0.21490000,689.50000000,0.2001
1749265722,0.21500000,6763.00000000,0.2001
1749265722,0.21510000,49.70000000,0.2001
1749265722,0.21520000,55.50000000,0.2001
1749265722,0.21530000,98.20000000,0.2001
1749265722,0.21590000,78.00000000,0.2001
1749265722,0.21600000,145.50000000,0.2001
1749265722,0.21640000,374.30000000,0.2001
1749265722,0.21700000,85.20000000,0.2001
1749265722,0.21730000,2597.90000000,0.2001
1749265722,0.21740000,77.70000000,0.2001
1749265722,0.21760000,102.40000000,0.2001
1749265722,0.21790000,25.00000000,0.2001
1749265722,0.21820000,54.70000000,0.2001
1749265722,0.21850000,290.50000000,0.2001
1749265722,0.21890000,78.30000000,0.2001
1749265722,0.21920000,942.50000000,0.2001
1749265722,0.21930000,56.90000000,0.2001
1749265722,0.21950000,799.10000000,0.2001
1749265722,0.21960000,47.70000000,0.2001
1749266024,0.20070000,1530.00000000,0.2007
1749266024,0.20080000,13321.80000000,0.2007
1749266024,0.20090000,32782.00000000,0.2007
1749266024,0.20100000,34598.20000000,0.2007
1749266024,0.20110000,28346.80000000,0.2007
1749266024,0.20120000,21943.30000000,0.2007
1749266024,0.20130000,7715.60000000,0.2007
1749266024,0.20140000,7730.30000000,0.2007
1749266024,0.20150000,12032.10000000,0.2007
1749266024,0.20160000,5292.60000000,0.2007
1749266024,0.20170000,5283.40000000,0.2007
1749266024,0.20180000,5774.30000000,0.2007
1749266024,0.20190000,5546.00000000,0.2007
1749266024,0.20200000,2414.30000000,0.2007
1749266024,0.20210000,33773.60000000,0.2007
1749266024,0.20220000,1595.20000000,0.2007
1749266024,0.20230000,5940.10000000,0.2007
1749266024,0.20240000,37.50000000,0.2007
1749266024,0.20250000,3120.60000000,0.2007
1749266024,0.20260000,6295.10000000,0.2007
1749266024,0.20270000,41820.20000000,0.2007
1749266024,0.20280000,1592.40000000,0.2007
1749266024,0.20290000,87.40000000,0.2007
1749266024,0.20300000,27.60000000,0.2007
1749266024,0.20350000,4754.00000000,0.2007
1749266024,0.20360000,58.70000000,0.2007
1749266024,0.20370000,41.60000000,0.2007
1749266024,0.20380000,44.20000000,0.2007
1749266024,0.20390000,1853.70000000,0.2007
1749266024,0.20400000,14660.40000000,0.2007
1749266024,0.20440000,342.40000000,0.2007
1749266024,0.20450000,64805.60000000,0.2007
1749266024,0.20510000,73.10000000,0.2007
1749266024,0.20520000,8461.10000000,0.2007
1749266024,0.20560000,42.90000000,0.2007
1749266024,0.20570000,689.50000000,0.2007
1749266024,0.20580000,25.00000000,0.2007
1749266024,0.20590000,56.90000000,0.2007
1749266024,0.20600000,196.40000000,0.2007
1749266024,0.20610000,209.60000000,0.2007
1749266024,0.20620000,3348.70000000,0.2007
1749266024,0.20650000,139.60000000,0.2007
1749266024,0.20660000,4611.20000000,0.2007
1749266024,0.20690000,63.80000000,0.2007
1749266024,0.20710000,1147.10000000,0.2007
1749266024,0.20720000,27.00000000,0.2007
1749266024,0.20740000,41.50000000,0.2007
1749266024,0.20750000,1539.70000000,0.2007
1749266024,0.20780000,57.70000000,0.2007
1749266024,0.20800000,317.40000000,0.2007
1749266024,0.20810000,26.90000000,0.2007
1749266024,0.20820000,36.30000000,0.2007
1749266024,0.20870000,25.00000000,0.2007
1749266024,0.20880000,4873.10000000,0.2007
1749266024,0.20890000,1291.10000000,0.2007
1749266024,0.20930000,57.10000000,0.2007
1749266024,0.20940000,45.50000000,0.2007
1749266024,0.20950000,50.80000000,0.2007
1749266024,0.20990000,3099.00000000,0.2007
1749266024,0.21030000,746.40000000,0.2007
1749266024,0.21050000,47.70000000,0.2007
1749266024,0.21060000,4810.60000000,0.2007
1749266024,0.21070000,1226.60000000,0.2007
1749266024,0.21090000,47.40000000,0.2007
1749266024,0.21100000,699.40000000,0.2007
1749266024,0.21110000,52.20000000,0.2007
1749266024,0.21130000,46.90000000,0.2007
1749266024,0.21140000,998.40000000,0.2007
1749266024,0.21150000,21131.10000000,0.2007
1749266024,0.21170000,25.00000000,0.2007
1749266024,0.21180000,151.80000000,0.2007
1749266024,0.21190000,33.00000000,0.2007
1749266024,0.21220000,1219.70000000,0.2007
1749266024,0.21230000,56.30000000,0.2007
1749266024,0.21260000,699.30000000,0.2007
1749266024,0.21280000,26.30000000,0.2007
1749266024,0.21290000,52.00000000,0.2007
1749266024,0.21300000,702.70000000,0.2007
1749266024,0.21320000,48.30000000,0.2007
1749266024,0.21350000,76.10000000,0.2007
1749266024,0.21360000,27.50000000,0.2007
1749266024,0.21370000,54.30000000,0.2007
1749266024,0.21480000,81.90000000,0.2007
1749266024,0.21490000,689.50000000,0.2007
1749266024,0.21500000,6763.00000000,0.2007
1749266024,0.21510000,49.70000000,0.2007
1749266024,0.21520000,55.50000000,0.2007
1749266024,0.21530000,98.20000000,0.2007
1749266024,0.21590000,78.00000000,0.2007
1749266024,0.21600000,145.50000000,0.2007
1749266024,0.21640000,374.30000000,0.2007
1749266024,0.21700000,85.20000000,0.2007
1749266024,0.21730000,2597.90000000,0.2007
1749266024,0.21740000,77.70000000,0.2007
1749266024,0.21760000,102.40000000,0.2007
1749266024,0.21790000,25.00000000,0.2007
1749266024,0.21820000,54.70000000,0.2007
1749266024,0.21850000,290.50000000,0.2007
1749266024,0.21890000,78.30000000,0.2007
1749266024,0.21920000,942.50000000,0.2007
1749266326,0.20050000,8020.10000000,0.2004
1749266326,0.20060000,19820.90000000,0.2004
1749266326,0.20070000,26416.30000000,0.2004
1749266326,0.20080000,26891.90000000,0.2004
1749266326,0.20090000,25004.90000000,0.2004
1749266326,0.20100000,24949.40000000,0.2004
1749266326,0.20110000,7026.70000000,0.2004
1749266326,0.20120000,12708.20000000,0.2004
1749266326,0.20130000,7715.60000000,0.2004
1749266326,0.20140000,7026.10000000,0.2004
1749266326,0.20150000,8340.90000000,0.2004
1749266326,0.20160000,10366.90000000,0.2004
1749266326,0.20170000,5283.40000000,0.2004
1749266326,0.20180000,2886.80000000,0.2004
1749266326,0.20190000,5546.00000000,0.2004
1749266326,0.20200000,2451.70000000,0.2004
1749266326,0.20210000,5235.60000000,0.2004
1749266326,0.20220000,5969.90000000,0.2004
1749266326,0.20230000,37355.30000000,0.2004
1749266326,0.20240000,1567.50000000,0.2004
1749266326,0.20250000,3120.60000000,0.2004
1749266326,0.20260000,6295.10000000,0.2004
1749266326,0.20270000,41816.40000000,0.2004
1749266326,0.20280000,62.40000000,0.2004
1749266326,0.20290000,87.40000000,0.2004
1749266326,0.20300000,65.00000000,0.2004
1749266326,0.20310000,37.40000000,0.2004
1749266326,0.20350000,3224.00000000,0.2004
1749266326,0.20360000,58.70000000,0.2004
1749266326,0.20370000,41.60000000,0.2004
1749266326,0.20380000,44.20000000,0.2004
1749266326,0.20390000,323.70000000,0.2004
1749266326,0.20440000,342.40000000,0.2004
1749266326,0.20450000,64805.60000000,0.2004
1749266326,0.20470000,12868.80000000,0.2004
1749266326,0.20510000,73.10000000,0.2004
1749266326,0.20560000,42.90000000,0.2004
1749266326,0.20570000,689.50000000,0.2004
1749266326,0.20580000,8486.10000000,0.2004
1749266326,0.20590000,56.90000000,0.2004
1749266326,0.20600000,196.40000000,0.2004
1749266326,0.20610000,209.60000000,0.2004
1749266326,0.20620000,3348.70000000,0.2004
1749266326,0.20650000,139.60000000,0.2004
1749266326,0.20660000,4611.20000000,0.2004
1749266326,0.20690000,63.80000000,0.2004
1749266326,0.20710000,1147.10000000,0.2004
1749266326,0.20720000,27.00000000,0.2004
1749266326,0.20740000,41.50000000,0.2004
1749266326,0.20750000,1539.70000000,0.2004
1749266326,0.20780000,57.70000000,0.2004
1749266326,0.20800000,317.40000000,0.2004
1749266326,0.20810000,26.90000000,0.2004
1749266326,0.20870000,25.00000000,0.2004
1749266326,0.20880000,4873.10000000,0.2004
1749266326,0.20930000,57.10000000,0.2004
1749266326,0.20940000,45.50000000,0.2004
1749266326,0.20950000,1300.90000000,0.2004
1749266326,0.20990000,3099.00000000,0.2004
1749266326,0.21030000,746.40000000,0.2004
1749266326,0.21050000,47.70000000,0.2004
1749266326,0.21060000,4810.60000000,0.2004
1749266326,0.21070000,1226.60000000,0.2004
1749266326,0.21090000,47.40000000,0.2004
1749266326,0.21100000,699.40000000,0.2004
1749266326,0.21110000,52.20000000,0.2004
1749266326,0.21130000,46.90000000,0.2004
1749266326,0.21140000,998.40000000,0.2004
1749266326,0.21150000,21131.10000000,0.2004
1749266326,0.21170000,25.00000000,0.2004
1749266326,0.21180000,151.80000000,0.2004
1749266326,0.21190000,33.00000000,0.2004
1749266326,0.21220000,1219.70000000,0.2004
1749266326,0.21230000,56.30000000,0.2004
1749266326,0.21260000,699.30000000,0.2004
1749266326,0.21280000,26.30000000,0.2004
1749266326,0.21290000,52.00000000,0.2004
1749266326,0.21300000,702.70000000,0.2004
1749266326,0.21320000,48.30000000,0.2004
1749266326,0.21350000,76.10000000,0.2004
1749266326,0.21360000,27.50000000,0.2004
1749266326,0.21370000,54.30000000,0.2004
1749266326,0.21480000,81.90000000,0.2004
1749266326,0.21490000,689.50000000,0.2004
1749266326,0.21500000,6763.00000000,0.2004
1749266326,0.21510000,49.70000000,0.2004
1749266326,0.21520000,55.50000000,0.2004
1749266326,0.21530000,98.20000000,0.2004
1749266326,0.21590000,78.00000000,0.2004
1749266326,0.21600000,145.50000000,0.2004
1749266326,0.21640000,374.30000000,0.2004
1749266326,0.21700000,85.20000000,0.2004
1749266326,0.21730000,2597.90000000,0.2004
1749266326,0.21740000,77.70000000,0.2004
1749266326,0.21760000,102.40000000,0.2004
1749266326,0.21790000,25.00000000,0.2004
1749266326,0.21820000,54.70000000,0.2004
1749266326,0.21850000,290.50000000,0.2004
1749266326,0.21890000,78.30000000,0.2004
1749266326,0.21920000,942.50000000,0.2004
1749266635,0.20060000,8049.00000000,0.2006
1749266635,0.20070000,14345.60000000,0.2006
1749266635,0.20080000,10699.50000000,0.2006
1749266635,0.20090000,18170.10000000,0.2006
1749266635,0.20100000,20341.60000000,0.2006
1749266635,0.20110000,7026.70000000,0.2006
1749266635,0.20120000,7030.50000000,0.2006
1749266635,0.20130000,13108.00000000,0.2006
1749266635,0.20140000,8979.90000000,0.2006
1749266635,0.20150000,6550.90000000,0.2006
1749266635,0.20160000,8583.40000000,0.2006
1749266635,0.20170000,37562.00000000,0.2006
1749266635,0.20180000,7270.30000000,0.2006
1749266635,0.20190000,1915.30000000,0.2006
1749266635,0.20200000,2451.70000000,0.2006
1749266635,0.20210000,1604.90000000,0.2006
1749266635,0.20220000,1595.20000000,0.2006
1749266635,0.20230000,34817.70000000,0.2006
1749266635,0.20240000,1567.50000000,0.2006
1749266635,0.20250000,3120.60000000,0.2006
1749266635,0.20260000,6295.10000000,0.2006
1749266635,0.20270000,7057.30000000,0.2006
1749266635,0.20280000,62.40000000,0.2006
1749266635,0.20290000,87.40000000,0.2006
1749266635,0.20300000,1595.00000000,0.2006
1749266635,0.20310000,37.40000000,0.2006
1749266635,0.20350000,3224.00000000,0.2006
1749266635,0.20360000,58.70000000,0.2006
1749266635,0.20370000,41.60000000,0.2006
1749266635,0.20380000,44.20000000,0.2006
1749266635,0.20390000,323.70000000,0.2006
1749266635,0.20410000,64837.90000000,0.2006
1749266635,0.20440000,342.40000000,0.2006
1749266635,0.20470000,12868.80000000,0.2006
1749266635,0.20510000,73.10000000,0.2006
1749266635,0.20520000,8461.10000000,0.2006
1749266635,0.20560000,42.90000000,0.2006
1749266635,0.20570000,689.50000000,0.2006
1749266635,0.20580000,25.00000000,0.2006
1749266635,0.20590000,56.90000000,0.2006
1749266635,0.20600000,196.40000000,0.2006
1749266635,0.20610000,209.60000000,0.2006
1749266635,0.20620000,3348.70000000,0.2006
1749266635,0.20650000,139.60000000,0.2006
1749266635,0.20660000,4611.20000000,0.2006
1749266635,0.20690000,63.80000000,0.2006
1749266635,0.20710000,1147.10000000,0.2006
1749266635,0.20720000,27.00000000,0.2006
1749266635,0.20740000,41.50000000,0.2006
1749266635,0.20750000,1539.70000000,0.2006
1749266635,0.20780000,57.70000000,0.2006
1749266635,0.20800000,317.40000000,0.2006
1749266635,0.20810000,26.90000000,0.2006
1749266635,0.20870000,25.00000000,0.2006
1749266635,0.20880000,4873.10000000,0.2006
1749266635,0.20890000,1250.10000000,0.2006
1749266635,0.20930000,57.10000000,0.2006
1749266635,0.20940000,45.50000000,0.2006
1749266635,0.20950000,50.80000000,0.2006
1749266635,0.20990000,3099.00000000,0.2006
1749266635,0.21030000,746.40000000,0.2006
1749266635,0.21050000,47.70000000,0.2006
1749266635,0.21060000,4810.60000000,0.2006
1749266635,0.21070000,1226.60000000,0.2006
1749266635,0.21090000,47.40000000,0.2006
1749266635,0.21100000,699.40000000,0.2006
1749266635,0.21110000,52.20000000,0.2006
1749266635,0.21130000,46.90000000,0.2006
1749266635,0.21140000,998.40000000,0.2006
1749266635,0.21150000,21131.10000000,0.2006
1749266635,0.21170000,25.00000000,0.2006
1749266635,0.21180000,151.80000000,0.2006
1749266635,0.21190000,33.00000000,0.2006
1749266635,0.21220000,1219.70000000,0.2006
1749266635,0.21230000,56.30000000,0.2006
1749266635,0.21260000,699.30000000,0.2006
1749266635,0.21280000,26.30000000,0.2006
1749266635,0.21290000,52.00000000,0.2006
1749266635,0.21300000,702.70000000,0.2006
1749266635,0.21320000,48.30000000,0.2006
1749266635,0.21350000,76.10000000,0.2006
1749266635,0.21360000,27.50000000,0.2006
1749266635,0.21370000,54.30000000,0.2006
1749266635,0.21480000,81.90000000,0.2006
1749266635,0.21490000,689.50000000,0.2006
1749266635,0.21500000,6763.00000000,0.2006
1749266635,0.21510000,49.70000000,0.2006
1749266635,0.21520000,55.50000000,0.2006
1749266635,0.21530000,98.20000000,0.2006
1749266635,0.21590000,78.00000000,0.2006
1749266635,0.21600000,145.50000000,0.2006
1749266635,0.21640000,374.30000000,0.2006
1749266635,0.21700000,85.20000000,0.2006
1749266635,0.21730000,2597.90000000,0.2006
1749266635,0.21740000,77.70000000,0.2006
1749266635,0.21760000,102.40000000,0.2006
1749266635,0.21790000,25.00000000,0.2006
1749266635,0.21820000,54.70000000,0.2006
1749266635,0.21850000,290.50000000,0.2006
1749266635,0.21890000,78.30000000,0.2006
1749266937,0.20080000,2562.40000000,0.2007
1749266937,0.20090000,11035.40000000,0.2007
1749266937,0.20100000,15411.20000000,0.2007
1749266937,0.20110000,11087.10000000,0.2007
1749266937,0.20120000,12261.90000000,0.2007
1749266937,0.20130000,19859.30000000,0.2007
1749266937,0.20140000,16974.00000000,0.2007
1749266937,0.20150000,12002.80000000,0.2007
1749266937,0.20160000,8213.80000000,0.2007
1749266937,0.20170000,7074.00000000,0.2007
1749266937,0.20180000,3431.20000000,0.2007
1749266937,0.20190000,5650.60000000,0.2007
1749266937,0.20200000,6540.70000000,0.2007
1749266937,0.20210000,5235.60000000,0.2007
1749266937,0.20220000,33796.90000000,0.2007
1749266937,0.20230000,9570.80000000,0.2007
1749266937,0.20240000,2808.90000000,0.2007
1749266937,0.20250000,6751.30000000,0.2007
1749266937,0.20260000,1764.80000000,0.2007
1749266937,0.20270000,1877.70000000,0.2007
1749266937,0.20280000,34826.00000000,0.2007
1749266937,0.20290000,87.40000000,0.2007
1749266937,0.20300000,6125.30000000,0.2007
1749266937,0.20310000,8688.80000000,0.2007
1749266937,0.20320000,37.30000000,0.2007
1749266937,0.20350000,4754.00000000,0.2007
1749266937,0.20360000,58.70000000,0.2007
1749266937,0.20370000,41.60000000,0.2007
1749266937,0.20380000,44.20000000,0.2007
1749266937,0.20390000,1853.70000000,0.2007
1749266937,0.20440000,342.40000000,0.2007
1749266937,0.20450000,1530.00000000,0.2007
1749266937,0.20460000,66335.60000000,0.2007
1749266937,0.20470000,12868.80000000,0.2007
1749266937,0.20510000,73.10000000,0.2007
1749266937,0.20560000,42.90000000,0.2007
1749266937,0.20570000,689.50000000,0.2007
1749266937,0.20580000,8486.10000000,0.2007
1749266937,0.20590000,56.90000000,0.2007
1749266937,0.20600000,196.40000000,0.2007
1749266937,0.20610000,209.60000000,0.2007
1749266937,0.20620000,3348.70000000,0.2007
1749266937,0.20650000,139.60000000,0.2007
1749266937,0.20660000,4611.20000000,0.2007
1749266937,0.20690000,63.80000000,0.2007
1749266937,0.20710000,1147.10000000,0.2007
1749266937,0.20720000,27.00000000,0.2007
1749266937,0.20740000,41.50000000,0.2007
1749266937,0.20750000,1539.70000000,0.2007
1749266937,0.20780000,57.70000000,0.2007
1749266937,0.20800000,317.40000000,0.2007
1749266937,0.20810000,26.90000000,0.2007
1749266937,0.20870000,25.00000000,0.2007
1749266937,0.20880000,4873.10000000,0.2007
1749266937,0.20930000,57.10000000,0.2007
1749266937,0.20940000,45.50000000,0.2007
1749266937,0.20950000,1300.90000000,0.2007
1749266937,0.20990000,3099.00000000,0.2007
1749266937,0.21000000,51278.70000000,0.2007
1749266937,0.21030000,746.40000000,0.2007
1749266937,0.21050000,47.70000000,0.2007
1749266937,0.21060000,4810.60000000,0.2007
1749266937,0.21070000,1226.60000000,0.2007
1749266937,0.21090000,47.40000000,0.2007
1749266937,0.21100000,699.40000000,0.2007
1749266937,0.21110000,52.20000000,0.2007
1749266937,0.21130000,46.90000000,0.2007
1749266937,0.21140000,998.40000000,0.2007
1749266937,0.21150000,21131.10000000,0.2007
1749266937,0.21170000,25.00000000,0.2007
1749266937,0.21180000,151.80000000,0.2007
1749266937,0.21190000,33.00000000,0.2007
1749266937,0.21220000,1219.70000000,0.2007
1749266937,0.21230000,56.30000000,0.2007
1749266937,0.21260000,699.30000000,0.2007
1749266937,0.21280000,26.30000000,0.2007
1749266937,0.21290000,52.00000000,0.2007
1749266937,0.21300000,702.70000000,0.2007
1749266937,0.21320000,48.30000000,0.2007
1749266937,0.21350000,76.10000000,0.2007
1749266937,0.21360000,27.50000000,0.2007
1749266937,0.21370000,54.30000000,0.2007
1749266937,0.21480000,81.90000000,0.2007
1749266937,0.21490000,689.50000000,0.2007
1749266937,0.21500000,6763.00000000,0.2007
1749266937,0.21510000,49.70000000,0.2007
1749266937,0.21520000,55.50000000,0.2007
1749266937,0.21530000,98.20000000,0.2007
1749266937,0.21590000,78.00000000,0.2007
1749266937,0.21600000,145.50000000,0.2007
1749266937,0.21640000,374.30000000,0.2007
1749266937,0.21700000,85.20000000,0.2007
1749266937,0.21730000,2597.90000000,0.2007
1749266937,0.21740000,77.70000000,0.2007
1749266937,0.21760000,102.40000000,0.2007
1749266937,0.21790000,25.00000000,0.2007
1749266937,0.21820000,54.70000000,0.2007
1749266937,0.21850000,290.50000000,0.2007
1749266937,0.21890000,78.30000000,0.2007
1749266937,0.21920000,942.50000000,0.2007
1749267238,0.20050000,4259.30000000,0.2005
1749267238,0.20060000,13775.40000000,0.2005
1749267238,0.20070000,10839.20000000,0.2005
1749267238,0.20080000,17767.30000000,0.2005
1749267238,0.20090000,25633.50000000,0.2005
1749267238,0.20100000,9134.20000000,0.2005
1749267238,0.20110000,7025.70000000,0.2005
1749267238,0.20120000,8671.70000000,0.2005
1749267238,0.20130000,14437.30000000,0.2005
1749267238,0.20140000,7730.70000000,0.2005
1749267238,0.20150000,7026.50000000,0.2005
1749267238,0.20160000,40842.80000000,0.2005
1749267238,0.20170000,5283.40000000,0.2005
1749267238,0.20180000,7270.30000000,0.2005
1749267238,0.20190000,1605.00000000,0.2005
1749267238,0.20200000,3695.70000000,0.2005
1749267238,0.20210000,1915.20000000,0.2005
1749267238,0.20220000,1632.50000000,0.2005
1749267238,0.20230000,1567.50000000,0.2005
1749267238,0.20240000,34801.10000000,0.2005
1749267238,0.20250000,3120.60000000,0.2005
1749267238,0.20260000,1764.80000000,0.2005
1749267238,0.20270000,8628.10000000,0.2005
1749267238,0.20280000,1592.40000000,0.2005
1749267238,0.20290000,87.40000000,0.2005
1749267238,0.20300000,6125.30000000,0.2005
1749267238,0.20310000,1567.40000000,0.2005
1749267238,0.20320000,37.30000000,0.2005
1749267238,0.20350000,4754.00000000,0.2005
1749267238,0.20360000,58.70000000,0.2005
1749267238,0.20370000,41.60000000,0.2005
1749267238,0.20380000,44.20000000,0.2005
1749267238,0.20390000,1853.70000000,0.2005
1749267238,0.20420000,64805.60000000,0.2005
1749267238,0.20440000,342.40000000,0.2005
1749267238,0.20470000,12868.80000000,0.2005
1749267238,0.20510000,73.10000000,0.2005
1749267238,0.20520000,8461.10000000,0.2005
1749267238,0.20560000,42.90000000,0.2005
1749267238,0.20570000,689.50000000,0.2005
1749267238,0.20580000,25.00000000,0.2005
1749267238,0.20590000,56.90000000,0.2005
1749267238,0.20600000,196.40000000,0.2005
1749267238,0.20610000,209.60000000,0.2005
1749267238,0.20620000,3348.70000000,0.2005
1749267238,0.20650000,139.60000000,0.2005
1749267238,0.20660000,4611.20000000,0.2005
1749267238,0.20690000,63.80000000,0.2005
1749267238,0.20710000,1147.10000000,0.2005
1749267238,0.20720000,27.00000000,0.2005
1749267238,0.20740000,41.50000000,0.2005
1749267238,0.20750000,1539.70000000,0.2005
1749267238,0.20780000,57.70000000,0.2005
1749267238,0.20800000,317.40000000,0.2005
1749267238,0.20810000,26.90000000,0.2005
1749267238,0.20870000,25.00000000,0.2005
1749267238,0.20880000,4873.10000000,0.2005
1749267238,0.20930000,57.10000000,0.2005
1749267238,0.20940000,45.50000000,0.2005
1749267238,0.20950000,1300.90000000,0.2005
1749267238,0.20990000,3855.50000000,0.2005
1749267238,0.21000000,51278.70000000,0.2005
1749267238,0.21030000,746.40000000,0.2005
1749267238,0.21050000,95.20000000,0.2005
1749267238,0.21060000,4810.60000000,0.2005
1749267238,0.21070000,1226.60000000,0.2005
1749267238,0.21090000,47.40000000,0.2005
1749267238,0.21100000,699.40000000,0.2005
1749267238,0.21110000,52.20000000,0.2005
1749267238,0.21130000,46.90000000,0.2005
1749267238,0.21140000,604.90000000,0.2005
1749267238,0.21150000,21131.10000000,0.2005
1749267238,0.21170000,25.00000000,0.2005
1749267238,0.21180000,151.80000000,0.2005
1749267238,0.21190000,33.00000000,0.2005
1749267238,0.21220000,1219.70000000,0.2005
1749267238,0.21230000,56.30000000,0.2005
1749267238,0.21260000,699.30000000,0.2005
1749267238,0.21280000,26.30000000,0.2005
1749267238,0.21290000,52.00000000,0.2005
1749267238,0.21300000,702.70000000,0.2005
1749267238,0.21320000,48.30000000,0.2005
1749267238,0.21350000,76.10000000,0.2005
1749267238,0.21360000,27.50000000,0.2005
1749267238,0.21370000,54.30000000,0.2005
1749267238,0.21480000,81.90000000,0.2005
1749267238,0.21490000,689.50000000,0.2005
1749267238,0.21500000,6763.00000000,0.2005
1749267238,0.21510000,49.70000000,0.2005
1749267238,0.21520000,55.50000000,0.2005
1749267238,0.21530000,98.20000000,0.2005
1749267238,0.21590000,78.00000000,0.2005
1749267238,0.21600000,145.50000000,0.2005
1749267238,0.21640000,374.30000000,0.2005
1749267238,0.21700000,85.20000000,0.2005
1749267238,0.21730000,2597.90000000,0.2005
1749267238,0.21740000,77.70000000,0.2005
1749267238,0.21760000,102.40000000,0.2005
1749267238,0.21790000,25.00000000,0.2005
1749267238,0.21820000,54.70000000,0.2005
1749267540,0.20060000,2583.90000000,0.2005
1749267540,0.20070000,19245.10000000,0.2005
1749267540,0.20080000,24426.90000000,0.2005
1749267540,0.20090000,30322.20000000,0.2005
1749267540,0.20100000,26556.40000000,0.2005
1749267540,0.20110000,26717.80000000,0.2005
1749267540,0.20120000,7021.30000000,0.2005
1749267540,0.20130000,8131.10000000,0.2005
1749267540,0.20140000,14375.00000000,0.2005
1749267540,0.20150000,7026.50000000,0.2005
1749267540,0.20160000,38002.30000000,0.2005
1749267540,0.20170000,5283.40000000,0.2005
1749267540,0.20180000,5774.60000000,0.2005
1749267540,0.20190000,7232.50000000,0.2005
1749267540,0.20200000,3695.70000000,0.2005
1749267540,0.20210000,1915.20000000,0.2005
1749267540,0.20220000,1632.50000000,0.2005
1749267540,0.20230000,1567.50000000,0.2005
1749267540,0.20240000,34801.10000000,0.2005
1749267540,0.20250000,3120.60000000,0.2005
1749267540,0.20260000,1764.80000000,0.2005
1749267540,0.20270000,8628.10000000,0.2005
1749267540,0.20280000,1592.40000000,0.2005
1749267540,0.20290000,87.40000000,0.2005
1749267540,0.20300000,6125.30000000,0.2005
1749267540,0.20310000,37.40000000,0.2005
1749267540,0.20320000,37.30000000,0.2005
1749267540,0.20350000,3224.00000000,0.2005
1749267540,0.20360000,58.70000000,0.2005
1749267540,0.20370000,41.60000000,0.2005
1749267540,0.20380000,44.20000000,0.2005
1749267540,0.20390000,323.70000000,0.2005
1749267540,0.20420000,64805.60000000,0.2005
1749267540,0.20440000,342.40000000,0.2005
1749267540,0.20470000,12868.80000000,0.2005
1749267540,0.20510000,73.10000000,0.2005
1749267540,0.20520000,8461.10000000,0.2005
1749267540,0.20560000,42.90000000,0.2005
1749267540,0.20570000,689.50000000,0.2005
1749267540,0.20580000,25.00000000,0.2005
1749267540,0.20590000,56.90000000,0.2005
1749267540,0.20600000,196.40000000,0.2005
1749267540,0.20610000,209.60000000,0.2005
1749267540,0.20620000,3348.70000000,0.2005
1749267540,0.20650000,139.60000000,0.2005
1749267540,0.20660000,4611.20000000,0.2005
1749267540,0.20690000,63.80000000,0.2005
1749267540,0.20710000,1147.10000000,0.2005
1749267540,0.20720000,27.00000000,0.2005
1749267540,0.20740000,41.50000000,0.2005
1749267540,0.20750000,1539.70000000,0.2005
1749267540,0.20780000,57.70000000,0.2005
1749267540,0.20800000,317.40000000,0.2005
1749267540,0.20810000,26.90000000,0.2005
1749267540,0.20870000,25.00000000,0.2005
1749267540,0.20880000,4873.10000000,0.2005
1749267540,0.20930000,57.10000000,0.2005
1749267540,0.20940000,45.50000000,0.2005
1749267540,0.20950000,1300.90000000,0.2005
1749267540,0.20990000,3855.50000000,0.2005
1749267540,0.21000000,51278.70000000,0.2005
1749267540,0.21030000,746.40000000,0.2005
1749267540,0.21050000,95.20000000,0.2005
1749267540,0.21060000,4810.60000000,0.2005
1749267540,0.21070000,1226.60000000,0.2005
1749267540,0.21090000,47.40000000,0.2005
1749267540,0.21100000,699.40000000,0.2005
1749267540,0.21110000,52.20000000,0.2005
1749267540,0.21130000,46.90000000,0.2005
1749267540,0.21140000,604.90000000,0.2005
1749267540,0.21150000,21131.10000000,0.2005
1749267540,0.21170000,25.00000000,0.2005
1749267540,0.21180000,151.80000000,0.2005
1749267540,0.21190000,33.00000000,0.2005
1749267540,0.21220000,1219.70000000,0.2005
1749267540,0.21230000,56.30000000,0.2005
1749267540,0.21260000,699.30000000,0.2005
1749267540,0.21280000,26.30000000,0.2005
1749267540,0.21290000,52.00000000,0.2005
1749267540,0.21300000,702.70000000,0.2005
1749267540,0.21320000,48.30000000,0.2005
1749267540,0.21350000,76.10000000,0.2005
1749267540,0.21360000,27.50000000,0.2005
1749267540,0.21370000,54.30000000,0.2005
1749267540,0.21480000,81.90000000,0.2005
1749267540,0.21490000,689.50000000,0.2005
1749267540,0.21500000,6763.00000000,0.2005
1749267540,0.21510000,49.70000000,0.2005
1749267540,0.21520000,55.50000000,0.2005
1749267540,0.21530000,98.20000000,0.2005
1749267540,0.21590000,78.00000000,0.2005
1749267540,0.21600000,145.50000000,0.2005
1749267540,0.21640000,374.30000000,0.2005
1749267540,0.21700000,85.20000000,0.2005
1749267540,0.21730000,2597.90000000,0.2005
1749267540,0.21740000,77.70000000,0.2005
1749267540,0.21760000,102.40000000,0.2005
1749267540,0.21790000,25.00000000,0.2005
1749267540,0.21820000,54.70000000,0.2005
1749267540,0.21850000,290.50000000,0.2005
1749267842,0.20090000,5.30000000,0.2008
1749267842,0.20100000,6943.70000000,0.2008
1749267842,0.20110000,31251.30000000,0.2008
1749267842,0.20120000,31712.80000000,0.2008
1749267842,0.20130000,42846.00000000,0.2008
1749267842,0.20140000,19344.70000000,0.2008
1749267842,0.20150000,18404.50000000,0.2008
1749267842,0.20160000,12482.40000000,0.2008
1749267842,0.20170000,7067.60000000,0.2008
1749267842,0.20180000,7780.80000000,0.2008
1749267842,0.20190000,8141.30000000,0.2008
1749267842,0.20200000,38787.80000000,0.2008
1749267842,0.20210000,5545.90000000,0.2008
1749267842,0.20220000,1632.50000000,0.2008
1749267842,0.20230000,1567.50000000,0.2008
1749267842,0.20240000,7179.30000000,0.2008
1749267842,0.20250000,3120.60000000,0.2008
1749267842,0.20260000,1764.80000000,0.2008
1749267842,0.20270000,1567.40000000,0.2008
1749267842,0.20280000,1592.40000000,0.2008
1749267842,0.20290000,34834.50000000,0.2008
1749267842,0.20300000,6125.30000000,0.2008
1749267842,0.20310000,8605.10000000,0.2008
1749267842,0.20320000,37.30000000,0.2008
1749267842,0.20350000,4754.00000000,0.2008
1749267842,0.20360000,58.70000000,0.2008
1749267842,0.20370000,41.60000000,0.2008
1749267842,0.20380000,44.20000000,0.2008
1749267842,0.20390000,323.70000000,0.2008
1749267842,0.20440000,342.40000000,0.2008
1749267842,0.20470000,77642.10000000,0.2008
1749267842,0.20510000,73.10000000,0.2008
1749267842,0.20520000,8461.10000000,0.2008
