timestamp,price,volume,current_price
1749258363,1698.00000000,0.84660000,1697.0
1749258363,1699.00000000,10.39340000,1697.0
1749258363,1700.00000000,36.03220000,1697.0
1749258363,1701.00000000,32.13470000,1697.0
1749258363,1702.00000000,13.10030000,1697.0
1749258363,1703.00000000,2.05000000,1697.0
1749258363,1704.00000000,5.39220000,1697.0
1749258363,1705.00000000,1.89030000,1697.0
1749258363,1706.00000000,1.00240000,1697.0
1749258363,1707.00000000,4.41530000,1697.0
1749258363,1708.00000000,2.45300000,1697.0
1749258363,1709.00000000,2.11480000,1697.0
1749258363,1710.00000000,1.08810000,1697.0
1749258363,1711.00000000,1.51340000,1697.0
1749258363,1712.00000000,1.69690000,1697.0
1749258363,1713.00000000,1.96360000,1697.0
1749258363,1714.00000000,1.65290000,1697.0
1749258363,1715.00000000,1.48100000,1697.0
1749258363,1716.00000000,0.92700000,1697.0
1749258363,1717.00000000,0.97260000,1697.0
1749258363,1718.00000000,3.00170000,1697.0
1749258363,1719.00000000,0.98360000,1697.0
1749258363,1720.00000000,1.72300000,1697.0
1749258363,1721.00000000,0.94620000,1697.0
1749258363,1722.00000000,3.35990000,1697.0
1749258363,1723.00000000,0.86310000,1697.0
1749258363,1724.00000000,0.30270000,1697.0
1749258363,1725.00000000,0.87450000,1697.0
1749258363,1726.00000000,0.33330000,1697.0
1749258363,1727.00000000,0.89610000,1697.0
1749258363,1728.00000000,0.64360000,1697.0
1749258363,1729.00000000,0.86970000,1697.0
1749258363,1730.00000000,0.01670000,1697.0
1749258363,1731.00000000,1.43070000,1697.0
1749258363,1732.00000000,0.00590000,1697.0
1749258363,1733.00000000,0.87590000,1697.0
1749258363,1734.00000000,0.36740000,1697.0
1749258363,1735.00000000,0.57430000,1697.0
1749258363,1736.00000000,0.01930000,1697.0
1749258363,1737.00000000,0.57070000,1697.0
1749258363,1738.00000000,0.02900000,1697.0
1749258363,1739.00000000,0.57070000,1697.0
1749258363,1740.00000000,1.29420000,1697.0
1749258363,1741.00000000,0.58150000,1697.0
1749258363,1742.00000000,0.01810000,1697.0
1749258363,1743.00000000,0.58600000,1697.0
1749258363,1744.00000000,0.02290000,1697.0
1749258363,1745.00000000,0.57070000,1697.0
1749258363,1746.00000000,0.00950000,1697.0
1749258363,1747.00000000,0.00940000,1697.0
1749258363,1748.00000000,0.00590000,1697.0
1749258363,1749.00000000,0.01330000,1697.0
1749258363,1750.00000000,1.22030000,1697.0
1749258363,1751.00000000,5.77810000,1697.0
1749258363,1752.00000000,0.42720000,1697.0
1749258363,1753.00000000,27.07370000,1697.0
1749258363,1754.00000000,0.02610000,1697.0
1749258363,1755.00000000,0.01860000,1697.0
1749258363,1756.00000000,0.00950000,1697.0
1749258363,1757.00000000,0.00590000,1697.0
1749258363,1758.00000000,0.00590000,1697.0
1749258363,1759.00000000,0.00590000,1697.0
1749258363,1760.00000000,1.07020000,1697.0
1749258363,1761.00000000,0.01040000,1697.0
1749258363,1762.00000000,0.29490000,1697.0
1749258363,1763.00000000,0.43720000,1697.0
1749258363,1764.00000000,0.03400000,1697.0
1749258363,1765.00000000,0.05070000,1697.0
1749258363,1766.00000000,0.08370000,1697.0
1749258363,1767.00000000,0.11590000,1697.0
1749258363,1768.00000000,0.01370000,1697.0
1749258363,1769.00000000,0.07390000,1697.0
1749258363,1770.00000000,0.78460000,1697.0
1749258363,1771.00000000,0.01650000,1697.0
1749258363,1772.00000000,0.58520000,1697.0
1749258363,1773.00000000,0.03740000,1697.0
1749258363,1775.00000000,0.01100000,1697.0
1749258363,1776.00000000,0.01500000,1697.0
1749258363,1777.00000000,0.00880000,1697.0
1749258363,1778.00000000,0.01200000,1697.0
1749258363,1779.00000000,0.05540000,1697.0
1749258363,1780.00000000,0.21880000,1697.0
1749258363,1784.00000000,0.03390000,1697.0
1749258363,1785.00000000,0.01010000,1697.0
1749258363,1786.00000000,0.02300000,1697.0
1749258363,1787.00000000,0.01230000,1697.0
1749258363,1788.00000000,0.02840000,1697.0
1749258363,1789.00000000,0.02810000,1697.0
1749258363,1790.00000000,0.96310000,1697.0
1749258363,1791.00000000,0.03650000,1697.0
1749258363,1792.00000000,0.04870000,1697.0
1749258363,1793.00000000,0.00420000,1697.0
1749258363,1794.00000000,0.60090000,1697.0
1749258363,1795.00000000,0.02010000,1697.0
1749258363,1796.00000000,0.04030000,1697.0
1749258363,1797.00000000,0.00360000,1697.0
1749258363,1798.00000000,0.21500000,1697.0
1749258363,1799.00000000,0.04250000,1697.0
1749258363,1800.00000000,10.49960000,1697.0
1749258363,1801.00000000,0.01230000,1697.0
1749258665,1700.00000000,0.86740000,1700.0
1749258665,1701.00000000,9.81370000,1700.0
1749258665,1702.00000000,30.72930000,1700.0
1749258665,1703.00000000,29.99150000,1700.0
1749258665,1704.00000000,15.28000000,1700.0
1749258665,1705.00000000,4.89110000,1700.0
1749258665,1706.00000000,1.50930000,1700.0
1749258665,1707.00000000,2.41900000,1700.0
1749258665,1708.00000000,0.96420000,1700.0
1749258665,1709.00000000,3.03180000,1700.0
1749258665,1710.00000000,0.96800000,1700.0
1749258665,1711.00000000,1.98260000,1700.0
1749258665,1712.00000000,1.68220000,1700.0
1749258665,1713.00000000,1.97830000,1700.0
1749258665,1714.00000000,4.32980000,1700.0
1749258665,1715.00000000,1.48100000,1700.0
1749258665,1716.00000000,0.31300000,1700.0
1749258665,1717.00000000,1.49640000,1700.0
1749258665,1718.00000000,0.38480000,1700.0
1749258665,1719.00000000,0.93590000,1700.0
1749258665,1720.00000000,1.72300000,1700.0
1749258665,1721.00000000,0.94620000,1700.0
1749258665,1722.00000000,3.37460000,1700.0
1749258665,1723.00000000,0.86310000,1700.0
1749258665,1724.00000000,0.30270000,1700.0
1749258665,1725.00000000,0.88920000,1700.0
1749258665,1726.00000000,0.90530000,1700.0
1749258665,1727.00000000,0.89610000,1700.0
1749258665,1728.00000000,0.65830000,1700.0
1749258665,1729.00000000,0.86970000,1700.0
1749258665,1730.00000000,0.01670000,1700.0
1749258665,1731.00000000,0.87340000,1700.0
1749258665,1732.00000000,0.00590000,1700.0
1749258665,1733.00000000,0.87590000,1700.0
1749258665,1734.00000000,0.07940000,1700.0
1749258665,1735.00000000,0.86230000,1700.0
1749258665,1736.00000000,0.01930000,1700.0
1749258665,1737.00000000,0.85870000,1700.0
1749258665,1738.00000000,0.02900000,1700.0
1749258665,1739.00000000,0.57070000,1700.0
1749258665,1740.00000000,1.29420000,1700.0
1749258665,1741.00000000,0.58150000,1700.0
1749258665,1742.00000000,0.01810000,1700.0
1749258665,1743.00000000,0.58600000,1700.0
1749258665,1744.00000000,0.02290000,1700.0
1749258665,1745.00000000,0.57070000,1700.0
1749258665,1746.00000000,0.00950000,1700.0
1749258665,1747.00000000,0.41900000,1700.0
1749258665,1748.00000000,0.00590000,1700.0
1749258665,1749.00000000,0.01330000,1700.0
1749258665,1750.00000000,1.22030000,1700.0
1749258665,1751.00000000,5.77810000,1700.0
1749258665,1752.00000000,0.01760000,1700.0
1749258665,1753.00000000,27.07370000,1700.0
1749258665,1754.00000000,0.02610000,1700.0
1749258665,1755.00000000,0.01860000,1700.0
1749258665,1756.00000000,0.00950000,1700.0
1749258665,1757.00000000,0.00590000,1700.0
1749258665,1758.00000000,0.00590000,1700.0
1749258665,1759.00000000,0.00590000,1700.0
1749258665,1760.00000000,1.07020000,1700.0
1749258665,1761.00000000,0.01040000,1700.0
1749258665,1762.00000000,0.29490000,1700.0
1749258665,1763.00000000,0.43720000,1700.0
1749258665,1764.00000000,0.03400000,1700.0
1749258665,1765.00000000,0.05070000,1700.0
1749258665,1766.00000000,0.08370000,1700.0
1749258665,1767.00000000,0.11590000,1700.0
1749258665,1768.00000000,0.01370000,1700.0
1749258665,1769.00000000,0.07390000,1700.0
1749258665,1770.00000000,0.78460000,1700.0
1749258665,1771.00000000,0.01650000,1700.0
1749258665,1772.00000000,0.58520000,1700.0
1749258665,1773.00000000,0.03740000,1700.0
1749258665,1774.00000000,0.00600000,1700.0
1749258665,1775.00000000,0.01690000,1700.0
1749258665,1776.00000000,0.01500000,1700.0
1749258665,1777.00000000,0.00880000,1700.0
1749258665,1778.00000000,0.01200000,1700.0
1749258665,1779.00000000,0.05540000,1700.0
1749258665,1780.00000000,0.21880000,1700.0
1749258665,1784.00000000,0.03390000,1700.0
1749258665,1785.00000000,0.01010000,1700.0
1749258665,1786.00000000,0.02300000,1700.0
1749258665,1787.00000000,0.01230000,1700.0
1749258665,1788.00000000,0.02840000,1700.0
1749258665,1789.00000000,0.02810000,1700.0
1749258665,1790.00000000,0.96310000,1700.0
1749258665,1791.00000000,0.03650000,1700.0
1749258665,1792.00000000,0.04870000,1700.0
1749258665,1793.00000000,0.00420000,1700.0
1749258665,1794.00000000,0.60090000,1700.0
1749258665,1795.00000000,0.02010000,1700.0
1749258665,1796.00000000,0.04030000,1700.0
1749258665,1797.00000000,0.00360000,1700.0
1749258665,1798.00000000,0.21500000,1700.0
1749258665,1799.00000000,0.04250000,1700.0
1749258665,1800.00000000,10.49960000,1700.0
1749258665,1801.00000000,0.01230000,1700.0
1749258665,1802.00000000,0.00550000,1700.0
1749258980,1705.00000000,0.86930000,1704.0
1749258980,1706.00000000,8.49640000,1704.0
1749258980,1707.00000000,24.10340000,1704.0
1749258980,1708.00000000,27.94020000,1704.0
1749258980,1709.00000000,18.38070000,1704.0
1749258980,1710.00000000,9.63090000,1704.0
1749258980,1711.00000000,8.08670000,1704.0
1749258980,1712.00000000,2.39560000,1704.0
1749258980,1713.00000000,1.62630000,1704.0
1749258980,1714.00000000,2.40650000,1704.0
1749258980,1715.00000000,1.07800000,1704.0
1749258980,1716.00000000,1.44620000,1704.0
1749258980,1717.00000000,1.82410000,1704.0
1749258980,1718.00000000,1.45480000,1704.0
1749258980,1719.00000000,2.03690000,1704.0
1749258980,1720.00000000,2.26480000,1704.0
1749258980,1721.00000000,1.09900000,1704.0
1749258980,1722.00000000,2.00890000,1704.0
1749258980,1723.00000000,4.02560000,1704.0
1749258980,1724.00000000,0.30270000,1704.0
1749258980,1725.00000000,0.88920000,1704.0
1749258980,1726.00000000,0.90970000,1704.0
1749258980,1727.00000000,0.90050000,1704.0
1749258980,1728.00000000,3.09460000,1704.0
1749258980,1729.00000000,0.90500000,1704.0
1749258980,1730.00000000,0.30470000,1704.0
1749258980,1731.00000000,0.90950000,1704.0
1749258980,1732.00000000,0.00590000,1704.0
1749258980,1733.00000000,0.58790000,1704.0
1749258980,1734.00000000,0.09400000,1704.0
1749258980,1735.00000000,0.60800000,1704.0
1749258980,1736.00000000,0.01930000,1704.0
1749258980,1737.00000000,0.58530000,1704.0
1749258980,1738.00000000,0.06340000,1704.0
1749258980,1739.00000000,0.57070000,1704.0
1749258980,1740.00000000,1.29420000,1704.0
1749258980,1741.00000000,0.58150000,1704.0
1749258980,1742.00000000,0.01810000,1704.0
1749258980,1743.00000000,0.58600000,1704.0
1749258980,1744.00000000,0.02290000,1704.0
1749258980,1745.00000000,0.57070000,1704.0
1749258980,1746.00000000,0.00950000,1704.0
1749258980,1747.00000000,0.00940000,1704.0
1749258980,1748.00000000,0.00590000,1704.0
1749258980,1749.00000000,0.01330000,1704.0
1749258980,1750.00000000,1.22030000,1704.0
1749258980,1751.00000000,5.77810000,1704.0
1749258980,1752.00000000,0.01760000,1704.0
1749258980,1753.00000000,27.07370000,1704.0
1749258980,1754.00000000,0.02610000,1704.0
1749258980,1755.00000000,0.01860000,1704.0
1749258980,1756.00000000,0.00950000,1704.0
1749258980,1757.00000000,0.41550000,1704.0
1749258980,1758.00000000,0.00590000,1704.0
1749258980,1759.00000000,0.00590000,1704.0
1749258980,1760.00000000,1.07020000,1704.0
1749258980,1761.00000000,0.01040000,1704.0
1749258980,1762.00000000,0.05060000,1704.0
1749258980,1763.00000000,0.43720000,1704.0
1749258980,1764.00000000,0.03400000,1704.0
1749258980,1765.00000000,0.05070000,1704.0
1749258980,1766.00000000,0.08370000,1704.0
1749258980,1767.00000000,0.36020000,1704.0
1749258980,1768.00000000,0.01370000,1704.0
1749258980,1769.00000000,0.07390000,1704.0
1749258980,1770.00000000,0.78460000,1704.0
1749258980,1771.00000000,0.01650000,1704.0
1749258980,1772.00000000,0.00600000,1704.0
1749258980,1773.00000000,0.03740000,1704.0
1749258980,1774.00000000,0.00600000,1704.0
1749258980,1775.00000000,0.01690000,1704.0
1749258980,1776.00000000,0.02090000,1704.0
1749258980,1777.00000000,0.59390000,1704.0
1749258980,1778.00000000,0.01790000,1704.0
1749258980,1779.00000000,0.06130000,1704.0
1749258980,1780.00000000,0.22470000,1704.0
1749258980,1784.00000000,0.03390000,1704.0
1749258980,1785.00000000,0.01010000,1704.0
1749258980,1786.00000000,0.02300000,1704.0
1749258980,1787.00000000,0.01230000,1704.0
1749258980,1788.00000000,0.02840000,1704.0
1749258980,1789.00000000,0.02810000,1704.0
1749258980,1790.00000000,0.96310000,1704.0
1749258980,1791.00000000,0.03650000,1704.0
1749258980,1792.00000000,0.04870000,1704.0
1749258980,1793.00000000,0.00420000,1704.0
1749258980,1794.00000000,0.02800000,1704.0
1749258980,1795.00000000,0.02010000,1704.0
1749258980,1796.00000000,0.04030000,1704.0
1749258980,1797.00000000,0.00360000,1704.0
1749258980,1798.00000000,0.21500000,1704.0
1749258980,1799.00000000,0.04250000,1704.0
1749258980,1800.00000000,11.07250000,1704.0
1749258980,1801.00000000,0.01230000,1704.0
1749258980,1802.00000000,0.00550000,1704.0
1749258980,1803.00000000,0.01380000,1704.0
1749258980,1804.00000000,0.09450000,1704.0
1749258980,1805.00000000,0.40790000,1704.0
1749258980,1806.00000000,0.01700000,1704.0
1749258980,1807.00000000,0.02520000,1704.0
