timestamp,price,volume,current_price
1749254581,1699.00000000,2.90350000,1699.0
1749254581,1700.00000000,19.59580000,1699.0
1749254581,1701.00000000,18.20960000,1699.0
1749254581,1702.00000000,22.33970000,1699.0
1749254581,1703.00000000,11.14680000,1699.0
1749254581,1704.00000000,3.48950000,1699.0
1749254581,1705.00000000,1.83840000,1699.0
1749254581,1706.00000000,5.35360000,1699.0
1749254581,1707.00000000,2.98670000,1699.0
1749254581,1708.00000000,0.96350000,1699.0
1749254581,1709.00000000,2.52350000,1699.0
1749254581,1710.00000000,1.38580000,1699.0
1749254581,1711.00000000,2.03040000,1699.0
1749254581,1712.00000000,1.92610000,1699.0
1749254581,1713.00000000,4.67120000,1699.0
1749254581,1714.00000000,1.48810000,1699.0
1749254581,1715.00000000,1.32330000,1699.0
1749254581,1716.00000000,1.22890000,1699.0
1749254581,1717.00000000,0.86310000,1699.0
1749254581,1718.00000000,0.44650000,1699.0
1749254581,1719.00000000,0.88590000,1699.0
1749254581,1720.00000000,0.31720000,1699.0
1749254581,1721.00000000,2.33060000,1699.0
1749254581,1722.00000000,2.83750000,1699.0
1749254581,1723.00000000,0.86310000,1699.0
1749254581,1724.00000000,0.30270000,1699.0
1749254581,1725.00000000,0.90980000,1699.0
1749254581,1726.00000000,0.33770000,1699.0
1749254581,1727.00000000,0.93660000,1699.0
1749254581,1728.00000000,0.30610000,1699.0
1749254581,1729.00000000,0.87410000,1699.0
1749254581,1730.00000000,0.02110000,1699.0
1749254581,1731.00000000,0.85870000,1699.0
1749254581,1732.00000000,0.29390000,1699.0
1749254581,1733.00000000,0.90960000,1699.0
1749254581,1734.00000000,0.36740000,1699.0
1749254581,1735.00000000,0.86230000,1699.0
1749254581,1736.00000000,0.01930000,1699.0
1749254581,1737.00000000,0.89310000,1699.0
1749254581,1738.00000000,0.24570000,1699.0
1749254581,1739.00000000,0.57070000,1699.0
1749254581,1740.00000000,1.29420000,1699.0
1749254581,1741.00000000,0.58150000,1699.0
1749254581,1742.00000000,0.01810000,1699.0
1749254581,1743.00000000,0.58600000,1699.0
1749254581,1744.00000000,0.02290000,1699.0
1749254581,1745.00000000,0.57070000,1699.0
1749254581,1746.00000000,0.00950000,1699.0
1749254581,1747.00000000,0.81850000,1699.0
1749254581,1748.00000000,0.00590000,1699.0
1749254581,1749.00000000,0.57810000,1699.0
1749254581,1750.00000000,1.21400000,1699.0
1749254581,1751.00000000,5.77810000,1699.0
1749254581,1752.00000000,0.41550000,1699.0
1749254581,1753.00000000,27.07370000,1699.0
1749254581,1754.00000000,0.02610000,1699.0
1749254581,1755.00000000,0.01860000,1699.0
1749254581,1756.00000000,0.00950000,1699.0
1749254581,1757.00000000,0.00590000,1699.0
1749254581,1758.00000000,0.00590000,1699.0
1749254581,1759.00000000,0.00590000,1699.0
1749254581,1760.00000000,1.07020000,1699.0
1749254581,1761.00000000,0.01030000,1699.0
1749254581,1762.00000000,0.05050000,1699.0
1749254581,1763.00000000,0.43710000,1699.0
1749254581,1764.00000000,0.03390000,1699.0
1749254581,1765.00000000,0.05060000,1699.0
1749254581,1766.00000000,0.66290000,1699.0
1749254581,1767.00000000,0.11590000,1699.0
1749254581,1768.00000000,0.01370000,1699.0
1749254581,1769.00000000,0.07390000,1699.0
1749254581,1770.00000000,0.79040000,1699.0
1749254581,1771.00000000,0.01650000,1699.0
1749254581,1772.00000000,0.00600000,1699.0
1749254581,1773.00000000,0.03740000,1699.0
1749254581,1774.00000000,0.00600000,1699.0
1749254581,1775.00000000,0.01100000,1699.0
1749254581,1776.00000000,0.00360000,1699.0
1749254581,1777.00000000,0.00880000,1699.0
1749254581,1778.00000000,0.01770000,1699.0
1749254581,1779.00000000,0.05540000,1699.0
1749254581,1780.00000000,0.21880000,1699.0
1749254581,1781.00000000,0.01140000,1699.0
1749254581,1782.00000000,0.00570000,1699.0
1749254581,1784.00000000,0.02820000,1699.0
1749254581,1785.00000000,0.01010000,1699.0
1749254581,1786.00000000,0.02300000,1699.0
1749254581,1787.00000000,0.00670000,1699.0
1749254581,1788.00000000,0.74270000,1699.0
1749254581,1789.00000000,0.02810000,1699.0
1749254581,1790.00000000,0.96310000,1699.0
1749254581,1791.00000000,0.03650000,1699.0
1749254581,1792.00000000,0.04870000,1699.0
1749254581,1793.00000000,0.00420000,1699.0
1749254581,1794.00000000,0.02800000,1699.0
1749254581,1795.00000000,0.02010000,1699.0
1749254581,1796.00000000,0.04030000,1699.0
1749254581,1797.00000000,0.00360000,1699.0
1749254581,1798.00000000,0.07360000,1699.0
1749254581,1799.00000000,0.04250000,1699.0
1749254892,1700.00000000,0.48280000,1699.0
1749254892,1701.00000000,7.81960000,1699.0
1749254892,1702.00000000,30.00360000,1699.0
1749254892,1703.00000000,24.77630000,1699.0
1749254892,1704.00000000,9.19290000,1699.0
1749254892,1705.00000000,3.74310000,1699.0
1749254892,1706.00000000,2.46370000,1699.0
1749254892,1707.00000000,1.52160000,1699.0
1749254892,1708.00000000,0.96350000,1699.0
1749254892,1709.00000000,3.86380000,1699.0
1749254892,1710.00000000,5.00930000,1699.0
1749254892,1711.00000000,1.97380000,1699.0
1749254892,1712.00000000,1.91140000,1699.0
1749254892,1713.00000000,2.00960000,1699.0
1749254892,1714.00000000,1.47340000,1699.0
1749254892,1715.00000000,1.32330000,1699.0
1749254892,1716.00000000,1.73830000,1699.0
1749254892,1717.00000000,3.54750000,1699.0
1749254892,1718.00000000,0.43180000,1699.0
1749254892,1719.00000000,0.88590000,1699.0
1749254892,1720.00000000,0.33780000,1699.0
1749254892,1721.00000000,2.33060000,1699.0
1749254892,1722.00000000,2.87360000,1699.0
1749254892,1723.00000000,0.86310000,1699.0
1749254892,1724.00000000,0.30270000,1699.0
1749254892,1725.00000000,0.87450000,1699.0
1749254892,1726.00000000,0.33770000,1699.0
1749254892,1727.00000000,0.90050000,1699.0
1749254892,1728.00000000,0.30610000,1699.0
1749254892,1729.00000000,0.87410000,1699.0
1749254892,1730.00000000,0.02110000,1699.0
1749254892,1731.00000000,0.85870000,1699.0
1749254892,1732.00000000,0.32830000,1699.0
1749254892,1733.00000000,0.90960000,1699.0
1749254892,1734.00000000,0.36740000,1699.0
1749254892,1735.00000000,0.86230000,1699.0
1749254892,1736.00000000,0.01930000,1699.0
1749254892,1737.00000000,0.57070000,1699.0
1749254892,1738.00000000,0.24570000,1699.0
1749254892,1739.00000000,0.57070000,1699.0
1749254892,1740.00000000,1.29420000,1699.0
1749254892,1741.00000000,0.58150000,1699.0
1749254892,1742.00000000,0.01810000,1699.0
1749254892,1743.00000000,0.58600000,1699.0
1749254892,1744.00000000,0.02290000,1699.0
1749254892,1745.00000000,0.57070000,1699.0
1749254892,1746.00000000,0.00950000,1699.0
1749254892,1747.00000000,0.81850000,1699.0
1749254892,1748.00000000,0.00590000,1699.0
1749254892,1749.00000000,0.57810000,1699.0
1749254892,1750.00000000,1.21400000,1699.0
1749254892,1751.00000000,5.77810000,1699.0
1749254892,1752.00000000,0.41550000,1699.0
1749254892,1753.00000000,27.07370000,1699.0
1749254892,1754.00000000,0.02610000,1699.0
1749254892,1755.00000000,0.01860000,1699.0
1749254892,1756.00000000,0.00950000,1699.0
1749254892,1757.00000000,0.00590000,1699.0
1749254892,1758.00000000,0.00590000,1699.0
1749254892,1759.00000000,0.00590000,1699.0
1749254892,1760.00000000,1.07020000,1699.0
1749254892,1761.00000000,0.01030000,1699.0
1749254892,1762.00000000,0.05050000,1699.0
1749254892,1763.00000000,0.43710000,1699.0
1749254892,1764.00000000,0.03390000,1699.0
1749254892,1765.00000000,0.05060000,1699.0
1749254892,1766.00000000,0.66290000,1699.0
1749254892,1767.00000000,0.11590000,1699.0
1749254892,1768.00000000,0.01370000,1699.0
1749254892,1769.00000000,0.07390000,1699.0
1749254892,1770.00000000,0.79040000,1699.0
1749254892,1771.00000000,0.01650000,1699.0
1749254892,1772.00000000,0.00600000,1699.0
1749254892,1773.00000000,0.03740000,1699.0
1749254892,1774.00000000,0.00600000,1699.0
1749254892,1775.00000000,0.01690000,1699.0
1749254892,1776.00000000,0.00360000,1699.0
1749254892,1777.00000000,0.00880000,1699.0
1749254892,1778.00000000,0.01770000,1699.0
1749254892,1779.00000000,0.05540000,1699.0
1749254892,1780.00000000,0.21880000,1699.0
1749254892,1781.00000000,0.01140000,1699.0
1749254892,1782.00000000,0.00570000,1699.0
1749254892,1784.00000000,0.02820000,1699.0
1749254892,1785.00000000,0.01010000,1699.0
1749254892,1786.00000000,0.02300000,1699.0
1749254892,1787.00000000,0.00670000,1699.0
1749254892,1788.00000000,0.74270000,1699.0
1749254892,1789.00000000,0.02810000,1699.0
1749254892,1790.00000000,0.96310000,1699.0
1749254892,1791.00000000,0.03650000,1699.0
1749254892,1792.00000000,0.04870000,1699.0
1749254892,1793.00000000,0.00420000,1699.0
1749254892,1794.00000000,0.02800000,1699.0
1749254892,1795.00000000,0.02010000,1699.0
1749254892,1796.00000000,0.04030000,1699.0
1749254892,1797.00000000,0.00360000,1699.0
1749254892,1798.00000000,0.07360000,1699.0
1749254892,1799.00000000,0.04250000,1699.0
1749254892,1800.00000000,10.04890000,1699.0
