timestamp,price,volume,current_price
1749260749,1704.00000000,0.71120000,1704.0
1749260749,1705.00000000,9.04110000,1704.0
1749260749,1706.00000000,14.83200000,1704.0
1749260749,1707.00000000,23.75340000,1704.0
1749260749,1708.00000000,21.92570000,1704.0
1749260749,1709.00000000,21.63950000,1704.0
1749260749,1710.00000000,12.55650000,1704.0
1749260749,1711.00000000,1.57330000,1704.0
1749260749,1712.00000000,2.42980000,1704.0
1749260749,1713.00000000,2.41690000,1704.0
1749260749,1714.00000000,2.70070000,1704.0
1749260749,1715.00000000,1.08620000,1704.0
1749260749,1716.00000000,1.20390000,1704.0
1749260749,1717.00000000,2.55100000,1704.0
1749260749,1718.00000000,0.86870000,1704.0
1749260749,1719.00000000,1.49880000,1704.0
1749260749,1720.00000000,1.42940000,1704.0
1749260749,1721.00000000,2.10390000,1704.0
1749260749,1722.00000000,0.84130000,1704.0
1749260749,1723.00000000,4.09310000,1704.0
1749260749,1724.00000000,0.30270000,1704.0
1749260749,1725.00000000,2.33030000,1704.0
1749260749,1726.00000000,0.33770000,1704.0
1749260749,1727.00000000,3.43660000,1704.0
1749260749,1728.00000000,0.57990000,1704.0
1749260749,1729.00000000,0.86970000,1704.0
1749260749,1730.00000000,0.30470000,1704.0
1749260749,1731.00000000,0.85870000,1704.0
1749260749,1732.00000000,0.00590000,1704.0
1749260749,1733.00000000,0.87590000,1704.0
1749260749,1734.00000000,0.07940000,1704.0
1749260749,1735.00000000,0.60800000,1704.0
1749260749,1736.00000000,0.01930000,1704.0
1749260749,1737.00000000,0.57070000,1704.0
1749260749,1738.00000000,0.18440000,1704.0
1749260749,1739.00000000,0.57070000,1704.0
1749260749,1740.00000000,1.29420000,1704.0
1749260749,1741.00000000,0.58150000,1704.0
1749260749,1742.00000000,0.01810000,1704.0
1749260749,1743.00000000,0.58600000,1704.0
1749260749,1744.00000000,0.02290000,1704.0
1749260749,1745.00000000,0.57070000,1704.0
1749260749,1746.00000000,0.00950000,1704.0
1749260749,1747.00000000,0.00940000,1704.0
1749260749,1748.00000000,0.00590000,1704.0
1749260749,1749.00000000,0.01330000,1704.0
1749260749,1750.00000000,1.22030000,1704.0
1749260749,1751.00000000,5.77810000,1704.0
1749260749,1752.00000000,0.01760000,1704.0
1749260749,1753.00000000,27.48330000,1704.0
1749260749,1754.00000000,0.02610000,1704.0
1749260749,1755.00000000,0.01860000,1704.0
1749260749,1756.00000000,0.00950000,1704.0
1749260749,1757.00000000,0.00590000,1704.0
1749260749,1758.00000000,0.00590000,1704.0
1749260749,1759.00000000,0.00590000,1704.0
1749260749,1760.00000000,1.07020000,1704.0
1749260749,1761.00000000,0.01040000,1704.0
1749260749,1762.00000000,0.29490000,1704.0
1749260749,1763.00000000,0.43720000,1704.0
1749260749,1764.00000000,0.03400000,1704.0
1749260749,1765.00000000,0.05070000,1704.0
1749260749,1766.00000000,0.08370000,1704.0
1749260749,1767.00000000,0.11590000,1704.0
1749260749,1768.00000000,0.01370000,1704.0
1749260749,1769.00000000,0.07390000,1704.0
1749260749,1770.00000000,0.78460000,1704.0
1749260749,1771.00000000,0.01650000,1704.0
1749260749,1772.00000000,0.00600000,1704.0
1749260749,1773.00000000,0.03740000,1704.0
1749260749,1774.00000000,0.00600000,1704.0
1749260749,1775.00000000,0.01690000,1704.0
1749260749,1776.00000000,0.02090000,1704.0
1749260749,1777.00000000,0.59390000,1704.0
1749260749,1778.00000000,0.01790000,1704.0
1749260749,1779.00000000,0.06130000,1704.0
1749260749,1780.00000000,0.21880000,1704.0
1749260749,1784.00000000,0.03390000,1704.0
1749260749,1785.00000000,0.01010000,1704.0
1749260749,1786.00000000,0.02300000,1704.0
1749260749,1787.00000000,0.01230000,1704.0
1749260749,1788.00000000,0.02840000,1704.0
1749260749,1789.00000000,0.02810000,1704.0
1749260749,1790.00000000,0.96310000,1704.0
1749260749,1791.00000000,0.03650000,1704.0
1749260749,1792.00000000,0.04870000,1704.0
1749260749,1793.00000000,0.00420000,1704.0
1749260749,1794.00000000,0.02800000,1704.0
1749260749,1795.00000000,0.59300000,1704.0
1749260749,1796.00000000,0.04030000,1704.0
1749260749,1797.00000000,0.00360000,1704.0
1749260749,1798.00000000,0.21500000,1704.0
1749260749,1799.00000000,0.04250000,1704.0
1749260749,1800.00000000,10.72090000,1704.0
1749260749,1801.00000000,0.01230000,1704.0
1749260749,1802.00000000,0.00550000,1704.0
1749260749,1803.00000000,0.01380000,1704.0
1749260749,1804.00000000,0.09450000,1704.0
1749260749,1805.00000000,0.40790000,1704.0
1749260749,1806.00000000,0.01700000,1704.0
1749261070,1707.00000000,1.09140000,1706.0
1749261070,1708.00000000,9.92770000,1706.0
1749261070,1709.00000000,19.38120000,1706.0
1749261070,1710.00000000,22.94450000,1706.0
1749261070,1711.00000000,21.63650000,1706.0
1749261070,1712.00000000,16.93110000,1706.0
1749261070,1713.00000000,11.68270000,1706.0
1749261070,1714.00000000,1.02240000,1706.0
1749261070,1715.00000000,1.94380000,1706.0
1749261070,1716.00000000,2.86190000,1706.0
1749261070,1717.00000000,2.67530000,1706.0
1749261070,1718.00000000,1.44890000,1706.0
1749261070,1719.00000000,1.50320000,1706.0
1749261070,1720.00000000,1.36710000,1706.0
1749261070,1721.00000000,1.62150000,1706.0
1749261070,1722.00000000,0.99320000,1706.0
1749261070,1723.00000000,3.57110000,1706.0
1749261070,1724.00000000,0.30270000,1706.0
1749261070,1725.00000000,2.29500000,1706.0
1749261070,1726.00000000,0.90970000,1706.0
1749261070,1727.00000000,0.90050000,1706.0
1749261070,1728.00000000,0.57990000,1706.0
1749261070,1729.00000000,3.08610000,1706.0
1749261070,1730.00000000,0.05200000,1706.0
1749261070,1731.00000000,0.57070000,1706.0
1749261070,1732.00000000,0.04200000,1706.0
1749261070,1733.00000000,0.58790000,1706.0
1749261070,1734.00000000,0.07940000,1706.0
1749261070,1735.00000000,0.60800000,1706.0
1749261070,1736.00000000,0.01930000,1706.0
1749261070,1737.00000000,0.57070000,1706.0
1749261070,1738.00000000,0.18440000,1706.0
1749261070,1739.00000000,0.57070000,1706.0
1749261070,1740.00000000,1.29420000,1706.0
1749261070,1741.00000000,0.58150000,1706.0
1749261070,1742.00000000,0.01810000,1706.0
1749261070,1743.00000000,0.58600000,1706.0
1749261070,1744.00000000,0.02290000,1706.0
1749261070,1745.00000000,0.57070000,1706.0
1749261070,1746.00000000,0.00950000,1706.0
1749261070,1747.00000000,0.00940000,1706.0
1749261070,1748.00000000,0.00590000,1706.0
1749261070,1749.00000000,0.01330000,1706.0
1749261070,1750.00000000,1.22030000,1706.0
1749261070,1751.00000000,5.77810000,1706.0
1749261070,1752.00000000,0.01760000,1706.0
1749261070,1753.00000000,27.48330000,1706.0
1749261070,1754.00000000,0.02610000,1706.0
1749261070,1755.00000000,0.01860000,1706.0
1749261070,1756.00000000,0.00950000,1706.0
1749261070,1757.00000000,0.00590000,1706.0
1749261070,1758.00000000,0.00590000,1706.0
1749261070,1759.00000000,0.00590000,1706.0
1749261070,1760.00000000,1.07020000,1706.0
1749261070,1761.00000000,0.01040000,1706.0
1749261070,1762.00000000,0.05060000,1706.0
1749261070,1763.00000000,0.43720000,1706.0
1749261070,1764.00000000,0.03400000,1706.0
1749261070,1765.00000000,0.05070000,1706.0
1749261070,1766.00000000,0.08370000,1706.0
1749261070,1767.00000000,0.36020000,1706.0
1749261070,1768.00000000,0.01370000,1706.0
1749261070,1769.00000000,0.07390000,1706.0
1749261070,1770.00000000,0.78460000,1706.0
1749261070,1771.00000000,0.01650000,1706.0
1749261070,1772.00000000,0.00600000,1706.0
1749261070,1773.00000000,0.03740000,1706.0
1749261070,1774.00000000,0.00600000,1706.0
1749261070,1775.00000000,0.01690000,1706.0
1749261070,1776.00000000,0.02090000,1706.0
1749261070,1777.00000000,0.59390000,1706.0
1749261070,1778.00000000,0.01790000,1706.0
1749261070,1779.00000000,0.06130000,1706.0
1749261070,1780.00000000,0.22470000,1706.0
1749261070,1781.00000000,0.00590000,1706.0
1749261070,1782.00000000,0.00590000,1706.0
1749261070,1784.00000000,0.03390000,1706.0
1749261070,1785.00000000,0.01010000,1706.0
1749261070,1786.00000000,0.02300000,1706.0
1749261070,1787.00000000,0.01230000,1706.0
1749261070,1788.00000000,0.02840000,1706.0
1749261070,1789.00000000,0.02810000,1706.0
1749261070,1790.00000000,0.96310000,1706.0
1749261070,1791.00000000,0.03650000,1706.0
1749261070,1792.00000000,0.04870000,1706.0
1749261070,1793.00000000,0.00420000,1706.0
1749261070,1794.00000000,0.02800000,1706.0
1749261070,1795.00000000,0.02010000,1706.0
1749261070,1796.00000000,0.04030000,1706.0
1749261070,1797.00000000,0.00360000,1706.0
1749261070,1798.00000000,0.21500000,1706.0
1749261070,1799.00000000,0.04250000,1706.0
1749261070,1800.00000000,11.29380000,1706.0
1749261070,1801.00000000,0.01230000,1706.0
1749261070,1802.00000000,0.00550000,1706.0
1749261070,1803.00000000,0.01380000,1706.0
1749261070,1804.00000000,0.09450000,1706.0
1749261070,1805.00000000,0.40790000,1706.0
1749261070,1806.00000000,0.01700000,1706.0
1749261070,1807.00000000,0.02520000,1706.0
1749261379,1707.00000000,3.86420000,1706.0
1749261379,1708.00000000,12.17140000,1706.0
1749261379,1709.00000000,33.68550000,1706.0
1749261379,1710.00000000,21.93420000,1706.0
1749261379,1711.00000000,21.30400000,1706.0
1749261379,1712.00000000,8.10610000,1706.0
1749261379,1713.00000000,2.79510000,1706.0
1749261379,1714.00000000,2.43800000,1706.0
1749261379,1715.00000000,1.94380000,1706.0
1749261379,1716.00000000,2.85270000,1706.0
1749261379,1717.00000000,2.15140000,1706.0
1749261379,1718.00000000,0.99490000,1706.0
1749261379,1719.00000000,1.50320000,1706.0
1749261379,1720.00000000,1.42370000,1706.0
1749261379,1721.00000000,1.62150000,1706.0
1749261379,1722.00000000,0.93090000,1706.0
1749261379,1723.00000000,1.03340000,1706.0
1749261379,1724.00000000,0.82430000,1706.0
1749261379,1725.00000000,2.81640000,1706.0
1749261379,1726.00000000,0.90970000,1706.0
1749261379,1727.00000000,3.53060000,1706.0
1749261379,1728.00000000,0.57990000,1706.0
1749261379,1729.00000000,0.87410000,1706.0
1749261379,1730.00000000,0.05200000,1706.0
1749261379,1731.00000000,3.35870000,1706.0
1749261379,1732.00000000,0.04200000,1706.0
1749261379,1733.00000000,0.58790000,1706.0
1749261379,1734.00000000,0.07940000,1706.0
1749261379,1735.00000000,0.57430000,1706.0
1749261379,1736.00000000,0.01930000,1706.0
1749261379,1737.00000000,0.57070000,1706.0
1749261379,1738.00000000,0.18440000,1706.0
1749261379,1739.00000000,0.57070000,1706.0
1749261379,1740.00000000,1.32790000,1706.0
1749261379,1741.00000000,0.58150000,1706.0
1749261379,1742.00000000,0.01810000,1706.0
1749261379,1743.00000000,0.58600000,1706.0
1749261379,1744.00000000,0.02290000,1706.0
1749261379,1745.00000000,0.57070000,1706.0
1749261379,1746.00000000,0.00950000,1706.0
1749261379,1747.00000000,0.00940000,1706.0
1749261379,1748.00000000,0.00590000,1706.0
1749261379,1749.00000000,0.01330000,1706.0
1749261379,1750.00000000,1.22030000,1706.0
1749261379,1751.00000000,5.77810000,1706.0
1749261379,1752.00000000,0.01760000,1706.0
1749261379,1753.00000000,27.07370000,1706.0
1749261379,1754.00000000,0.02610000,1706.0
1749261379,1755.00000000,0.01860000,1706.0
1749261379,1756.00000000,0.00950000,1706.0
1749261379,1757.00000000,0.00590000,1706.0
1749261379,1758.00000000,0.41550000,1706.0
1749261379,1759.00000000,0.00590000,1706.0
1749261379,1760.00000000,1.07020000,1706.0
1749261379,1761.00000000,0.01040000,1706.0
1749261379,1762.00000000,0.05060000,1706.0
1749261379,1763.00000000,0.43720000,1706.0
1749261379,1764.00000000,0.03400000,1706.0
1749261379,1765.00000000,0.05070000,1706.0
1749261379,1766.00000000,0.08370000,1706.0
1749261379,1767.00000000,0.36020000,1706.0
1749261379,1768.00000000,0.01370000,1706.0
1749261379,1769.00000000,0.07390000,1706.0
1749261379,1770.00000000,0.78460000,1706.0
1749261379,1771.00000000,0.01650000,1706.0
1749261379,1772.00000000,0.00600000,1706.0
1749261379,1773.00000000,0.03740000,1706.0
1749261379,1774.00000000,0.00600000,1706.0
1749261379,1775.00000000,0.01690000,1706.0
1749261379,1776.00000000,0.02090000,1706.0
1749261379,1777.00000000,0.59390000,1706.0
1749261379,1778.00000000,0.01790000,1706.0
1749261379,1779.00000000,0.06130000,1706.0
1749261379,1780.00000000,0.22470000,1706.0
1749261379,1781.00000000,0.00590000,1706.0
1749261379,1782.00000000,0.00590000,1706.0
1749261379,1784.00000000,0.03390000,1706.0
1749261379,1785.00000000,0.01010000,1706.0
1749261379,1786.00000000,0.02300000,1706.0
1749261379,1787.00000000,0.01230000,1706.0
1749261379,1788.00000000,0.02840000,1706.0
1749261379,1789.00000000,0.02810000,1706.0
1749261379,1790.00000000,0.96310000,1706.0
1749261379,1791.00000000,0.03650000,1706.0
1749261379,1792.00000000,0.04870000,1706.0
1749261379,1793.00000000,0.00420000,1706.0
1749261379,1794.00000000,0.02800000,1706.0
1749261379,1795.00000000,0.02010000,1706.0
1749261379,1796.00000000,0.04030000,1706.0
1749261379,1797.00000000,0.00360000,1706.0
1749261379,1798.00000000,0.21500000,1706.0
1749261379,1799.00000000,0.04250000,1706.0
1749261379,1800.00000000,11.47440000,1706.0
1749261379,1801.00000000,0.01230000,1706.0
1749261379,1802.00000000,0.00550000,1706.0
1749261379,1803.00000000,0.01380000,1706.0
1749261379,1804.00000000,0.09450000,1706.0
1749261379,1805.00000000,0.40790000,1706.0
1749261379,1806.00000000,0.01700000,1706.0
1749261379,1807.00000000,0.02520000,1706.0
1749261680,1706.00000000,4.00380000,1705.0
1749261680,1707.00000000,16.38450000,1705.0
1749261680,1708.00000000,31.38160000,1705.0
1749261680,1709.00000000,17.98900000,1705.0
1749261680,1710.00000000,14.87880000,1705.0
1749261680,1711.00000000,16.01310000,1705.0
1749261680,1712.00000000,5.75580000,1705.0
1749261680,1713.00000000,1.55890000,1705.0
1749261680,1714.00000000,2.76570000,1705.0
1749261680,1715.00000000,1.44790000,1705.0
1749261680,1716.00000000,1.14730000,1705.0
1749261680,1717.00000000,2.67530000,1705.0
1749261680,1718.00000000,1.44900000,1705.0
1749261680,1719.00000000,1.50320000,1705.0
1749261680,1720.00000000,1.36710000,1705.0
1749261680,1721.00000000,1.62150000,1705.0
1749261680,1722.00000000,0.93090000,1705.0
1749261680,1723.00000000,3.72910000,1705.0
1749261680,1724.00000000,0.30270000,1705.0
1749261680,1725.00000000,2.33030000,1705.0
1749261680,1726.00000000,0.90970000,1705.0
1749261680,1727.00000000,0.93660000,1705.0
1749261680,1728.00000000,3.07990000,1705.0
1749261680,1729.00000000,0.87410000,1705.0
1749261680,1730.00000000,0.01670000,1705.0
1749261680,1731.00000000,0.85870000,1705.0
1749261680,1732.00000000,0.00590000,1705.0
1749261680,1733.00000000,0.58790000,1705.0
1749261680,1734.00000000,0.07940000,1705.0
1749261680,1735.00000000,0.60800000,1705.0
1749261680,1736.00000000,0.01930000,1705.0
1749261680,1737.00000000,0.57070000,1705.0
1749261680,1738.00000000,0.18440000,1705.0
1749261680,1739.00000000,0.57070000,1705.0
1749261680,1740.00000000,1.29420000,1705.0
1749261680,1741.00000000,0.58150000,1705.0
1749261680,1742.00000000,0.01810000,1705.0
1749261680,1743.00000000,0.58600000,1705.0
1749261680,1744.00000000,0.02290000,1705.0
1749261680,1745.00000000,0.57070000,1705.0
1749261680,1746.00000000,0.00950000,1705.0
1749261680,1747.00000000,0.00940000,1705.0
1749261680,1748.00000000,0.00590000,1705.0
1749261680,1749.00000000,0.01330000,1705.0
1749261680,1750.00000000,1.22030000,1705.0
1749261680,1751.00000000,5.77810000,1705.0
1749261680,1752.00000000,0.01760000,1705.0
1749261680,1753.00000000,27.48330000,1705.0
1749261680,1754.00000000,0.02610000,1705.0
1749261680,1755.00000000,0.01860000,1705.0
1749261680,1756.00000000,0.00950000,1705.0
1749261680,1757.00000000,0.00590000,1705.0
1749261680,1758.00000000,0.00590000,1705.0
1749261680,1759.00000000,0.00590000,1705.0
1749261680,1760.00000000,1.07020000,1705.0
1749261680,1761.00000000,0.01040000,1705.0
1749261680,1762.00000000,0.05060000,1705.0
1749261680,1763.00000000,0.43720000,1705.0
1749261680,1764.00000000,0.03400000,1705.0
1749261680,1765.00000000,0.05070000,1705.0
1749261680,1766.00000000,0.08370000,1705.0
1749261680,1767.00000000,0.36020000,1705.0
1749261680,1768.00000000,0.01370000,1705.0
1749261680,1769.00000000,0.07390000,1705.0
1749261680,1770.00000000,0.78460000,1705.0
1749261680,1771.00000000,0.01650000,1705.0
1749261680,1772.00000000,0.00600000,1705.0
1749261680,1773.00000000,0.03740000,1705.0
1749261680,1774.00000000,0.00600000,1705.0
1749261680,1775.00000000,0.01690000,1705.0
1749261680,1776.00000000,0.02090000,1705.0
1749261680,1777.00000000,0.59390000,1705.0
1749261680,1778.00000000,0.01790000,1705.0
1749261680,1779.00000000,0.06130000,1705.0
1749261680,1780.00000000,0.22470000,1705.0
1749261680,1781.00000000,0.00590000,1705.0
1749261680,1784.00000000,0.03390000,1705.0
1749261680,1785.00000000,0.01010000,1705.0
1749261680,1786.00000000,0.02300000,1705.0
1749261680,1787.00000000,0.01230000,1705.0
1749261680,1788.00000000,0.02840000,1705.0
1749261680,1789.00000000,0.02810000,1705.0
1749261680,1790.00000000,0.96310000,1705.0
1749261680,1791.00000000,0.03650000,1705.0
1749261680,1792.00000000,0.04870000,1705.0
1749261680,1793.00000000,0.00420000,1705.0
1749261680,1794.00000000,0.02800000,1705.0
1749261680,1795.00000000,0.02010000,1705.0
1749261680,1796.00000000,0.04030000,1705.0
1749261680,1797.00000000,0.00360000,1705.0
1749261680,1798.00000000,0.21500000,1705.0
1749261680,1799.00000000,0.04250000,1705.0
1749261680,1800.00000000,11.47440000,1705.0
1749261680,1801.00000000,0.01230000,1705.0
1749261680,1802.00000000,0.00550000,1705.0
1749261680,1803.00000000,0.01380000,1705.0
1749261680,1804.00000000,0.09450000,1705.0
1749261680,1805.00000000,0.40790000,1705.0
1749261680,1806.00000000,0.01700000,1705.0
1749261680,1807.00000000,0.02520000,1705.0
1749261988,1705.00000000,1.64550000,1704.0
1749261988,1706.00000000,16.68810000,1704.0
1749261988,1707.00000000,26.28490000,1704.0
1749261988,1708.00000000,23.74550000,1704.0
1749261988,1709.00000000,15.20730000,1704.0
1749261988,1710.00000000,15.50980000,1704.0
1749261988,1711.00000000,2.21780000,1704.0
1749261988,1712.00000000,3.25410000,1704.0
1749261988,1713.00000000,1.55890000,1704.0
1749261988,1714.00000000,2.43270000,1704.0
1749261988,1715.00000000,1.43600000,1704.0
1749261988,1716.00000000,1.54650000,1704.0
1749261988,1717.00000000,2.35710000,1704.0
1749261988,1718.00000000,1.39240000,1704.0
1749261988,1719.00000000,1.50320000,1704.0
1749261988,1720.00000000,1.36710000,1704.0
1749261988,1721.00000000,1.67090000,1704.0
1749261988,1722.00000000,0.84130000,1704.0
1749261988,1723.00000000,3.63960000,1704.0
1749261988,1724.00000000,0.30270000,1704.0
1749261988,1725.00000000,2.33030000,1704.0
1749261988,1726.00000000,0.33770000,1704.0
1749261988,1727.00000000,0.93660000,1704.0
1749261988,1728.00000000,0.57990000,1704.0
1749261988,1729.00000000,3.37410000,1704.0
1749261988,1730.00000000,0.01670000,1704.0
1749261988,1731.00000000,0.85870000,1704.0
1749261988,1732.00000000,0.00590000,1704.0
1749261988,1733.00000000,0.87590000,1704.0
1749261988,1734.00000000,0.07940000,1704.0
1749261988,1735.00000000,0.89600000,1704.0
1749261988,1736.00000000,0.01930000,1704.0
1749261988,1737.00000000,0.57070000,1704.0
1749261988,1738.00000000,0.18440000,1704.0
1749261988,1739.00000000,0.57070000,1704.0
1749261988,1740.00000000,1.29420000,1704.0
1749261988,1741.00000000,0.58150000,1704.0
1749261988,1742.00000000,0.01810000,1704.0
1749261988,1743.00000000,0.58600000,1704.0
1749261988,1744.00000000,0.02290000,1704.0
1749261988,1745.00000000,0.57070000,1704.0
1749261988,1746.00000000,0.00950000,1704.0
1749261988,1747.00000000,0.00940000,1704.0
1749261988,1748.00000000,0.00590000,1704.0
1749261988,1749.00000000,0.01330000,1704.0
1749261988,1750.00000000,1.22030000,1704.0
1749261988,1751.00000000,5.77810000,1704.0
1749261988,1752.00000000,0.01760000,1704.0
1749261988,1753.00000000,27.48330000,1704.0
1749261988,1754.00000000,0.02610000,1704.0
1749261988,1755.00000000,0.01860000,1704.0
1749261988,1756.00000000,0.00950000,1704.0
1749261988,1757.00000000,0.00590000,1704.0
1749261988,1758.00000000,0.00590000,1704.0
1749261988,1759.00000000,0.00590000,1704.0
1749261988,1760.00000000,1.07020000,1704.0
1749261988,1761.00000000,0.01040000,1704.0
1749261988,1762.00000000,0.29490000,1704.0
1749261988,1763.00000000,0.43720000,1704.0
1749261988,1764.00000000,0.03400000,1704.0
1749261988,1765.00000000,0.05070000,1704.0
1749261988,1766.00000000,0.08370000,1704.0
1749261988,1767.00000000,0.11590000,1704.0
1749261988,1768.00000000,0.01370000,1704.0
1749261988,1769.00000000,0.07390000,1704.0
1749261988,1770.00000000,0.78460000,1704.0
1749261988,1771.00000000,0.01650000,1704.0
1749261988,1772.00000000,0.00600000,1704.0
1749261988,1773.00000000,0.03740000,1704.0
1749261988,1774.00000000,0.00600000,1704.0
1749261988,1775.00000000,0.01690000,1704.0
1749261988,1776.00000000,0.02090000,1704.0
1749261988,1777.00000000,0.59390000,1704.0
1749261988,1778.00000000,0.01790000,1704.0
1749261988,1779.00000000,0.06130000,1704.0
1749261988,1780.00000000,0.22470000,1704.0
1749261988,1784.00000000,0.03390000,1704.0
1749261988,1785.00000000,0.01010000,1704.0
1749261988,1786.00000000,0.02300000,1704.0
1749261988,1787.00000000,0.01230000,1704.0
1749261988,1788.00000000,0.02840000,1704.0
1749261988,1789.00000000,0.02810000,1704.0
1749261988,1790.00000000,0.96310000,1704.0
1749261988,1791.00000000,0.03650000,1704.0
1749261988,1792.00000000,0.04870000,1704.0
1749261988,1793.00000000,0.00420000,1704.0
1749261988,1794.00000000,0.02800000,1704.0
1749261988,1795.00000000,0.02010000,1704.0
1749261988,1796.00000000,0.04030000,1704.0
1749261988,1797.00000000,0.00360000,1704.0
1749261988,1798.00000000,0.21500000,1704.0
1749261988,1799.00000000,0.04250000,1704.0
1749261988,1800.00000000,11.47440000,1704.0
1749261988,1801.00000000,0.01230000,1704.0
1749261988,1802.00000000,0.00550000,1704.0
1749261988,1803.00000000,0.01380000,1704.0
1749261988,1804.00000000,0.09450000,1704.0
1749261988,1805.00000000,0.40790000,1704.0
1749261988,1806.00000000,0.01700000,1704.0
1749261988,1807.00000000,0.02520000,1704.0
1749262289,1707.00000000,4.78900000,1706.0
1749262289,1708.00000000,20.53690000,1706.0
1749262289,1709.00000000,28.01370000,1706.0
1749262289,1710.00000000,23.91610000,1706.0
1749262289,1711.00000000,18.48670000,1706.0
1749262289,1712.00000000,6.92860000,1706.0
1749262289,1713.00000000,2.20340000,1706.0
1749262289,1714.00000000,1.29120000,1706.0
1749262289,1715.00000000,2.23740000,1706.0
1749262289,1716.00000000,2.59730000,1706.0
1749262289,1717.00000000,2.29940000,1706.0
1749262289,1718.00000000,1.39240000,1706.0
1749262289,1719.00000000,1.55980000,1706.0
1749262289,1720.00000000,1.36710000,1706.0
1749262289,1721.00000000,1.67090000,1706.0
1749262289,1722.00000000,0.84130000,1706.0
1749262289,1723.00000000,3.57730000,1706.0
1749262289,1724.00000000,1.34650000,1706.0
1749262289,1725.00000000,2.29500000,1706.0
1749262289,1726.00000000,0.39910000,1706.0
1749262289,1727.00000000,0.90050000,1706.0
1749262289,1728.00000000,0.57990000,1706.0
1749262289,1729.00000000,3.37410000,1706.0
1749262289,1730.00000000,0.05200000,1706.0
1749262289,1731.00000000,0.85870000,1706.0
1749262289,1732.00000000,0.04200000,1706.0
1749262289,1733.00000000,0.87590000,1706.0
1749262289,1734.00000000,0.07940000,1706.0
1749262289,1735.00000000,0.89600000,1706.0
1749262289,1736.00000000,0.01930000,1706.0
1749262289,1737.00000000,0.85870000,1706.0
1749262289,1738.00000000,0.47240000,1706.0
1749262289,1739.00000000,0.57070000,1706.0
1749262289,1740.00000000,1.29420000,1706.0
1749262289,1741.00000000,0.58150000,1706.0
1749262289,1742.00000000,0.01810000,1706.0
1749262289,1743.00000000,0.58600000,1706.0
1749262289,1744.00000000,0.02290000,1706.0
1749262289,1745.00000000,0.57070000,1706.0
1749262289,1746.00000000,0.00950000,1706.0
1749262289,1747.00000000,0.00940000,1706.0
1749262289,1748.00000000,0.00590000,1706.0
1749262289,1749.00000000,0.01330000,1706.0
1749262289,1750.00000000,1.22030000,1706.0
1749262289,1751.00000000,5.77810000,1706.0
1749262289,1752.00000000,0.01760000,1706.0
1749262289,1753.00000000,27.48330000,1706.0
1749262289,1754.00000000,0.02610000,1706.0
1749262289,1755.00000000,0.01860000,1706.0
1749262289,1756.00000000,0.00950000,1706.0
1749262289,1757.00000000,0.00590000,1706.0
1749262289,1758.00000000,0.00590000,1706.0
1749262289,1759.00000000,0.00590000,1706.0
1749262289,1760.00000000,1.07020000,1706.0
1749262289,1761.00000000,0.01040000,1706.0
1749262289,1762.00000000,0.29490000,1706.0
1749262289,1763.00000000,0.43720000,1706.0
1749262289,1764.00000000,0.03400000,1706.0
1749262289,1765.00000000,0.05070000,1706.0
1749262289,1766.00000000,0.08370000,1706.0
1749262289,1767.00000000,0.11590000,1706.0
1749262289,1768.00000000,0.01370000,1706.0
1749262289,1769.00000000,0.07390000,1706.0
1749262289,1770.00000000,0.78460000,1706.0
1749262289,1771.00000000,0.01650000,1706.0
1749262289,1772.00000000,0.00600000,1706.0
1749262289,1773.00000000,0.03740000,1706.0
1749262289,1774.00000000,0.00600000,1706.0
1749262289,1775.00000000,0.01690000,1706.0
1749262289,1776.00000000,0.02090000,1706.0
1749262289,1777.00000000,0.59390000,1706.0
1749262289,1778.00000000,0.01790000,1706.0
1749262289,1779.00000000,0.06130000,1706.0
1749262289,1780.00000000,0.22470000,1706.0
1749262289,1781.00000000,0.00590000,1706.0
1749262289,1782.00000000,0.00590000,1706.0
1749262289,1784.00000000,0.03390000,1706.0
1749262289,1785.00000000,0.01010000,1706.0
1749262289,1786.00000000,0.02300000,1706.0
1749262289,1787.00000000,0.01230000,1706.0
1749262289,1788.00000000,0.02840000,1706.0
1749262289,1789.00000000,0.02810000,1706.0
1749262289,1790.00000000,0.96310000,1706.0
1749262289,1791.00000000,0.03650000,1706.0
1749262289,1792.00000000,0.04870000,1706.0
1749262289,1793.00000000,0.00420000,1706.0
1749262289,1794.00000000,0.02800000,1706.0
1749262289,1795.00000000,0.02010000,1706.0
1749262289,1796.00000000,0.04030000,1706.0
1749262289,1797.00000000,0.00360000,1706.0
1749262289,1798.00000000,0.21500000,1706.0
1749262289,1799.00000000,0.04250000,1706.0
1749262289,1800.00000000,11.47440000,1706.0
1749262289,1801.00000000,0.01230000,1706.0
1749262289,1802.00000000,0.00550000,1706.0
1749262289,1803.00000000,0.01380000,1706.0
1749262289,1804.00000000,0.09450000,1706.0
1749262289,1805.00000000,0.40790000,1706.0
1749262289,1806.00000000,0.01700000,1706.0
1749262289,1807.00000000,0.02520000,1706.0
1749262591,1702.00000000,2.90390000,1701.0
1749262591,1703.00000000,11.16940000,1701.0
1749262591,1704.00000000,24.63620000,1701.0
1749262591,1705.00000000,27.78820000,1701.0
1749262591,1706.00000000,17.56830000,1701.0
1749262591,1707.00000000,14.08290000,1701.0
1749262591,1708.00000000,2.28780000,1701.0
1749262591,1709.00000000,2.18660000,1701.0
1749262591,1710.00000000,2.77360000,1701.0
1749262591,1711.00000000,1.90240000,1701.0
1749262591,1712.00000000,1.56380000,1701.0
1749262591,1713.00000000,1.96290000,1701.0
1749262591,1714.00000000,1.64280000,1701.0
1749262591,1715.00000000,1.10760000,1701.0
1749262591,1716.00000000,1.43080000,1701.0
1749262591,1717.00000000,5.08870000,1701.0
1749262591,1718.00000000,1.39240000,1701.0
1749262591,1719.00000000,0.89030000,1701.0
1749262591,1720.00000000,0.75460000,1701.0
1749262591,1721.00000000,1.61660000,1701.0
1749262591,1722.00000000,0.31900000,1701.0
1749262591,1723.00000000,0.91770000,1701.0
1749262591,1724.00000000,2.80270000,1701.0
1749262591,1725.00000000,2.29500000,1701.0
1749262591,1726.00000000,0.33770000,1701.0
1749262591,1727.00000000,0.90050000,1701.0
1749262591,1728.00000000,0.57990000,1701.0
1749262591,1729.00000000,0.90780000,1701.0
1749262591,1730.00000000,0.05110000,1701.0
1749262591,1731.00000000,0.85870000,1701.0
1749262591,1732.00000000,0.00590000,1701.0
1749262591,1733.00000000,0.87590000,1701.0
1749262591,1734.00000000,0.07940000,1701.0
1749262591,1735.00000000,0.86230000,1701.0
1749262591,1736.00000000,0.01930000,1701.0
1749262591,1737.00000000,0.85870000,1701.0
1749262591,1738.00000000,0.43800000,1701.0
1749262591,1739.00000000,0.85870000,1701.0
1749262591,1740.00000000,1.29420000,1701.0
1749262591,1741.00000000,0.58150000,1701.0
1749262591,1742.00000000,0.01810000,1701.0
1749262591,1743.00000000,0.58600000,1701.0
1749262591,1744.00000000,0.02290000,1701.0
1749262591,1745.00000000,0.57070000,1701.0
1749262591,1746.00000000,0.00950000,1701.0
1749262591,1747.00000000,0.00940000,1701.0
1749262591,1748.00000000,0.41550000,1701.0
1749262591,1749.00000000,0.01330000,1701.0
1749262591,1750.00000000,1.22030000,1701.0
1749262591,1751.00000000,5.77810000,1701.0
1749262591,1752.00000000,0.01760000,1701.0
1749262591,1753.00000000,27.07370000,1701.0
1749262591,1754.00000000,0.02610000,1701.0
1749262591,1755.00000000,0.01860000,1701.0
1749262591,1756.00000000,0.00950000,1701.0
1749262591,1757.00000000,0.00590000,1701.0
1749262591,1758.00000000,0.00590000,1701.0
1749262591,1759.00000000,0.00590000,1701.0
1749262591,1760.00000000,1.07020000,1701.0
1749262591,1761.00000000,0.01040000,1701.0
1749262591,1762.00000000,0.29490000,1701.0
1749262591,1763.00000000,0.43720000,1701.0
1749262591,1764.00000000,0.03400000,1701.0
1749262591,1765.00000000,0.05070000,1701.0
1749262591,1766.00000000,0.08370000,1701.0
1749262591,1767.00000000,0.11590000,1701.0
1749262591,1768.00000000,0.01370000,1701.0
1749262591,1769.00000000,0.07390000,1701.0
1749262591,1770.00000000,0.78460000,1701.0
1749262591,1771.00000000,0.01650000,1701.0
1749262591,1772.00000000,0.58520000,1701.0
1749262591,1773.00000000,0.03740000,1701.0
1749262591,1774.00000000,0.00600000,1701.0
1749262591,1775.00000000,0.01690000,1701.0
1749262591,1776.00000000,0.00950000,1701.0
1749262591,1777.00000000,0.01470000,1701.0
1749262591,1778.00000000,0.01200000,1701.0
1749262591,1779.00000000,0.05540000,1701.0
1749262591,1780.00000000,0.21880000,1701.0
1749262591,1784.00000000,0.03390000,1701.0
1749262591,1785.00000000,0.01010000,1701.0
1749262591,1786.00000000,0.02300000,1701.0
1749262591,1787.00000000,0.02350000,1701.0
1749262591,1788.00000000,0.02840000,1701.0
1749262591,1789.00000000,0.02810000,1701.0
1749262591,1790.00000000,0.96310000,1701.0
1749262591,1791.00000000,0.03650000,1701.0
1749262591,1792.00000000,0.04870000,1701.0
1749262591,1793.00000000,0.00420000,1701.0
1749262591,1794.00000000,0.02800000,1701.0
1749262591,1795.00000000,0.59300000,1701.0
1749262591,1796.00000000,0.04030000,1701.0
1749262591,1797.00000000,0.00360000,1701.0
1749262591,1798.00000000,0.21500000,1701.0
1749262591,1799.00000000,0.04250000,1701.0
1749262591,1800.00000000,10.90150000,1701.0
1749262591,1801.00000000,0.01230000,1701.0
1749262591,1802.00000000,0.00550000,1701.0
1749262591,1803.00000000,0.01380000,1701.0
1749262591,1804.00000000,0.09450000,1701.0
1749262897,1699.00000000,0.84020000,1698.0
1749262897,1700.00000000,11.34620000,1698.0
1749262897,1701.00000000,30.31420000,1698.0
1749262897,1702.00000000,29.43390000,1698.0
1749262897,1703.00000000,23.48550000,1698.0
1749262897,1704.00000000,8.86830000,1698.0
1749262897,1705.00000000,2.71290000,1698.0
1749262897,1706.00000000,1.72860000,1698.0
1749262897,1707.00000000,3.82500000,1698.0
1749262897,1708.00000000,3.34780000,1698.0
1749262897,1709.00000000,2.18660000,1698.0
1749262897,1710.00000000,1.48770000,1698.0
1749262897,1711.00000000,1.98210000,1698.0
1749262897,1712.00000000,1.93180000,1698.0
1749262897,1713.00000000,2.01950000,1698.0
1749262897,1714.00000000,1.37400000,1698.0
1749262897,1715.00000000,2.59000000,1698.0
1749262897,1716.00000000,1.36900000,1698.0
1749262897,1717.00000000,4.41820000,1698.0
1749262897,1718.00000000,0.77880000,1698.0
1749262897,1719.00000000,0.88590000,1698.0
1749262897,1720.00000000,0.75460000,1698.0
1749262897,1721.00000000,0.94540000,1698.0
1749262897,1722.00000000,2.81900000,1698.0
1749262897,1723.00000000,0.91770000,1698.0
1749262897,1724.00000000,0.30270000,1698.0
1749262897,1725.00000000,0.87450000,1698.0
1749262897,1726.00000000,0.90970000,1698.0
1749262897,1727.00000000,0.90050000,1698.0
1749262897,1728.00000000,0.57990000,1698.0
1749262897,1729.00000000,0.90780000,1698.0
1749262897,1730.00000000,0.05110000,1698.0
1749262897,1731.00000000,0.85870000,1698.0
1749262897,1732.00000000,0.00590000,1698.0
1749262897,1733.00000000,0.87590000,1698.0
1749262897,1734.00000000,0.07940000,1698.0
1749262897,1735.00000000,0.86230000,1698.0
1749262897,1736.00000000,0.01930000,1698.0
1749262897,1737.00000000,0.85870000,1698.0
1749262897,1738.00000000,0.43800000,1698.0
1749262897,1739.00000000,0.85870000,1698.0
1749262897,1740.00000000,1.58220000,1698.0
1749262897,1741.00000000,0.58150000,1698.0
1749262897,1742.00000000,0.01810000,1698.0
1749262897,1743.00000000,0.58600000,1698.0
1749262897,1744.00000000,0.02290000,1698.0
1749262897,1745.00000000,0.57070000,1698.0
1749262897,1746.00000000,0.00950000,1698.0
1749262897,1747.00000000,0.00940000,1698.0
1749262897,1748.00000000,0.41550000,1698.0
1749262897,1749.00000000,0.01330000,1698.0
1749262897,1750.00000000,1.22030000,1698.0
1749262897,1751.00000000,5.77810000,1698.0
1749262897,1752.00000000,0.01760000,1698.0
1749262897,1753.00000000,27.07370000,1698.0
1749262897,1754.00000000,0.02610000,1698.0
1749262897,1755.00000000,0.01860000,1698.0
1749262897,1756.00000000,0.00950000,1698.0
1749262897,1757.00000000,0.00590000,1698.0
1749262897,1758.00000000,0.00590000,1698.0
1749262897,1759.00000000,0.00590000,1698.0
1749262897,1760.00000000,1.07020000,1698.0
1749262897,1761.00000000,0.01040000,1698.0
1749262897,1762.00000000,0.29490000,1698.0
1749262897,1763.00000000,0.43720000,1698.0
1749262897,1764.00000000,0.03400000,1698.0
1749262897,1765.00000000,0.05070000,1698.0
1749262897,1766.00000000,0.08370000,1698.0
1749262897,1767.00000000,0.11590000,1698.0
1749262897,1768.00000000,0.01370000,1698.0
1749262897,1769.00000000,0.07390000,1698.0
1749262897,1770.00000000,0.78460000,1698.0
1749262897,1771.00000000,0.01650000,1698.0
1749262897,1772.00000000,0.58520000,1698.0
1749262897,1773.00000000,0.03740000,1698.0
1749262897,1774.00000000,0.00600000,1698.0
1749262897,1775.00000000,0.01100000,1698.0
1749262897,1776.00000000,0.00360000,1698.0
1749262897,1777.00000000,0.00880000,1698.0
1749262897,1778.00000000,0.01200000,1698.0
1749262897,1779.00000000,0.05540000,1698.0
1749262897,1780.00000000,0.21880000,1698.0
1749262897,1784.00000000,0.03390000,1698.0
1749262897,1785.00000000,0.01010000,1698.0
1749262897,1786.00000000,0.02300000,1698.0
1749262897,1787.00000000,0.02350000,1698.0
1749262897,1788.00000000,0.02840000,1698.0
1749262897,1789.00000000,0.02810000,1698.0
1749262897,1790.00000000,0.96310000,1698.0
1749262897,1791.00000000,0.03650000,1698.0
1749262897,1792.00000000,0.04870000,1698.0
1749262897,1793.00000000,0.00420000,1698.0
1749262897,1794.00000000,0.02800000,1698.0
1749262897,1795.00000000,0.59300000,1698.0
1749262897,1796.00000000,0.04030000,1698.0
1749262897,1797.00000000,0.00360000,1698.0
1749262897,1798.00000000,0.21500000,1698.0
1749262897,1799.00000000,0.04250000,1698.0
1749262897,1800.00000000,10.90150000,1698.0
1749262897,1801.00000000,0.01230000,1698.0
1749263198,1700.00000000,1.49150000,1699.0
1749263198,1701.00000000,27.14590000,1699.0
1749263198,1702.00000000,30.78720000,1699.0
1749263198,1703.00000000,20.29120000,1699.0
1749263198,1704.00000000,10.98000000,1699.0
1749263198,1705.00000000,4.56660000,1699.0
1749263198,1706.00000000,1.67730000,1699.0
1749263198,1707.00000000,1.32920000,1699.0
1749263198,1708.00000000,3.41900000,1699.0
1749263198,1709.00000000,2.18660000,1699.0
1749263198,1710.00000000,1.18830000,1699.0
1749263198,1711.00000000,1.98210000,1699.0
1749263198,1712.00000000,1.93180000,1699.0
1749263198,1713.00000000,1.96290000,1699.0
1749263198,1714.00000000,1.39250000,1699.0
1749263198,1715.00000000,2.59000000,1699.0
1749263198,1716.00000000,1.36900000,1699.0
1749263198,1717.00000000,4.41820000,1699.0
1749263198,1718.00000000,1.30250000,1699.0
1749263198,1719.00000000,0.88590000,1699.0
1749263198,1720.00000000,0.75460000,1699.0
1749263198,1721.00000000,0.94540000,1699.0
1749263198,1722.00000000,2.81900000,1699.0
1749263198,1723.00000000,0.89920000,1699.0
1749263198,1724.00000000,0.30270000,1699.0
1749263198,1725.00000000,0.87450000,1699.0
1749263198,1726.00000000,0.90970000,1699.0
1749263198,1727.00000000,0.90050000,1699.0
1749263198,1728.00000000,0.57990000,1699.0
1749263198,1729.00000000,0.90780000,1699.0
1749263198,1730.00000000,0.05110000,1699.0
1749263198,1731.00000000,0.85870000,1699.0
1749263198,1732.00000000,0.00590000,1699.0
1749263198,1733.00000000,0.87590000,1699.0
1749263198,1734.00000000,0.07940000,1699.0
1749263198,1735.00000000,0.86230000,1699.0
1749263198,1736.00000000,0.01930000,1699.0
1749263198,1737.00000000,0.85870000,1699.0
1749263198,1738.00000000,0.43800000,1699.0
1749263198,1739.00000000,0.85870000,1699.0
1749263198,1740.00000000,1.58220000,1699.0
1749263198,1741.00000000,0.58150000,1699.0
1749263198,1742.00000000,0.01810000,1699.0
1749263198,1743.00000000,0.58600000,1699.0
1749263198,1744.00000000,0.02290000,1699.0
1749263198,1745.00000000,0.57070000,1699.0
1749263198,1746.00000000,0.00950000,1699.0
1749263198,1747.00000000,0.00940000,1699.0
1749263198,1748.00000000,0.41550000,1699.0
1749263198,1749.00000000,0.01330000,1699.0
1749263198,1750.00000000,1.22030000,1699.0
1749263198,1751.00000000,5.77810000,1699.0
1749263198,1752.00000000,0.01760000,1699.0
1749263198,1753.00000000,27.07370000,1699.0
1749263198,1754.00000000,0.02610000,1699.0
1749263198,1755.00000000,0.01860000,1699.0
1749263198,1756.00000000,0.00950000,1699.0
1749263198,1757.00000000,0.00590000,1699.0
1749263198,1758.00000000,0.00590000,1699.0
1749263198,1759.00000000,0.00590000,1699.0
1749263198,1760.00000000,1.07020000,1699.0
1749263198,1761.00000000,0.01040000,1699.0
1749263198,1762.00000000,0.29490000,1699.0
1749263198,1763.00000000,0.43720000,1699.0
1749263198,1764.00000000,0.03400000,1699.0
1749263198,1765.00000000,0.05070000,1699.0
1749263198,1766.00000000,0.08370000,1699.0
1749263198,1767.00000000,0.11590000,1699.0
1749263198,1768.00000000,0.01370000,1699.0
1749263198,1769.00000000,0.07390000,1699.0
1749263198,1770.00000000,0.78460000,1699.0
1749263198,1771.00000000,0.01650000,1699.0
1749263198,1772.00000000,0.58520000,1699.0
1749263198,1773.00000000,0.03740000,1699.0
1749263198,1774.00000000,0.00600000,1699.0
1749263198,1775.00000000,0.01690000,1699.0
1749263198,1776.00000000,0.00360000,1699.0
1749263198,1777.00000000,0.00880000,1699.0
1749263198,1778.00000000,0.01200000,1699.0
1749263198,1779.00000000,0.05540000,1699.0
1749263198,1780.00000000,0.21880000,1699.0
1749263198,1784.00000000,0.03390000,1699.0
1749263198,1785.00000000,0.01010000,1699.0
1749263198,1786.00000000,0.02300000,1699.0
1749263198,1787.00000000,0.02350000,1699.0
1749263198,1788.00000000,0.02840000,1699.0
1749263198,1789.00000000,0.02810000,1699.0
1749263198,1790.00000000,0.96310000,1699.0
1749263198,1791.00000000,0.03650000,1699.0
1749263198,1792.00000000,0.04870000,1699.0
1749263198,1793.00000000,0.00420000,1699.0
1749263198,1794.00000000,0.02800000,1699.0
1749263198,1795.00000000,0.59300000,1699.0
1749263198,1796.00000000,0.04030000,1699.0
1749263198,1797.00000000,0.00360000,1699.0
1749263198,1798.00000000,0.21500000,1699.0
1749263198,1799.00000000,0.04250000,1699.0
1749263198,1800.00000000,10.90150000,1699.0
1749263198,1801.00000000,0.01230000,1699.0
1749263198,1802.00000000,0.00550000,1699.0
1749263505,1695.00000000,3.81710000,1695.0
1749263505,1696.00000000,23.00350000,1695.0
1749263505,1697.00000000,25.23450000,1695.0
1749263505,1698.00000000,23.39910000,1695.0
1749263505,1699.00000000,11.10870000,1695.0
1749263505,1700.00000000,2.10930000,1695.0
1749263505,1701.00000000,4.56640000,1695.0
1749263505,1702.00000000,2.56750000,1695.0
1749263505,1703.00000000,2.95290000,1695.0
1749263505,1704.00000000,2.71040000,1695.0
1749263505,1705.00000000,1.86990000,1695.0
1749263505,1706.00000000,1.26940000,1695.0
1749263505,1707.00000000,1.52300000,1695.0
1749263505,1708.00000000,2.05220000,1695.0
1749263505,1709.00000000,1.93940000,1695.0
1749263505,1710.00000000,1.63950000,1695.0
1749263505,1711.00000000,1.98210000,1695.0
1749263505,1712.00000000,1.46920000,1695.0
1749263505,1713.00000000,4.52210000,1695.0
1749263505,1714.00000000,0.77780000,1695.0
1749263505,1715.00000000,2.29160000,1695.0
1749263505,1716.00000000,0.78570000,1695.0
1749263505,1717.00000000,1.63080000,1695.0
1749263505,1718.00000000,0.87230000,1695.0
1749263505,1719.00000000,0.88590000,1695.0
1749263505,1720.00000000,3.25460000,1695.0
1749263505,1721.00000000,1.48210000,1695.0
1749263505,1722.00000000,0.31900000,1695.0
1749263505,1723.00000000,0.86310000,1695.0
1749263505,1724.00000000,0.30270000,1695.0
1749263505,1725.00000000,0.90890000,1695.0
1749263505,1726.00000000,0.33770000,1695.0
1749263505,1727.00000000,0.90050000,1695.0
1749263505,1728.00000000,0.29190000,1695.0
1749263505,1729.00000000,0.61980000,1695.0
1749263505,1730.00000000,0.01670000,1695.0
1749263505,1731.00000000,0.57070000,1695.0
1749263505,1732.00000000,0.00590000,1695.0
1749263505,1733.00000000,0.58790000,1695.0
1749263505,1734.00000000,0.07940000,1695.0
1749263505,1735.00000000,0.57430000,1695.0
1749263505,1736.00000000,0.01930000,1695.0
1749263505,1737.00000000,0.57070000,1695.0
1749263505,1738.00000000,0.15000000,1695.0
1749263505,1739.00000000,0.57070000,1695.0
1749263505,1740.00000000,1.29420000,1695.0
1749263505,1741.00000000,0.58150000,1695.0
1749263505,1742.00000000,0.01810000,1695.0
1749263505,1743.00000000,0.58600000,1695.0
1749263505,1744.00000000,0.02290000,1695.0
1749263505,1745.00000000,0.57070000,1695.0
1749263505,1746.00000000,0.00950000,1695.0
1749263505,1747.00000000,0.00940000,1695.0
1749263505,1748.00000000,0.41550000,1695.0
1749263505,1749.00000000,0.01330000,1695.0
1749263505,1750.00000000,1.22030000,1695.0
1749263505,1751.00000000,5.77810000,1695.0
1749263505,1752.00000000,0.01760000,1695.0
1749263505,1753.00000000,27.07370000,1695.0
1749263505,1754.00000000,0.02610000,1695.0
1749263505,1755.00000000,0.01860000,1695.0
1749263505,1756.00000000,0.00950000,1695.0
1749263505,1757.00000000,0.00590000,1695.0
1749263505,1758.00000000,0.00590000,1695.0
1749263505,1759.00000000,0.00590000,1695.0
1749263505,1760.00000000,1.07020000,1695.0
1749263505,1761.00000000,0.01040000,1695.0
1749263505,1762.00000000,0.29490000,1695.0
1749263505,1763.00000000,0.43720000,1695.0
1749263505,1764.00000000,0.03400000,1695.0
1749263505,1765.00000000,0.05070000,1695.0
1749263505,1766.00000000,0.08370000,1695.0
1749263505,1767.00000000,0.11590000,1695.0
1749263505,1768.00000000,0.01370000,1695.0
1749263505,1769.00000000,0.07390000,1695.0
1749263505,1770.00000000,0.78460000,1695.0
1749263505,1771.00000000,0.01050000,1695.0
1749263505,1772.00000000,0.57920000,1695.0
1749263505,1773.00000000,0.03140000,1695.0
1749263505,1775.00000000,0.01100000,1695.0
1749263505,1776.00000000,0.00360000,1695.0
1749263505,1777.00000000,0.00880000,1695.0
1749263505,1778.00000000,0.01200000,1695.0
1749263505,1779.00000000,0.05540000,1695.0
1749263505,1780.00000000,0.21880000,1695.0
1749263505,1784.00000000,0.03390000,1695.0
1749263505,1785.00000000,0.01010000,1695.0
1749263505,1786.00000000,0.02300000,1695.0
1749263505,1787.00000000,0.02350000,1695.0
1749263505,1788.00000000,0.02840000,1695.0
1749263505,1789.00000000,0.02810000,1695.0
1749263505,1790.00000000,0.96310000,1695.0
1749263505,1791.00000000,0.03650000,1695.0
1749263505,1792.00000000,0.04870000,1695.0
1749263505,1793.00000000,0.00420000,1695.0
1749263505,1794.00000000,0.02800000,1695.0
1749263505,1795.00000000,0.59300000,1695.0
1749263505,1796.00000000,0.04030000,1695.0
1749263505,1797.00000000,0.00360000,1695.0
1749263505,1798.00000000,0.21500000,1695.0
1749263811,1700.00000000,1.30460000,1699.0
1749263811,1701.00000000,14.15650000,1699.0
1749263811,1702.00000000,23.07440000,1699.0
1749263811,1703.00000000,28.46130000,1699.0
1749263811,1704.00000000,23.72340000,1699.0
1749263811,1705.00000000,5.37280000,1699.0
1749263811,1706.00000000,2.20600000,1699.0
1749263811,1707.00000000,1.52300000,1699.0
1749263811,1708.00000000,3.58750000,1699.0
1749263811,1709.00000000,1.41300000,1699.0
1749263811,1710.00000000,1.00930000,1699.0
1749263811,1711.00000000,1.98210000,1699.0
1749263811,1712.00000000,1.73800000,1699.0
1749263811,1713.00000000,1.87330000,1699.0
1749263811,1714.00000000,0.77780000,1699.0
1749263811,1715.00000000,2.81600000,1699.0
1749263811,1716.00000000,1.27450000,1699.0
1749263811,1717.00000000,4.84220000,1699.0
1749263811,1718.00000000,0.87230000,1699.0
1749263811,1719.00000000,0.88590000,1699.0
1749263811,1720.00000000,0.75460000,1699.0
1749263811,1721.00000000,1.51740000,1699.0
1749263811,1722.00000000,2.81900000,1699.0
1749263811,1723.00000000,0.86310000,1699.0
1749263811,1724.00000000,0.30270000,1699.0
1749263811,1725.00000000,0.90890000,1699.0
1749263811,1726.00000000,0.33770000,1699.0
1749263811,1727.00000000,0.90050000,1699.0
1749263811,1728.00000000,0.57990000,1699.0
1749263811,1729.00000000,0.90780000,1699.0
1749263811,1730.00000000,0.01670000,1699.0
1749263811,1731.00000000,0.85870000,1699.0
1749263811,1732.00000000,0.00590000,1699.0
1749263811,1733.00000000,0.58790000,1699.0
1749263811,1734.00000000,0.07940000,1699.0
1749263811,1735.00000000,0.57430000,1699.0
1749263811,1736.00000000,0.01930000,1699.0
1749263811,1737.00000000,0.57070000,1699.0
1749263811,1738.00000000,0.15000000,1699.0
1749263811,1739.00000000,0.57070000,1699.0
1749263811,1740.00000000,1.29420000,1699.0
1749263811,1741.00000000,0.58150000,1699.0
1749263811,1742.00000000,0.01810000,1699.0
1749263811,1743.00000000,0.58600000,1699.0
1749263811,1744.00000000,0.02290000,1699.0
1749263811,1745.00000000,0.57070000,1699.0
1749263811,1746.00000000,0.00950000,1699.0
1749263811,1747.00000000,0.00940000,1699.0
1749263811,1748.00000000,0.41550000,1699.0
1749263811,1749.00000000,0.01330000,1699.0
1749263811,1750.00000000,1.22030000,1699.0
1749263811,1751.00000000,5.77810000,1699.0
1749263811,1752.00000000,0.01760000,1699.0
1749263811,1753.00000000,27.07370000,1699.0
1749263811,1754.00000000,0.02610000,1699.0
1749263811,1755.00000000,0.01860000,1699.0
1749263811,1756.00000000,0.00950000,1699.0
1749263811,1757.00000000,0.00590000,1699.0
1749263811,1758.00000000,0.00590000,1699.0
1749263811,1759.00000000,0.00590000,1699.0
1749263811,1760.00000000,1.07020000,1699.0
1749263811,1761.00000000,0.01040000,1699.0
1749263811,1762.00000000,0.29490000,1699.0
1749263811,1763.00000000,0.43720000,1699.0
1749263811,1764.00000000,0.03400000,1699.0
1749263811,1765.00000000,0.05070000,1699.0
1749263811,1766.00000000,0.08370000,1699.0
1749263811,1767.00000000,0.11590000,1699.0
1749263811,1768.00000000,0.01030000,1699.0
1749263811,1769.00000000,0.07390000,1699.0
1749263811,1770.00000000,0.78460000,1699.0
1749263811,1771.00000000,0.01650000,1699.0
1749263811,1772.00000000,0.58520000,1699.0
1749263811,1773.00000000,0.03740000,1699.0
1749263811,1774.00000000,0.00600000,1699.0
1749263811,1775.00000000,0.01690000,1699.0
1749263811,1776.00000000,0.00360000,1699.0
1749263811,1777.00000000,0.00880000,1699.0
1749263811,1778.00000000,0.01200000,1699.0
1749263811,1779.00000000,0.05540000,1699.0
1749263811,1780.00000000,0.21880000,1699.0
1749263811,1784.00000000,0.03390000,1699.0
1749263811,1785.00000000,0.00560000,1699.0
1749263811,1786.00000000,0.02300000,1699.0
1749263811,1787.00000000,0.02350000,1699.0
1749263811,1788.00000000,0.02840000,1699.0
1749263811,1789.00000000,0.02810000,1699.0
1749263811,1790.00000000,0.96310000,1699.0
1749263811,1791.00000000,0.03650000,1699.0
1749263811,1792.00000000,0.04870000,1699.0
1749263811,1793.00000000,0.00420000,1699.0
1749263811,1794.00000000,0.02800000,1699.0
1749263811,1795.00000000,0.59300000,1699.0
1749263811,1796.00000000,0.04030000,1699.0
1749263811,1797.00000000,0.00360000,1699.0
1749263811,1798.00000000,0.21500000,1699.0
1749263811,1799.00000000,0.04250000,1699.0
1749263811,1800.00000000,10.90150000,1699.0
1749263811,1801.00000000,0.01230000,1699.0
1749263811,1803.00000000,0.01380000,1699.0
1749264113,1696.00000000,0.45530000,1695.0
1749264113,1697.00000000,7.54370000,1695.0
1749264113,1698.00000000,16.06020000,1695.0
1749264113,1699.00000000,30.39390000,1695.0
1749264113,1700.00000000,17.37130000,1695.0
1749264113,1701.00000000,15.89920000,1695.0
1749264113,1702.00000000,11.40640000,1695.0
1749264113,1703.00000000,2.47270000,1695.0
1749264113,1704.00000000,2.43640000,1695.0
1749264113,1705.00000000,1.54080000,1695.0
1749264113,1706.00000000,3.08430000,1695.0
1749264113,1707.00000000,1.52300000,1695.0
1749264113,1708.00000000,1.83430000,1695.0
1749264113,1709.00000000,1.93940000,1695.0
1749264113,1710.00000000,1.74760000,1695.0
1749264113,1711.00000000,1.98210000,1695.0
1749264113,1712.00000000,1.46920000,1695.0
1749264113,1713.00000000,1.87330000,1695.0
1749264113,1714.00000000,0.77780000,1695.0
1749264113,1715.00000000,2.81600000,1695.0
1749264113,1716.00000000,0.78570000,1695.0
1749264113,1717.00000000,4.31850000,1695.0
1749264113,1718.00000000,0.81050000,1695.0
1749264113,1719.00000000,0.88590000,1695.0
1749264113,1720.00000000,3.25460000,1695.0
1749264113,1721.00000000,1.54380000,1695.0
1749264113,1722.00000000,0.31900000,1695.0
1749264113,1723.00000000,0.86310000,1695.0
1749264113,1724.00000000,0.30270000,1695.0
1749264113,1725.00000000,0.90890000,1695.0
1749264113,1726.00000000,0.33770000,1695.0
1749264113,1727.00000000,0.90050000,1695.0
1749264113,1728.00000000,0.29190000,1695.0
1749264113,1729.00000000,0.61980000,1695.0
1749264113,1730.00000000,0.01670000,1695.0
1749264113,1731.00000000,0.57070000,1695.0
1749264113,1732.00000000,0.00590000,1695.0
1749264113,1733.00000000,0.58790000,1695.0
1749264113,1734.00000000,0.07940000,1695.0
1749264113,1735.00000000,0.57430000,1695.0
1749264113,1736.00000000,0.01930000,1695.0
1749264113,1737.00000000,0.57070000,1695.0
1749264113,1738.00000000,0.15000000,1695.0
1749264113,1739.00000000,0.57070000,1695.0
1749264113,1740.00000000,1.29420000,1695.0
1749264113,1741.00000000,0.58150000,1695.0
1749264113,1742.00000000,0.01810000,1695.0
1749264113,1743.00000000,0.58600000,1695.0
1749264113,1744.00000000,0.02290000,1695.0
1749264113,1745.00000000,0.57070000,1695.0
1749264113,1746.00000000,0.00950000,1695.0
1749264113,1747.00000000,0.00940000,1695.0
1749264113,1748.00000000,0.41550000,1695.0
1749264113,1749.00000000,0.01330000,1695.0
1749264113,1750.00000000,1.22030000,1695.0
1749264113,1751.00000000,5.77810000,1695.0
1749264113,1752.00000000,0.01760000,1695.0
1749264113,1753.00000000,0.02410000,1695.0
1749264113,1754.00000000,0.02610000,1695.0
1749264113,1755.00000000,0.01860000,1695.0
1749264113,1756.00000000,0.00950000,1695.0
1749264113,1757.00000000,0.00590000,1695.0
1749264113,1758.00000000,0.00590000,1695.0
1749264113,1759.00000000,0.00590000,1695.0
1749264113,1760.00000000,1.07020000,1695.0
1749264113,1761.00000000,0.01040000,1695.0
1749264113,1762.00000000,0.29490000,1695.0
1749264113,1763.00000000,0.43720000,1695.0
1749264113,1764.00000000,0.03400000,1695.0
1749264113,1765.00000000,0.05070000,1695.0
1749264113,1766.00000000,0.08370000,1695.0
1749264113,1767.00000000,0.11590000,1695.0
1749264113,1768.00000000,0.01030000,1695.0
1749264113,1769.00000000,0.07390000,1695.0
1749264113,1770.00000000,0.78460000,1695.0
1749264113,1771.00000000,0.01650000,1695.0
1749264113,1772.00000000,0.57920000,1695.0
1749264113,1773.00000000,0.03140000,1695.0
1749264113,1775.00000000,0.01100000,1695.0
1749264113,1776.00000000,0.00360000,1695.0
1749264113,1777.00000000,0.00880000,1695.0
1749264113,1778.00000000,0.01200000,1695.0
1749264113,1779.00000000,0.05540000,1695.0
1749264113,1780.00000000,0.21880000,1695.0
1749264113,1784.00000000,0.03390000,1695.0
1749264113,1785.00000000,0.00560000,1695.0
1749264113,1786.00000000,0.02300000,1695.0
1749264113,1787.00000000,0.02350000,1695.0
1749264113,1788.00000000,0.02840000,1695.0
1749264113,1789.00000000,0.02810000,1695.0
1749264113,1790.00000000,0.96310000,1695.0
1749264113,1791.00000000,0.03650000,1695.0
1749264113,1792.00000000,0.04870000,1695.0
1749264113,1793.00000000,0.00420000,1695.0
1749264113,1794.00000000,0.02800000,1695.0
1749264113,1795.00000000,0.59300000,1695.0
1749264113,1796.00000000,0.04030000,1695.0
1749264113,1797.00000000,0.00360000,1695.0
1749264113,1798.00000000,0.21500000,1695.0
1749264113,1799.00000000,0.04250000,1695.0
1749264419,1698.00000000,0.94290000,1697.0
1749264419,1699.00000000,10.74950000,1697.0
1749264419,1700.00000000,30.24460000,1697.0
1749264419,1701.00000000,33.73430000,1697.0
1749264419,1702.00000000,19.29460000,1697.0
1749264419,1703.00000000,2.62740000,1697.0
1749264419,1704.00000000,5.15510000,1697.0
1749264419,1705.00000000,1.54080000,1697.0
1749264419,1706.00000000,3.12960000,1697.0
1749264419,1707.00000000,1.52300000,1697.0
1749264419,1708.00000000,2.04650000,1697.0
1749264419,1709.00000000,1.93940000,1697.0
1749264419,1710.00000000,1.53540000,1697.0
1749264419,1711.00000000,1.98210000,1697.0
1749264419,1712.00000000,2.01010000,1697.0
1749264419,1713.00000000,1.87330000,1697.0
1749264419,1714.00000000,0.77780000,1697.0
1749264419,1715.00000000,2.81600000,1697.0
1749264419,1716.00000000,0.78570000,1697.0
1749264419,1717.00000000,3.83940000,1697.0
1749264419,1718.00000000,0.81050000,1697.0
1749264419,1719.00000000,0.88590000,1697.0
1749264419,1720.00000000,0.75460000,1697.0
1749264419,1721.00000000,1.48210000,1697.0
1749264419,1722.00000000,2.81900000,1697.0
1749264419,1723.00000000,0.86310000,1697.0
1749264419,1724.00000000,0.30270000,1697.0
1749264419,1725.00000000,0.90890000,1697.0
1749264419,1726.00000000,0.33770000,1697.0
1749264419,1727.00000000,0.61250000,1697.0
1749264419,1728.00000000,0.29190000,1697.0
1749264419,1729.00000000,0.61980000,1697.0
1749264419,1730.00000000,0.01670000,1697.0
1749264419,1731.00000000,0.57070000,1697.0
1749264419,1732.00000000,0.00590000,1697.0
1749264419,1733.00000000,0.58790000,1697.0
1749264419,1734.00000000,0.07940000,1697.0
1749264419,1735.00000000,0.57430000,1697.0
1749264419,1736.00000000,0.01930000,1697.0
1749264419,1737.00000000,0.57070000,1697.0
1749264419,1738.00000000,0.15000000,1697.0
1749264419,1739.00000000,0.57070000,1697.0
1749264419,1740.00000000,1.29420000,1697.0
1749264419,1741.00000000,0.58150000,1697.0
1749264419,1742.00000000,0.01810000,1697.0
1749264419,1743.00000000,0.58600000,1697.0
1749264419,1744.00000000,0.02290000,1697.0
1749264419,1745.00000000,0.57070000,1697.0
1749264419,1746.00000000,0.00950000,1697.0
1749264419,1747.00000000,0.00940000,1697.0
1749264419,1748.00000000,0.41550000,1697.0
1749264419,1749.00000000,0.01330000,1697.0
1749264419,1750.00000000,1.22030000,1697.0
1749264419,1751.00000000,5.77810000,1697.0
1749264419,1752.00000000,0.01760000,1697.0
1749264419,1753.00000000,0.02410000,1697.0
1749264419,1754.00000000,0.02610000,1697.0
1749264419,1755.00000000,0.01860000,1697.0
1749264419,1756.00000000,0.00950000,1697.0
1749264419,1757.00000000,0.00590000,1697.0
1749264419,1758.00000000,0.00590000,1697.0
1749264419,1759.00000000,0.00590000,1697.0
1749264419,1760.00000000,1.07020000,1697.0
1749264419,1761.00000000,0.01040000,1697.0
1749264419,1762.00000000,0.29490000,1697.0
1749264419,1763.00000000,0.43720000,1697.0
1749264419,1764.00000000,0.03400000,1697.0
1749264419,1765.00000000,0.05070000,1697.0
1749264419,1766.00000000,0.08370000,1697.0
1749264419,1767.00000000,0.11590000,1697.0
1749264419,1768.00000000,0.01030000,1697.0
1749264419,1769.00000000,0.07390000,1697.0
1749264419,1770.00000000,0.78460000,1697.0
1749264419,1771.00000000,0.01650000,1697.0
1749264419,1772.00000000,0.58520000,1697.0
1749264419,1773.00000000,0.03740000,1697.0
1749264419,1775.00000000,0.01100000,1697.0
1749264419,1776.00000000,0.00360000,1697.0
1749264419,1777.00000000,0.00880000,1697.0
1749264419,1778.00000000,0.01200000,1697.0
1749264419,1779.00000000,0.05540000,1697.0
1749264419,1780.00000000,0.21880000,1697.0
1749264419,1784.00000000,0.03390000,1697.0
1749264419,1785.00000000,0.00560000,1697.0
1749264419,1786.00000000,0.02300000,1697.0
1749264419,1787.00000000,0.02350000,1697.0
1749264419,1788.00000000,0.02840000,1697.0
1749264419,1789.00000000,0.02810000,1697.0
1749264419,1790.00000000,0.96310000,1697.0
1749264419,1791.00000000,0.03650000,1697.0
1749264419,1792.00000000,0.04870000,1697.0
1749264419,1793.00000000,0.00420000,1697.0
1749264419,1794.00000000,0.02800000,1697.0
1749264419,1795.00000000,0.59300000,1697.0
1749264419,1796.00000000,0.04030000,1697.0
1749264419,1797.00000000,0.00360000,1697.0
1749264419,1798.00000000,0.21500000,1697.0
1749264419,1799.00000000,0.04250000,1697.0
1749264419,1800.00000000,11.29210000,1697.0
1749264419,1801.00000000,0.01230000,1697.0
1749264721,1697.00000000,0.61200000,1697.0
1749264721,1698.00000000,10.80560000,1697.0
1749264721,1699.00000000,22.23800000,1697.0
1749264721,1700.00000000,27.20950000,1697.0
1749264721,1701.00000000,22.97600000,1697.0
1749264721,1702.00000000,15.87000000,1697.0
1749264721,1703.00000000,5.12590000,1697.0
1749264721,1704.00000000,2.76550000,1697.0
1749264721,1705.00000000,1.54080000,1697.0
1749264721,1706.00000000,3.08050000,1697.0
1749264721,1707.00000000,1.52300000,1697.0
1749264721,1708.00000000,1.83430000,1697.0
1749264721,1709.00000000,1.41300000,1697.0
1749264721,1710.00000000,1.74760000,1697.0
1749264721,1711.00000000,1.98210000,1697.0
1749264721,1712.00000000,2.01010000,1697.0
1749264721,1713.00000000,1.87330000,1697.0
1749264721,1714.00000000,0.83970000,1697.0
1749264721,1715.00000000,2.81600000,1697.0
1749264721,1716.00000000,1.30980000,1697.0
1749264721,1717.00000000,3.77760000,1697.0
1749264721,1718.00000000,0.81050000,1697.0
1749264721,1719.00000000,0.88590000,1697.0
1749264721,1720.00000000,0.75460000,1697.0
1749264721,1721.00000000,1.48210000,1697.0
1749264721,1722.00000000,2.81900000,1697.0
1749264721,1723.00000000,0.86310000,1697.0
1749264721,1724.00000000,0.30270000,1697.0
1749264721,1725.00000000,0.62090000,1697.0
1749264721,1726.00000000,0.04970000,1697.0
1749264721,1727.00000000,0.61250000,1697.0
1749264721,1728.00000000,0.29190000,1697.0
1749264721,1729.00000000,0.61980000,1697.0
1749264721,1730.00000000,0.01670000,1697.0
1749264721,1731.00000000,0.57070000,1697.0
1749264721,1732.00000000,0.00590000,1697.0
1749264721,1733.00000000,0.58790000,1697.0
1749264721,1734.00000000,0.07940000,1697.0
1749264721,1735.00000000,0.57430000,1697.0
1749264721,1736.00000000,0.01930000,1697.0
1749264721,1737.00000000,0.57070000,1697.0
1749264721,1738.00000000,0.15000000,1697.0
1749264721,1739.00000000,0.57070000,1697.0
1749264721,1740.00000000,1.29420000,1697.0
1749264721,1741.00000000,0.58150000,1697.0
1749264721,1742.00000000,0.01810000,1697.0
1749264721,1743.00000000,0.58600000,1697.0
1749264721,1744.00000000,0.02290000,1697.0
1749264721,1745.00000000,0.57070000,1697.0
1749264721,1746.00000000,0.00950000,1697.0
1749264721,1747.00000000,0.00940000,1697.0
1749264721,1748.00000000,0.41550000,1697.0
1749264721,1749.00000000,0.01330000,1697.0
1749264721,1750.00000000,1.22030000,1697.0
1749264721,1751.00000000,5.77810000,1697.0
1749264721,1752.00000000,0.01760000,1697.0
1749264721,1753.00000000,0.02410000,1697.0
1749264721,1754.00000000,0.02610000,1697.0
1749264721,1755.00000000,0.01860000,1697.0
1749264721,1756.00000000,0.00950000,1697.0
1749264721,1757.00000000,0.00590000,1697.0
1749264721,1758.00000000,0.00590000,1697.0
1749264721,1759.00000000,0.00590000,1697.0
1749264721,1760.00000000,1.07020000,1697.0
1749264721,1761.00000000,0.01040000,1697.0
1749264721,1762.00000000,0.29490000,1697.0
1749264721,1763.00000000,0.43720000,1697.0
1749264721,1764.00000000,0.03400000,1697.0
1749264721,1765.00000000,0.05070000,1697.0
1749264721,1766.00000000,0.08370000,1697.0
1749264721,1767.00000000,0.11590000,1697.0
1749264721,1768.00000000,0.01030000,1697.0
1749264721,1769.00000000,0.07390000,1697.0
1749264721,1770.00000000,0.78460000,1697.0
1749264721,1771.00000000,0.01650000,1697.0
1749264721,1772.00000000,0.58520000,1697.0
1749264721,1773.00000000,0.03140000,1697.0
1749264721,1775.00000000,0.01100000,1697.0
1749264721,1776.00000000,0.00360000,1697.0
1749264721,1777.00000000,0.00880000,1697.0
1749264721,1778.00000000,0.01200000,1697.0
1749264721,1779.00000000,0.05540000,1697.0
1749264721,1780.00000000,0.21880000,1697.0
1749264721,1784.00000000,0.03390000,1697.0
1749264721,1785.00000000,0.00560000,1697.0
1749264721,1786.00000000,0.02300000,1697.0
1749264721,1787.00000000,0.02350000,1697.0
1749264721,1788.00000000,0.02840000,1697.0
1749264721,1789.00000000,0.02810000,1697.0
1749264721,1790.00000000,0.96310000,1697.0
1749264721,1791.00000000,0.03650000,1697.0
1749264721,1792.00000000,0.04870000,1697.0
1749264721,1793.00000000,0.00420000,1697.0
1749264721,1794.00000000,0.02800000,1697.0
1749264721,1795.00000000,0.59300000,1697.0
1749264721,1796.00000000,0.04030000,1697.0
1749264721,1797.00000000,0.00360000,1697.0
1749264721,1798.00000000,0.21500000,1697.0
1749264721,1799.00000000,0.04250000,1697.0
1749264721,1800.00000000,11.29210000,1697.0
1749265023,1705.00000000,0.78600000,1704.0
1749265023,1706.00000000,16.60990000,1704.0
1749265023,1707.00000000,33.88690000,1704.0
1749265023,1708.00000000,28.16670000,1704.0
1749265023,1709.00000000,15.37690000,1704.0
1749265023,1710.00000000,3.76960000,1704.0
1749265023,1711.00000000,1.99500000,1704.0
1749265023,1712.00000000,3.32250000,1704.0
1749265023,1713.00000000,1.74410000,1704.0
1749265023,1714.00000000,1.19860000,1704.0
1749265023,1715.00000000,0.96090000,1704.0
1749265023,1716.00000000,1.42100000,1704.0
1749265023,1717.00000000,2.24440000,1704.0
1749265023,1718.00000000,1.38770000,1704.0
1749265023,1719.00000000,1.50830000,1704.0
1749265023,1720.00000000,1.27750000,1704.0
1749265023,1721.00000000,5.04170000,1704.0
1749265023,1722.00000000,0.84130000,1704.0
1749265023,1723.00000000,0.89920000,1704.0
1749265023,1724.00000000,0.30270000,1704.0
1749265023,1725.00000000,0.87450000,1704.0
1749265023,1726.00000000,0.90970000,1704.0
1749265023,1727.00000000,0.90050000,1704.0
1749265023,1728.00000000,3.07990000,1704.0
1749265023,1729.00000000,0.61980000,1704.0
1749265023,1730.00000000,0.05110000,1704.0
1749265023,1731.00000000,0.57070000,1704.0
1749265023,1732.00000000,0.00590000,1704.0
1749265023,1733.00000000,0.58790000,1704.0
1749265023,1734.00000000,0.07940000,1704.0
1749265023,1735.00000000,0.57430000,1704.0
1749265023,1736.00000000,0.01930000,1704.0
1749265023,1737.00000000,0.57070000,1704.0
1749265023,1738.00000000,0.15000000,1704.0
1749265023,1739.00000000,0.57070000,1704.0
1749265023,1740.00000000,1.29420000,1704.0
1749265023,1741.00000000,0.58150000,1704.0
1749265023,1742.00000000,0.01810000,1704.0
1749265023,1743.00000000,0.58600000,1704.0
1749265023,1744.00000000,0.02290000,1704.0
1749265023,1745.00000000,0.57070000,1704.0
1749265023,1746.00000000,0.00950000,1704.0
1749265023,1747.00000000,0.00940000,1704.0
1749265023,1748.00000000,0.41550000,1704.0
1749265023,1749.00000000,0.01330000,1704.0
1749265023,1750.00000000,1.22030000,1704.0
1749265023,1751.00000000,5.77810000,1704.0
1749265023,1752.00000000,0.01760000,1704.0
1749265023,1753.00000000,0.02410000,1704.0
1749265023,1754.00000000,0.02610000,1704.0
1749265023,1755.00000000,0.01860000,1704.0
1749265023,1756.00000000,0.00950000,1704.0
1749265023,1757.00000000,0.00590000,1704.0
1749265023,1758.00000000,0.00590000,1704.0
1749265023,1759.00000000,0.00590000,1704.0
1749265023,1760.00000000,1.07020000,1704.0
1749265023,1761.00000000,0.01040000,1704.0
1749265023,1762.00000000,0.05060000,1704.0
1749265023,1763.00000000,0.43720000,1704.0
1749265023,1764.00000000,0.03400000,1704.0
1749265023,1765.00000000,0.05070000,1704.0
1749265023,1766.00000000,0.08370000,1704.0
1749265023,1767.00000000,0.36020000,1704.0
1749265023,1768.00000000,0.01030000,1704.0
1749265023,1769.00000000,0.07390000,1704.0
1749265023,1770.00000000,0.78460000,1704.0
1749265023,1771.00000000,0.01650000,1704.0
1749265023,1772.00000000,0.00600000,1704.0
1749265023,1773.00000000,0.03740000,1704.0
1749265023,1774.00000000,0.00600000,1704.0
1749265023,1775.00000000,0.01690000,1704.0
1749265023,1776.00000000,0.00950000,1704.0
1749265023,1777.00000000,0.59390000,1704.0
1749265023,1778.00000000,0.01790000,1704.0
1749265023,1779.00000000,0.06130000,1704.0
1749265023,1780.00000000,0.22470000,1704.0
1749265023,1784.00000000,0.03390000,1704.0
1749265023,1785.00000000,0.00560000,1704.0
1749265023,1786.00000000,0.02300000,1704.0
1749265023,1787.00000000,0.02350000,1704.0
1749265023,1788.00000000,0.02840000,1704.0
1749265023,1789.00000000,0.02810000,1704.0
1749265023,1790.00000000,0.96310000,1704.0
1749265023,1791.00000000,0.03650000,1704.0
1749265023,1792.00000000,0.04870000,1704.0
1749265023,1793.00000000,0.00420000,1704.0
1749265023,1794.00000000,0.02800000,1704.0
1749265023,1795.00000000,0.02010000,1704.0
1749265023,1796.00000000,0.04030000,1704.0
1749265023,1797.00000000,0.00360000,1704.0
1749265023,1798.00000000,0.07360000,1704.0
1749265023,1799.00000000,0.04250000,1704.0
1749265023,1800.00000000,11.86500000,1704.0
1749265023,1801.00000000,0.01230000,1704.0
1749265023,1803.00000000,0.15520000,1704.0
1749265023,1804.00000000,0.09450000,1704.0
1749265023,1805.00000000,0.40790000,1704.0
1749265023,1806.00000000,0.01700000,1704.0
1749265023,1807.00000000,0.02520000,1704.0
1749265023,1808.00000000,1.00330000,1704.0
1749265325,1705.00000000,1.63960000,1703.0
1749265325,1706.00000000,11.99290000,1703.0
1749265325,1707.00000000,22.50240000,1703.0
1749265325,1708.00000000,31.73620000,1703.0
1749265325,1709.00000000,24.57580000,1703.0
1749265325,1710.00000000,3.94440000,1703.0
1749265325,1711.00000000,4.14490000,1703.0
1749265325,1712.00000000,3.04970000,1703.0
1749265325,1713.00000000,1.74410000,1703.0
1749265325,1714.00000000,1.25550000,1703.0
1749265325,1715.00000000,0.96090000,1703.0
1749265325,1716.00000000,1.53370000,1703.0
1749265325,1717.00000000,2.18900000,1703.0
1749265325,1718.00000000,1.38770000,1703.0
1749265325,1719.00000000,1.59800000,1703.0
1749265325,1720.00000000,1.27750000,1703.0
1749265325,1721.00000000,5.00640000,1703.0
1749265325,1722.00000000,0.84130000,1703.0
1749265325,1723.00000000,0.86310000,1703.0
1749265325,1724.00000000,0.30270000,1703.0
1749265325,1725.00000000,0.87450000,1703.0
1749265325,1726.00000000,0.94500000,1703.0
1749265325,1727.00000000,0.61250000,1703.0
1749265325,1728.00000000,2.82800000,1703.0
1749265325,1729.00000000,0.58610000,1703.0
1749265325,1730.00000000,0.01670000,1703.0
1749265325,1731.00000000,0.57070000,1703.0
1749265325,1732.00000000,0.00590000,1703.0
1749265325,1733.00000000,0.58790000,1703.0
1749265325,1734.00000000,0.11310000,1703.0
1749265325,1735.00000000,0.60870000,1703.0
1749265325,1736.00000000,0.01930000,1703.0
1749265325,1737.00000000,0.57070000,1703.0
1749265325,1738.00000000,0.15000000,1703.0
1749265325,1739.00000000,0.57070000,1703.0
1749265325,1740.00000000,1.29420000,1703.0
1749265325,1741.00000000,0.58150000,1703.0
1749265325,1742.00000000,0.01810000,1703.0
1749265325,1743.00000000,0.58600000,1703.0
1749265325,1744.00000000,0.02290000,1703.0
1749265325,1745.00000000,0.57070000,1703.0
1749265325,1746.00000000,0.00950000,1703.0
1749265325,1747.00000000,0.00940000,1703.0
1749265325,1748.00000000,0.00590000,1703.0
1749265325,1749.00000000,0.01330000,1703.0
1749265325,1750.00000000,1.22030000,1703.0
1749265325,1751.00000000,5.77810000,1703.0
1749265325,1752.00000000,0.01760000,1703.0
1749265325,1753.00000000,0.43370000,1703.0
1749265325,1754.00000000,0.02610000,1703.0
1749265325,1755.00000000,0.01860000,1703.0
1749265325,1756.00000000,0.00950000,1703.0
1749265325,1757.00000000,0.00590000,1703.0
1749265325,1758.00000000,0.00590000,1703.0
1749265325,1759.00000000,0.00590000,1703.0
1749265325,1760.00000000,1.07020000,1703.0
1749265325,1761.00000000,0.01040000,1703.0
1749265325,1762.00000000,0.05060000,1703.0
1749265325,1763.00000000,0.43720000,1703.0
1749265325,1764.00000000,0.03400000,1703.0
1749265325,1765.00000000,0.05070000,1703.0
1749265325,1766.00000000,0.08370000,1703.0
1749265325,1767.00000000,0.36020000,1703.0
1749265325,1768.00000000,0.01030000,1703.0
1749265325,1769.00000000,0.07390000,1703.0
1749265325,1770.00000000,0.78460000,1703.0
1749265325,1771.00000000,0.01650000,1703.0
1749265325,1772.00000000,0.00600000,1703.0
1749265325,1773.00000000,0.03740000,1703.0
1749265325,1774.00000000,0.00600000,1703.0
1749265325,1775.00000000,0.01690000,1703.0
1749265325,1776.00000000,0.00950000,1703.0
1749265325,1777.00000000,0.59390000,1703.0
1749265325,1778.00000000,0.01790000,1703.0
1749265325,1779.00000000,0.06130000,1703.0
1749265325,1780.00000000,0.22470000,1703.0
1749265325,1784.00000000,0.03390000,1703.0
1749265325,1785.00000000,0.00560000,1703.0
1749265325,1786.00000000,0.02300000,1703.0
1749265325,1787.00000000,0.02350000,1703.0
1749265325,1788.00000000,0.02840000,1703.0
1749265325,1789.00000000,0.02810000,1703.0
1749265325,1790.00000000,0.96310000,1703.0
1749265325,1791.00000000,0.03650000,1703.0
1749265325,1792.00000000,0.04870000,1703.0
1749265325,1793.00000000,0.00420000,1703.0
1749265325,1794.00000000,0.02800000,1703.0
1749265325,1795.00000000,0.02010000,1703.0
1749265325,1796.00000000,0.04030000,1703.0
1749265325,1797.00000000,0.00360000,1703.0
1749265325,1798.00000000,0.07360000,1703.0
1749265325,1799.00000000,0.04250000,1703.0
1749265325,1800.00000000,11.86500000,1703.0
1749265325,1801.00000000,0.01230000,1703.0
1749265325,1803.00000000,0.15520000,1703.0
1749265325,1804.00000000,0.09450000,1703.0
1749265325,1805.00000000,0.40790000,1703.0
1749265325,1806.00000000,0.01700000,1703.0
1749265325,1807.00000000,0.02520000,1703.0
1749265325,1808.00000000,1.00330000,1703.0
1749265626,1709.00000000,4.20370000,1708.0
1749265626,1710.00000000,24.08780000,1708.0
1749265626,1711.00000000,28.02950000,1708.0
1749265626,1712.00000000,19.29770000,1708.0
1749265626,1713.00000000,12.51000000,1708.0
1749265626,1714.00000000,4.69070000,1708.0
1749265626,1715.00000000,1.74880000,1708.0
1749265626,1716.00000000,1.33260000,1708.0
1749265626,1717.00000000,1.38160000,1708.0
1749265626,1718.00000000,3.14010000,1708.0
1749265626,1719.00000000,1.07920000,1708.0
1749265626,1720.00000000,1.37160000,1708.0
1749265626,1721.00000000,0.99960000,1708.0
1749265626,1722.00000000,1.53280000,1708.0
1749265626,1723.00000000,1.47470000,1708.0
1749265626,1724.00000000,0.82440000,1708.0
1749265626,1725.00000000,4.08640000,1708.0
1749265626,1726.00000000,1.43080000,1708.0
1749265626,1727.00000000,2.32100000,1708.0
1749265626,1728.00000000,0.57990000,1708.0
1749265626,1729.00000000,0.87410000,1708.0
1749265626,1730.00000000,0.02110000,1708.0
1749265626,1731.00000000,0.60600000,1708.0
1749265626,1732.00000000,2.50590000,1708.0
1749265626,1733.00000000,0.62400000,1708.0
1749265626,1734.00000000,0.11310000,1708.0
1749265626,1735.00000000,0.60870000,1708.0
1749265626,1736.00000000,0.01930000,1708.0
1749265626,1737.00000000,0.57070000,1708.0
1749265626,1738.00000000,0.15000000,1708.0
1749265626,1739.00000000,0.57070000,1708.0
1749265626,1740.00000000,1.29420000,1708.0
1749265626,1741.00000000,0.58150000,1708.0
1749265626,1742.00000000,0.01810000,1708.0
1749265626,1743.00000000,0.58600000,1708.0
1749265626,1744.00000000,0.02290000,1708.0
1749265626,1745.00000000,0.57070000,1708.0
1749265626,1746.00000000,0.00950000,1708.0
1749265626,1747.00000000,0.00940000,1708.0
1749265626,1748.00000000,0.00590000,1708.0
1749265626,1749.00000000,0.01330000,1708.0
1749265626,1750.00000000,1.22030000,1708.0
1749265626,1751.00000000,5.77810000,1708.0
1749265626,1752.00000000,0.01760000,1708.0
1749265626,1753.00000000,0.43370000,1708.0
1749265626,1754.00000000,0.02610000,1708.0
1749265626,1755.00000000,0.01860000,1708.0
1749265626,1756.00000000,0.00950000,1708.0
1749265626,1757.00000000,0.00590000,1708.0
1749265626,1758.00000000,0.00590000,1708.0
1749265626,1759.00000000,0.00590000,1708.0
1749265626,1760.00000000,1.07020000,1708.0
1749265626,1761.00000000,0.01040000,1708.0
1749265626,1762.00000000,0.05060000,1708.0
1749265626,1763.00000000,0.43720000,1708.0
1749265626,1764.00000000,0.03400000,1708.0
1749265626,1765.00000000,0.05070000,1708.0
1749265626,1766.00000000,0.08370000,1708.0
1749265626,1767.00000000,0.11590000,1708.0
1749265626,1768.00000000,0.01030000,1708.0
1749265626,1769.00000000,0.07390000,1708.0
1749265626,1770.00000000,0.78460000,1708.0
1749265626,1771.00000000,0.01650000,1708.0
1749265626,1772.00000000,0.25030000,1708.0
1749265626,1773.00000000,0.03740000,1708.0
1749265626,1774.00000000,0.00600000,1708.0
1749265626,1775.00000000,0.01690000,1708.0
1749265626,1776.00000000,0.00950000,1708.0
1749265626,1777.00000000,0.01470000,1708.0
1749265626,1778.00000000,0.01790000,1708.0
1749265626,1779.00000000,0.06130000,1708.0
1749265626,1780.00000000,0.22470000,1708.0
1749265626,1781.00000000,0.00590000,1708.0
1749265626,1782.00000000,0.58510000,1708.0
1749265626,1783.00000000,0.00590000,1708.0
1749265626,1784.00000000,0.03980000,1708.0
1749265626,1785.00000000,0.00560000,1708.0
1749265626,1786.00000000,0.02300000,1708.0
1749265626,1787.00000000,0.02350000,1708.0
1749265626,1788.00000000,0.02840000,1708.0
1749265626,1789.00000000,0.02810000,1708.0
1749265626,1790.00000000,0.96310000,1708.0
1749265626,1791.00000000,0.03650000,1708.0
1749265626,1792.00000000,0.04870000,1708.0
1749265626,1793.00000000,0.00420000,1708.0
1749265626,1794.00000000,0.02800000,1708.0
1749265626,1795.00000000,0.02010000,1708.0
1749265626,1796.00000000,0.04030000,1708.0
1749265626,1797.00000000,0.00360000,1708.0
1749265626,1798.00000000,0.07360000,1708.0
1749265626,1799.00000000,0.04250000,1708.0
1749265626,1800.00000000,11.94000000,1708.0
1749265626,1801.00000000,0.01230000,1708.0
1749265626,1803.00000000,0.15520000,1708.0
1749265626,1804.00000000,0.09450000,1708.0
1749265626,1805.00000000,0.98080000,1708.0
1749265626,1806.00000000,0.01700000,1708.0
1749265626,1807.00000000,0.02520000,1708.0
1749265626,1808.00000000,1.00330000,1708.0
1749265626,1809.00000000,0.02780000,1708.0
1749265928,1711.00000000,2.53420000,1710.0
1749265928,1712.00000000,23.67040000,1710.0
1749265928,1713.00000000,19.26730000,1710.0
1749265928,1714.00000000,20.15210000,1710.0
1749265928,1715.00000000,20.67840000,1710.0
1749265928,1716.00000000,1.50220000,1710.0
1749265928,1717.00000000,3.30500000,1710.0
1749265928,1718.00000000,2.86340000,1710.0
1749265928,1719.00000000,1.11660000,1710.0
1749265928,1720.00000000,1.17410000,1710.0
1749265928,1721.00000000,1.72050000,1710.0
1749265928,1722.00000000,1.47180000,1710.0
1749265928,1723.00000000,1.47470000,1710.0
1749265928,1724.00000000,0.91380000,1710.0
1749265928,1725.00000000,1.53560000,1710.0
1749265928,1726.00000000,1.59080000,1710.0
1749265928,1727.00000000,2.32100000,1710.0
1749265928,1728.00000000,0.29190000,1710.0
1749265928,1729.00000000,3.29250000,1710.0
1749265928,1730.00000000,0.02110000,1710.0
1749265928,1731.00000000,0.61040000,1710.0
1749265928,1732.00000000,0.00590000,1710.0
1749265928,1733.00000000,0.62400000,1710.0
1749265928,1734.00000000,2.57940000,1710.0
1749265928,1735.00000000,0.57430000,1710.0
1749265928,1736.00000000,0.01930000,1710.0
1749265928,1737.00000000,0.57070000,1710.0
1749265928,1738.00000000,0.15000000,1710.0
1749265928,1739.00000000,0.60440000,1710.0
1749265928,1740.00000000,1.32860000,1710.0
1749265928,1741.00000000,0.58150000,1710.0
1749265928,1742.00000000,0.01810000,1710.0
1749265928,1743.00000000,0.58600000,1710.0
1749265928,1744.00000000,0.02290000,1710.0
1749265928,1745.00000000,0.57070000,1710.0
1749265928,1746.00000000,0.00950000,1710.0
1749265928,1747.00000000,0.00940000,1710.0
1749265928,1748.00000000,0.00590000,1710.0
1749265928,1749.00000000,0.01330000,1710.0
1749265928,1750.00000000,1.22030000,1710.0
1749265928,1751.00000000,5.77810000,1710.0
1749265928,1752.00000000,0.01760000,1710.0
1749265928,1753.00000000,0.02410000,1710.0
1749265928,1754.00000000,0.02610000,1710.0
1749265928,1755.00000000,0.01860000,1710.0
1749265928,1756.00000000,0.00950000,1710.0
1749265928,1757.00000000,0.00590000,1710.0
1749265928,1758.00000000,0.41550000,1710.0
1749265928,1759.00000000,0.00590000,1710.0
1749265928,1760.00000000,1.07020000,1710.0
1749265928,1761.00000000,0.01040000,1710.0
1749265928,1762.00000000,0.05060000,1710.0
1749265928,1763.00000000,0.43720000,1710.0
1749265928,1764.00000000,0.03400000,1710.0
1749265928,1765.00000000,0.05070000,1710.0
1749265928,1766.00000000,0.08370000,1710.0
1749265928,1767.00000000,0.11590000,1710.0
1749265928,1768.00000000,0.01030000,1710.0
1749265928,1769.00000000,0.07390000,1710.0
1749265928,1770.00000000,0.78460000,1710.0
1749265928,1771.00000000,0.01650000,1710.0
1749265928,1772.00000000,0.25030000,1710.0
1749265928,1773.00000000,0.03740000,1710.0
1749265928,1774.00000000,0.00600000,1710.0
1749265928,1775.00000000,0.01690000,1710.0
1749265928,1776.00000000,0.00950000,1710.0
1749265928,1777.00000000,0.01470000,1710.0
1749265928,1778.00000000,0.01790000,1710.0
1749265928,1779.00000000,0.06130000,1710.0
1749265928,1780.00000000,0.22470000,1710.0
1749265928,1781.00000000,0.00590000,1710.0
1749265928,1782.00000000,0.58510000,1710.0
1749265928,1783.00000000,0.00590000,1710.0
1749265928,1784.00000000,0.03980000,1710.0
1749265928,1785.00000000,0.01150000,1710.0
1749265928,1786.00000000,0.02890000,1710.0
1749265928,1787.00000000,0.02350000,1710.0
1749265928,1788.00000000,0.02840000,1710.0
1749265928,1789.00000000,0.02810000,1710.0
1749265928,1790.00000000,0.96310000,1710.0
1749265928,1791.00000000,0.03650000,1710.0
1749265928,1792.00000000,0.04870000,1710.0
1749265928,1793.00000000,0.00420000,1710.0
1749265928,1794.00000000,0.02800000,1710.0
1749265928,1795.00000000,0.02010000,1710.0
1749265928,1796.00000000,0.04030000,1710.0
1749265928,1797.00000000,0.00360000,1710.0
1749265928,1798.00000000,0.07360000,1710.0
1749265928,1799.00000000,0.04250000,1710.0
1749265928,1800.00000000,11.94000000,1710.0
1749265928,1801.00000000,0.01230000,1710.0
1749265928,1803.00000000,0.15520000,1710.0
1749265928,1804.00000000,0.09450000,1710.0
1749265928,1805.00000000,0.98080000,1710.0
1749265928,1806.00000000,0.01700000,1710.0
1749265928,1807.00000000,0.02520000,1710.0
1749265928,1808.00000000,1.00330000,1710.0
1749265928,1809.00000000,0.02780000,1710.0
1749265928,1810.00000000,1.58700000,1710.0
1749265928,1811.00000000,0.05440000,1710.0
1749266229,1711.00000000,3.28680000,1711.0
1749266229,1712.00000000,10.82000000,1711.0
1749266229,1713.00000000,24.39830000,1711.0
1749266229,1714.00000000,26.27330000,1711.0
1749266229,1715.00000000,20.71110000,1711.0
1749266229,1716.00000000,12.65290000,1711.0
1749266229,1717.00000000,2.83980000,1711.0
1749266229,1718.00000000,1.05410000,1711.0
1749266229,1719.00000000,1.76540000,1711.0
1749266229,1720.00000000,2.44470000,1711.0
1749266229,1721.00000000,1.60120000,1711.0
1749266229,1722.00000000,1.23960000,1711.0
1749266229,1723.00000000,1.01370000,1711.0
1749266229,1724.00000000,0.62580000,1711.0
1749266229,1725.00000000,1.33700000,1711.0
1749266229,1726.00000000,0.82020000,1711.0
1749266229,1727.00000000,2.03300000,1711.0
1749266229,1728.00000000,0.81230000,1711.0
1749266229,1729.00000000,3.81610000,1711.0
1749266229,1730.00000000,0.02110000,1711.0
1749266229,1731.00000000,1.70220000,1711.0
1749266229,1732.00000000,0.01030000,1711.0
1749266229,1733.00000000,0.62840000,1711.0
1749266229,1734.00000000,0.07940000,1711.0
1749266229,1735.00000000,0.57430000,1711.0
1749266229,1736.00000000,2.51930000,1711.0
1749266229,1737.00000000,0.57070000,1711.0
1749266229,1738.00000000,0.15000000,1711.0
1749266229,1739.00000000,0.60440000,1711.0
1749266229,1740.00000000,1.32860000,1711.0
1749266229,1741.00000000,0.58150000,1711.0
1749266229,1742.00000000,0.01810000,1711.0
1749266229,1743.00000000,0.58600000,1711.0
1749266229,1744.00000000,0.02290000,1711.0
1749266229,1745.00000000,0.57070000,1711.0
1749266229,1746.00000000,0.00950000,1711.0
1749266229,1747.00000000,0.00940000,1711.0
1749266229,1748.00000000,0.00590000,1711.0
1749266229,1749.00000000,0.01330000,1711.0
1749266229,1750.00000000,1.22030000,1711.0
1749266229,1751.00000000,5.77810000,1711.0
1749266229,1752.00000000,0.01760000,1711.0
1749266229,1753.00000000,0.02410000,1711.0
1749266229,1754.00000000,0.02610000,1711.0
1749266229,1755.00000000,0.01860000,1711.0
1749266229,1756.00000000,0.00950000,1711.0
1749266229,1757.00000000,0.00590000,1711.0
1749266229,1758.00000000,0.41550000,1711.0
1749266229,1759.00000000,0.00590000,1711.0
1749266229,1760.00000000,1.07020000,1711.0
1749266229,1761.00000000,0.01040000,1711.0
1749266229,1762.00000000,0.05060000,1711.0
1749266229,1763.00000000,0.44170000,1711.0
1749266229,1764.00000000,0.03400000,1711.0
1749266229,1765.00000000,0.05070000,1711.0
1749266229,1766.00000000,0.08370000,1711.0
1749266229,1767.00000000,0.11590000,1711.0
1749266229,1768.00000000,0.01030000,1711.0
1749266229,1769.00000000,0.07390000,1711.0
1749266229,1770.00000000,0.78460000,1711.0
1749266229,1771.00000000,0.01650000,1711.0
1749266229,1772.00000000,0.00600000,1711.0
1749266229,1773.00000000,0.03740000,1711.0
1749266229,1774.00000000,0.00600000,1711.0
1749266229,1775.00000000,0.01690000,1711.0
1749266229,1776.00000000,0.00950000,1711.0
1749266229,1777.00000000,0.25900000,1711.0
1749266229,1778.00000000,0.01790000,1711.0
1749266229,1779.00000000,0.06130000,1711.0
1749266229,1780.00000000,0.22470000,1711.0
1749266229,1781.00000000,0.00590000,1711.0
1749266229,1782.00000000,0.58510000,1711.0
1749266229,1783.00000000,0.00590000,1711.0
1749266229,1784.00000000,0.03980000,1711.0
1749266229,1785.00000000,0.01150000,1711.0
1749266229,1786.00000000,0.02890000,1711.0
1749266229,1787.00000000,0.02350000,1711.0
1749266229,1788.00000000,0.02840000,1711.0
1749266229,1789.00000000,0.02810000,1711.0
1749266229,1790.00000000,0.96310000,1711.0
1749266229,1791.00000000,0.03650000,1711.0
1749266229,1792.00000000,0.04870000,1711.0
1749266229,1793.00000000,0.00420000,1711.0
1749266229,1794.00000000,0.02800000,1711.0
1749266229,1795.00000000,0.02010000,1711.0
1749266229,1796.00000000,0.04030000,1711.0
1749266229,1797.00000000,0.00360000,1711.0
1749266229,1798.00000000,0.07920000,1711.0
1749266229,1799.00000000,0.04250000,1711.0
1749266229,1800.00000000,11.94000000,1711.0
1749266229,1801.00000000,0.01230000,1711.0
1749266229,1803.00000000,0.01380000,1711.0
1749266229,1804.00000000,0.09450000,1711.0
1749266229,1805.00000000,0.98080000,1711.0
1749266229,1806.00000000,0.01700000,1711.0
1749266229,1807.00000000,0.02520000,1711.0
1749266229,1808.00000000,1.14470000,1711.0
1749266229,1809.00000000,0.02780000,1711.0
1749266229,1810.00000000,1.58700000,1711.0
1749266229,1811.00000000,0.05440000,1711.0
1749266531,1704.00000000,1.03290000,1704.0
1749266531,1705.00000000,11.60550000,1704.0
1749266531,1706.00000000,29.05110000,1704.0
1749266531,1707.00000000,27.00540000,1704.0
1749266531,1708.00000000,13.99260000,1704.0
1749266531,1709.00000000,14.94160000,1704.0
1749266531,1710.00000000,2.67580000,1704.0
1749266531,1711.00000000,4.25430000,1704.0
1749266531,1712.00000000,4.19780000,1704.0
1749266531,1713.00000000,2.22040000,1704.0
1749266531,1714.00000000,0.96760000,1704.0
1749266531,1715.00000000,1.81880000,1704.0
1749266531,1716.00000000,1.50340000,1704.0
1749266531,1717.00000000,1.47840000,1704.0
1749266531,1718.00000000,1.16080000,1704.0
1749266531,1719.00000000,1.21530000,1704.0
1749266531,1720.00000000,1.08370000,1704.0
1749266531,1721.00000000,1.23880000,1704.0
1749266531,1722.00000000,1.18830000,1704.0
1749266531,1723.00000000,0.66910000,1704.0
1749266531,1724.00000000,0.01470000,1704.0
1749266531,1725.00000000,3.41130000,1704.0
1749266531,1726.00000000,0.81700000,1704.0
1749266531,1727.00000000,2.03300000,1704.0
1749266531,1728.00000000,2.82800000,1704.0
1749266531,1729.00000000,0.58960000,1704.0
1749266531,1730.00000000,0.02110000,1704.0
1749266531,1731.00000000,0.57510000,1704.0
1749266531,1732.00000000,0.01030000,1704.0
1749266531,1733.00000000,0.59230000,1704.0
1749266531,1734.00000000,0.11310000,1704.0
1749266531,1735.00000000,0.60870000,1704.0
1749266531,1736.00000000,0.01930000,1704.0
1749266531,1737.00000000,0.57070000,1704.0
1749266531,1738.00000000,0.15000000,1704.0
1749266531,1739.00000000,0.57070000,1704.0
1749266531,1740.00000000,1.89360000,1704.0
1749266531,1741.00000000,0.58150000,1704.0
1749266531,1742.00000000,0.01810000,1704.0
1749266531,1743.00000000,0.58600000,1704.0
1749266531,1744.00000000,0.02290000,1704.0
1749266531,1745.00000000,0.57070000,1704.0
1749266531,1746.00000000,0.00950000,1704.0
1749266531,1747.00000000,0.00940000,1704.0
1749266531,1748.00000000,0.00590000,1704.0
1749266531,1749.00000000,0.01330000,1704.0
1749266531,1750.00000000,1.22030000,1704.0
1749266531,1751.00000000,5.77810000,1704.0
1749266531,1752.00000000,0.01760000,1704.0
1749266531,1753.00000000,0.43370000,1704.0
1749266531,1754.00000000,0.02610000,1704.0
1749266531,1755.00000000,0.01860000,1704.0
1749266531,1756.00000000,0.00950000,1704.0
1749266531,1757.00000000,0.00590000,1704.0
1749266531,1758.00000000,0.00590000,1704.0
1749266531,1759.00000000,0.00590000,1704.0
1749266531,1760.00000000,1.07020000,1704.0
1749266531,1761.00000000,0.01040000,1704.0
1749266531,1762.00000000,0.05060000,1704.0
1749266531,1763.00000000,0.44170000,1704.0
1749266531,1764.00000000,0.03400000,1704.0
1749266531,1765.00000000,0.05070000,1704.0
1749266531,1766.00000000,0.08370000,1704.0
1749266531,1767.00000000,0.11590000,1704.0
1749266531,1768.00000000,0.01030000,1704.0
1749266531,1769.00000000,0.07390000,1704.0
1749266531,1770.00000000,0.78460000,1704.0
1749266531,1771.00000000,0.01650000,1704.0
1749266531,1772.00000000,0.25030000,1704.0
1749266531,1773.00000000,0.03740000,1704.0
1749266531,1774.00000000,0.00600000,1704.0
1749266531,1775.00000000,0.01690000,1704.0
1749266531,1776.00000000,0.00950000,1704.0
1749266531,1777.00000000,0.01470000,1704.0
1749266531,1778.00000000,0.01790000,1704.0
1749266531,1779.00000000,0.06130000,1704.0
1749266531,1780.00000000,0.21880000,1704.0
1749266531,1782.00000000,0.57920000,1704.0
1749266531,1784.00000000,0.03390000,1704.0
1749266531,1785.00000000,0.00560000,1704.0
1749266531,1786.00000000,0.02300000,1704.0
1749266531,1787.00000000,0.02350000,1704.0
1749266531,1788.00000000,0.02840000,1704.0
1749266531,1789.00000000,0.02810000,1704.0
1749266531,1790.00000000,0.96310000,1704.0
1749266531,1791.00000000,0.03650000,1704.0
1749266531,1792.00000000,0.04870000,1704.0
1749266531,1793.00000000,0.00420000,1704.0
1749266531,1794.00000000,0.02800000,1704.0
1749266531,1795.00000000,0.02010000,1704.0
1749266531,1796.00000000,0.04030000,1704.0
1749266531,1797.00000000,0.00360000,1704.0
1749266531,1798.00000000,0.07920000,1704.0
1749266531,1799.00000000,0.04250000,1704.0
1749266531,1800.00000000,11.94000000,1704.0
1749266531,1801.00000000,0.01230000,1704.0
1749266531,1803.00000000,0.15520000,1704.0
1749266531,1804.00000000,0.09450000,1704.0
1749266531,1805.00000000,0.98080000,1704.0
1749266531,1806.00000000,0.01700000,1704.0
1749266832,1711.00000000,4.32380000,1709.0
1749266832,1712.00000000,21.79660000,1709.0
1749266832,1713.00000000,34.70200000,1709.0
1749266832,1714.00000000,21.53790000,1709.0
1749266832,1715.00000000,3.82410000,1709.0
1749266832,1716.00000000,1.90910000,1709.0
1749266832,1717.00000000,1.81810000,1709.0
1749266832,1718.00000000,2.37620000,1709.0
1749266832,1719.00000000,1.09260000,1709.0
1749266832,1720.00000000,0.56070000,1709.0
1749266832,1721.00000000,1.29990000,1709.0
1749266832,1722.00000000,0.66590000,1709.0
1749266832,1723.00000000,1.10150000,1709.0
1749266832,1724.00000000,0.53640000,1709.0
1749266832,1725.00000000,4.01490000,1709.0
1749266832,1726.00000000,0.57080000,1709.0
1749266832,1727.00000000,2.03300000,1709.0
1749266832,1728.00000000,0.29190000,1709.0
1749266832,1729.00000000,0.58960000,1709.0
1749266832,1730.00000000,0.02110000,1709.0
1749266832,1731.00000000,1.18240000,1709.0
1749266832,1732.00000000,0.01030000,1709.0
1749266832,1733.00000000,0.62840000,1709.0
1749266832,1734.00000000,2.61310000,1709.0
1749266832,1735.00000000,0.60870000,1709.0
1749266832,1736.00000000,0.01930000,1709.0
1749266832,1737.00000000,0.57070000,1709.0
1749266832,1738.00000000,0.15000000,1709.0
1749266832,1739.00000000,0.57070000,1709.0
1749266832,1740.00000000,1.89360000,1709.0
1749266832,1741.00000000,0.58150000,1709.0
1749266832,1742.00000000,0.01810000,1709.0
1749266832,1743.00000000,0.58600000,1709.0
1749266832,1744.00000000,0.02290000,1709.0
1749266832,1745.00000000,0.57070000,1709.0
1749266832,1746.00000000,0.00950000,1709.0
1749266832,1747.00000000,0.00940000,1709.0
1749266832,1748.00000000,0.00590000,1709.0
1749266832,1749.00000000,0.01330000,1709.0
1749266832,1750.00000000,1.22030000,1709.0
1749266832,1751.00000000,5.77810000,1709.0
1749266832,1752.00000000,0.01760000,1709.0
1749266832,1753.00000000,0.43370000,1709.0
1749266832,1754.00000000,0.02610000,1709.0
1749266832,1755.00000000,0.01860000,1709.0
1749266832,1756.00000000,0.00950000,1709.0
1749266832,1757.00000000,0.00590000,1709.0
1749266832,1758.00000000,0.00590000,1709.0
1749266832,1759.00000000,0.00590000,1709.0
1749266832,1760.00000000,1.07020000,1709.0
1749266832,1761.00000000,0.01040000,1709.0
1749266832,1762.00000000,0.05060000,1709.0
1749266832,1763.00000000,0.44170000,1709.0
1749266832,1764.00000000,0.03400000,1709.0
1749266832,1765.00000000,0.05070000,1709.0
1749266832,1766.00000000,0.08370000,1709.0
1749266832,1767.00000000,0.11590000,1709.0
1749266832,1768.00000000,0.01030000,1709.0
1749266832,1769.00000000,0.07390000,1709.0
1749266832,1770.00000000,0.78460000,1709.0
1749266832,1771.00000000,0.01650000,1709.0
1749266832,1772.00000000,0.25030000,1709.0
1749266832,1773.00000000,0.03740000,1709.0
1749266832,1774.00000000,0.00600000,1709.0
1749266832,1775.00000000,0.01690000,1709.0
1749266832,1776.00000000,0.00950000,1709.0
1749266832,1777.00000000,0.01470000,1709.0
1749266832,1778.00000000,0.01790000,1709.0
1749266832,1779.00000000,0.06130000,1709.0
1749266832,1780.00000000,0.22470000,1709.0
1749266832,1781.00000000,0.00590000,1709.0
1749266832,1782.00000000,0.58510000,1709.0
1749266832,1783.00000000,0.00590000,1709.0
1749266832,1784.00000000,0.03980000,1709.0
1749266832,1785.00000000,0.01150000,1709.0
1749266832,1786.00000000,0.02890000,1709.0
1749266832,1787.00000000,0.02350000,1709.0
1749266832,1788.00000000,0.02840000,1709.0
1749266832,1789.00000000,0.02810000,1709.0
1749266832,1790.00000000,0.96310000,1709.0
1749266832,1791.00000000,0.03650000,1709.0
1749266832,1792.00000000,0.04870000,1709.0
1749266832,1793.00000000,0.00420000,1709.0
1749266832,1794.00000000,0.02800000,1709.0
1749266832,1795.00000000,0.02010000,1709.0
1749266832,1796.00000000,0.04030000,1709.0
1749266832,1797.00000000,0.00360000,1709.0
1749266832,1798.00000000,0.07920000,1709.0
1749266832,1799.00000000,0.04250000,1709.0
1749266832,1800.00000000,11.94000000,1709.0
1749266832,1801.00000000,0.01230000,1709.0
1749266832,1803.00000000,0.01380000,1709.0
1749266832,1804.00000000,0.09450000,1709.0
1749266832,1805.00000000,0.98080000,1709.0
1749266832,1806.00000000,0.01700000,1709.0
1749266832,1807.00000000,0.02520000,1709.0
1749266832,1808.00000000,1.14470000,1709.0
1749266832,1809.00000000,0.02780000,1709.0
1749266832,1810.00000000,1.58700000,1709.0
1749266832,1811.00000000,0.05440000,1709.0
1749267134,1708.00000000,0.99960000,1707.0
1749267134,1709.00000000,8.54200000,1707.0
1749267134,1710.00000000,18.19180000,1707.0
1749267134,1711.00000000,22.43320000,1707.0
1749267134,1712.00000000,21.59260000,1707.0
1749267134,1713.00000000,12.93830000,1707.0
1749267134,1714.00000000,2.76220000,1707.0
1749267134,1715.00000000,1.82990000,1707.0
1749267134,1716.00000000,3.03140000,1707.0
1749267134,1717.00000000,1.75760000,1707.0
1749267134,1718.00000000,0.88920000,1707.0
1749267134,1719.00000000,0.82380000,1707.0
1749267134,1720.00000000,0.62180000,1707.0
1749267134,1721.00000000,1.23880000,1707.0
1749267134,1722.00000000,0.72250000,1707.0
1749267134,1723.00000000,1.19090000,1707.0
1749267134,1724.00000000,0.53640000,1707.0
1749267134,1725.00000000,4.01490000,1707.0
1749267134,1726.00000000,1.14280000,1707.0
1749267134,1727.00000000,2.55380000,1707.0
1749267134,1728.00000000,0.29190000,1707.0
1749267134,1729.00000000,0.58960000,1707.0
1749267134,1730.00000000,0.02110000,1707.0
1749267134,1731.00000000,0.61040000,1707.0
1749267134,1732.00000000,2.51030000,1707.0
1749267134,1733.00000000,0.62840000,1707.0
1749267134,1734.00000000,0.07940000,1707.0
1749267134,1735.00000000,0.60870000,1707.0
1749267134,1736.00000000,0.01930000,1707.0
1749267134,1737.00000000,0.57070000,1707.0
1749267134,1738.00000000,0.15000000,1707.0
1749267134,1739.00000000,0.60440000,1707.0
1749267134,1740.00000000,1.89360000,1707.0
1749267134,1741.00000000,0.58150000,1707.0
1749267134,1742.00000000,0.01810000,1707.0
1749267134,1743.00000000,0.58600000,1707.0
1749267134,1744.00000000,0.02290000,1707.0
1749267134,1745.00000000,0.57070000,1707.0
1749267134,1746.00000000,0.00950000,1707.0
1749267134,1747.00000000,0.00940000,1707.0
1749267134,1748.00000000,0.00590000,1707.0
1749267134,1749.00000000,0.01330000,1707.0
1749267134,1750.00000000,1.22030000,1707.0
1749267134,1751.00000000,5.77810000,1707.0
1749267134,1752.00000000,0.01760000,1707.0
1749267134,1753.00000000,0.43370000,1707.0
1749267134,1754.00000000,0.02610000,1707.0
1749267134,1755.00000000,0.01860000,1707.0
1749267134,1756.00000000,0.00950000,1707.0
1749267134,1757.00000000,0.00590000,1707.0
1749267134,1758.00000000,0.00590000,1707.0
1749267134,1759.00000000,0.00590000,1707.0
1749267134,1760.00000000,1.07020000,1707.0
1749267134,1761.00000000,0.01040000,1707.0
1749267134,1762.00000000,0.05060000,1707.0
1749267134,1763.00000000,0.44170000,1707.0
1749267134,1764.00000000,0.03400000,1707.0
1749267134,1765.00000000,0.05070000,1707.0
1749267134,1766.00000000,0.08370000,1707.0
1749267134,1767.00000000,0.11590000,1707.0
1749267134,1768.00000000,0.01030000,1707.0
1749267134,1769.00000000,0.07390000,1707.0
1749267134,1770.00000000,0.78460000,1707.0
1749267134,1771.00000000,0.01650000,1707.0
1749267134,1772.00000000,0.25030000,1707.0
1749267134,1773.00000000,0.03740000,1707.0
1749267134,1774.00000000,0.00600000,1707.0
1749267134,1775.00000000,0.01690000,1707.0
1749267134,1776.00000000,0.00950000,1707.0
1749267134,1777.00000000,0.01470000,1707.0
1749267134,1778.00000000,0.01790000,1707.0
1749267134,1779.00000000,0.06130000,1707.0
1749267134,1780.00000000,0.22470000,1707.0
1749267134,1781.00000000,0.00590000,1707.0
1749267134,1782.00000000,0.58510000,1707.0
1749267134,1783.00000000,0.00590000,1707.0
1749267134,1784.00000000,0.03390000,1707.0
1749267134,1785.00000000,0.00560000,1707.0
1749267134,1786.00000000,0.02300000,1707.0
1749267134,1787.00000000,0.02350000,1707.0
1749267134,1788.00000000,0.02840000,1707.0
1749267134,1789.00000000,0.02810000,1707.0
1749267134,1790.00000000,0.96310000,1707.0
1749267134,1791.00000000,0.03650000,1707.0
1749267134,1792.00000000,0.04870000,1707.0
1749267134,1793.00000000,0.00420000,1707.0
1749267134,1794.00000000,0.02800000,1707.0
1749267134,1795.00000000,0.02010000,1707.0
1749267134,1796.00000000,0.04030000,1707.0
1749267134,1797.00000000,0.00360000,1707.0
1749267134,1798.00000000,0.07920000,1707.0
1749267134,1799.00000000,0.04250000,1707.0
1749267134,1800.00000000,11.94000000,1707.0
1749267134,1801.00000000,0.01230000,1707.0
1749267134,1803.00000000,0.01380000,1707.0
1749267134,1804.00000000,0.09450000,1707.0
1749267134,1805.00000000,0.98080000,1707.0
1749267134,1806.00000000,0.01700000,1707.0
1749267134,1807.00000000,0.02520000,1707.0
1749267134,1808.00000000,1.14470000,1707.0
1749267436,1706.00000000,0.42820000,1706.0
1749267436,1707.00000000,8.64600000,1706.0
1749267436,1708.00000000,23.33030000,1706.0
1749267436,1709.00000000,23.60510000,1706.0
1749267436,1710.00000000,17.84200000,1706.0
1749267436,1711.00000000,9.14520000,1706.0
1749267436,1712.00000000,5.09060000,1706.0
1749267436,1713.00000000,2.73560000,1706.0
1749267436,1714.00000000,2.46410000,1706.0
1749267436,1715.00000000,1.81160000,1706.0
1749267436,1716.00000000,1.53010000,1706.0
1749267436,1717.00000000,1.35760000,1706.0
1749267436,1718.00000000,1.56980000,1706.0
1749267436,1719.00000000,1.27190000,1706.0
1749267436,1720.00000000,1.08380000,1706.0
1749267436,1721.00000000,1.23880000,1706.0
1749267436,1722.00000000,0.66590000,1706.0
1749267436,1723.00000000,1.19090000,1706.0
1749267436,1724.00000000,0.59740000,1706.0
1749267436,1725.00000000,3.49350000,1706.0
1749267436,1726.00000000,0.65700000,1706.0
1749267436,1727.00000000,2.03300000,1706.0
1749267436,1728.00000000,0.32800000,1706.0
1749267436,1729.00000000,3.08960000,1706.0
1749267436,1730.00000000,0.02110000,1706.0
1749267436,1731.00000000,0.57510000,1706.0
1749267436,1732.00000000,0.01030000,1706.0
1749267436,1733.00000000,0.59230000,1706.0
1749267436,1734.00000000,0.11310000,1706.0
1749267436,1735.00000000,0.60870000,1706.0
1749267436,1736.00000000,0.01930000,1706.0
1749267436,1737.00000000,0.57070000,1706.0
1749267436,1738.00000000,0.15000000,1706.0
1749267436,1739.00000000,0.57070000,1706.0
1749267436,1740.00000000,1.89360000,1706.0
1749267436,1741.00000000,0.58150000,1706.0
1749267436,1742.00000000,0.01810000,1706.0
1749267436,1743.00000000,0.58600000,1706.0
1749267436,1744.00000000,0.02290000,1706.0
1749267436,1745.00000000,0.57070000,1706.0
1749267436,1746.00000000,0.00950000,1706.0
1749267436,1747.00000000,0.00940000,1706.0
1749267436,1748.00000000,0.00590000,1706.0
1749267436,1749.00000000,0.01330000,1706.0
1749267436,1750.00000000,1.22030000,1706.0
1749267436,1751.00000000,5.77810000,1706.0
1749267436,1752.00000000,0.01760000,1706.0
1749267436,1753.00000000,0.43370000,1706.0
1749267436,1754.00000000,0.02610000,1706.0
1749267436,1755.00000000,0.01860000,1706.0
1749267436,1756.00000000,0.00950000,1706.0
1749267436,1757.00000000,0.00590000,1706.0
1749267436,1758.00000000,0.00590000,1706.0
1749267436,1759.00000000,0.00590000,1706.0
1749267436,1760.00000000,1.07020000,1706.0
1749267436,1761.00000000,0.01040000,1706.0
1749267436,1762.00000000,0.05060000,1706.0
1749267436,1763.00000000,0.44170000,1706.0
1749267436,1764.00000000,0.03400000,1706.0
1749267436,1765.00000000,0.05070000,1706.0
1749267436,1766.00000000,0.08370000,1706.0
1749267436,1767.00000000,0.11590000,1706.0
1749267436,1768.00000000,0.01030000,1706.0
1749267436,1769.00000000,0.07390000,1706.0
1749267436,1770.00000000,0.78460000,1706.0
1749267436,1771.00000000,0.01650000,1706.0
1749267436,1772.00000000,0.25030000,1706.0
1749267436,1773.00000000,0.03740000,1706.0
