timestamp,price,volume,current_price
1749260799,0.13730000,5715.00000000,0.1373
1749260799,0.13740000,33094.30000000,0.1373
1749260799,0.13750000,49661.90000000,0.1373
1749260799,0.13760000,49721.30000000,0.1373
1749260799,0.13770000,25310.50000000,0.1373
1749260799,0.13780000,28759.50000000,0.1373
1749260799,0.13790000,24967.20000000,0.1373
1749260799,0.13800000,20900.00000000,0.1373
1749260799,0.13810000,22266.60000000,0.1373
1749260799,0.13820000,9381.60000000,0.1373
1749260799,0.13830000,14452.90000000,0.1373
1749260799,0.13840000,23774.10000000,0.1373
1749260799,0.13850000,15842.20000000,0.1373
1749260799,0.13860000,9213.10000000,0.1373
1749260799,0.13870000,12009.20000000,0.1373
1749260799,0.13880000,8418.30000000,0.1373
1749260799,0.13890000,12009.00000000,0.1373
1749260799,0.13900000,8418.30000000,0.1373
1749260799,0.13910000,12010.00000000,0.1373
1749260799,0.13920000,8364.80000000,0.1373
1749260799,0.13930000,11955.50000000,0.1373
1749260799,0.13940000,2619.70000000,0.1373
1749260799,0.13950000,11955.40000000,0.1373
1749260799,0.13960000,8364.70000000,0.1373
1749260799,0.13970000,11955.40000000,0.1373
1749260799,0.13980000,10531.30000000,0.1373
1749260799,0.13990000,15338.30000000,0.1373
1749260799,0.14000000,374.40000000,0.1373
1749260799,0.14010000,9840.00000000,0.1373
1749260799,0.14020000,6207.00000000,0.1373
1749260799,0.14030000,9390.10000000,0.1373
1749260799,0.14040000,54.30000000,0.1373
1749260799,0.14050000,9390.00000000,0.1373
1749260799,0.14060000,94.00000000,0.1373
1749260799,0.14070000,3708.90000000,0.1373
1749260799,0.14080000,54.10000000,0.1373
1749260799,0.14090000,3644.80000000,0.1373
1749260799,0.14100000,54.00000000,0.1373
1749260799,0.14110000,4490.90000000,0.1373
1749260799,0.14130000,8710.70000000,0.1373
1749260799,0.14140000,7073.50000000,0.1373
1749260799,0.14160000,56.50000000,0.1373
1749260799,0.14240000,56.20000000,0.1373
1749260799,0.14260000,217.40000000,0.1373
1749260799,0.14280000,7473.10000000,0.1373
1749260799,0.14300000,69.90000000,0.1373
1749260799,0.14310000,10947.90000000,0.1373
1749260799,0.14330000,315.20000000,0.1373
1749260799,0.14340000,83.70000000,0.1373
1749260799,0.14360000,69.60000000,0.1373
1749260799,0.14390000,38.90000000,0.1373
1749260799,0.14400000,6975.50000000,0.1373
1749260799,0.14410000,69.40000000,0.1373
1749260799,0.14440000,1766.40000000,0.1373
1749260799,0.14500000,14637.90000000,0.1373
1749260799,0.14530000,43.80000000,0.1373
1749260799,0.14540000,213.30000000,0.1373
1749260799,0.14550000,1932.50000000,0.1373
1749260799,0.14570000,103.90000000,0.1373
1749260799,0.14720000,37.30000000,0.1373
1749260799,0.14750000,75.30000000,0.1373
1749260799,0.14830000,209.10000000,0.1373
1749260799,0.14950000,250.00000000,0.1373
1749260799,0.14990000,40.00000000,0.1373
1749260799,0.15000000,7155.70000000,0.1373
1749260799,0.15100000,55.00000000,0.1373
1749260799,0.15130000,204.90000000,0.1373
1749260799,0.15150000,37.00000000,0.1373
1749260799,0.15200000,119.30000000,0.1373
1749260799,0.15240000,34.50000000,0.1373
1749260799,0.15250000,468.70000000,0.1373
1749260799,0.15300000,4268.20000000,0.1373
1749260799,0.15350000,42.30000000,0.1373
1749260799,0.15380000,65.50000000,0.1373
1749260799,0.15430000,201.00000000,0.1373
1749260799,0.15500000,6575.20000000,0.1373
1749260799,0.15510000,235432.80000000,0.1373
1749260799,0.15530000,130.80000000,0.1373
1749260799,0.15580000,35.90000000,0.1373
1749260799,0.15670000,1894.50000000,0.1373
1749260799,0.15710000,47.70000000,0.1373
1749260799,0.15740000,197.00000000,0.1373
1749260799,0.15780000,1004.70000000,0.1373
1749260799,0.15800000,811.30000000,0.1373
1749260799,0.15900000,1257.80000000,0.1373
1749260799,0.15990000,176.60000000,0.1373
1749260799,0.16000000,6083.30000000,0.1373
1749260799,0.16050000,193.20000000,0.1373
1749260799,0.16080000,33.20000000,0.1373
1749260799,0.16100000,35.20000000,0.1373
1749260799,0.16140000,5365.80000000,0.1373
1749260799,0.16170000,66.10000000,0.1373
1749260799,0.16180000,951.90000000,0.1373
1749260799,0.16190000,52.50000000,0.1373
1749260799,0.16200000,6429.00000000,0.1373
1749260799,0.16270000,22136.70000000,0.1373
1749260799,0.16290000,30.70000000,0.1373
1749260799,0.16300000,426.70000000,0.1373
1749260799,0.16350000,51.80000000,0.1373
1749260799,0.16380000,189.30000000,0.1373
1749261119,0.13730000,8660.00000000,0.1373
1749261119,0.13740000,34549.50000000,0.1373
1749261119,0.13750000,45349.90000000,0.1373
1749261119,0.13760000,55563.90000000,0.1373
1749261119,0.13770000,38120.70000000,0.1373
1749261119,0.13780000,28161.80000000,0.1373
1749261119,0.13790000,24967.20000000,0.1373
1749261119,0.13800000,22265.80000000,0.1373
1749261119,0.13810000,22266.60000000,0.1373
1749261119,0.13820000,14738.00000000,0.1373
1749261119,0.13830000,23337.80000000,0.1373
1749261119,0.13840000,19968.70000000,0.1373
1749261119,0.13850000,18243.60000000,0.1373
1749261119,0.13860000,9213.10000000,0.1373
1749261119,0.13870000,12009.20000000,0.1373
1749261119,0.13880000,8418.30000000,0.1373
1749261119,0.13890000,12009.00000000,0.1373
1749261119,0.13900000,8418.30000000,0.1373
1749261119,0.13910000,12010.00000000,0.1373
1749261119,0.13920000,8364.80000000,0.1373
1749261119,0.13930000,11955.50000000,0.1373
1749261119,0.13940000,2619.70000000,0.1373
1749261119,0.13950000,11955.40000000,0.1373
1749261119,0.13960000,8364.70000000,0.1373
1749261119,0.13970000,13554.70000000,0.1373
1749261119,0.13980000,6025.70000000,0.1373
1749261119,0.13990000,15338.30000000,0.1373
1749261119,0.14000000,374.40000000,0.1373
1749261119,0.14010000,9840.00000000,0.1373
1749261119,0.14020000,6548.30000000,0.1373
1749261119,0.14030000,9390.10000000,0.1373
1749261119,0.14040000,54.30000000,0.1373
1749261119,0.14050000,9390.00000000,0.1373
1749261119,0.14060000,94.00000000,0.1373
1749261119,0.14070000,3708.90000000,0.1373
1749261119,0.14080000,54.10000000,0.1373
1749261119,0.14090000,3644.80000000,0.1373
1749261119,0.14100000,54.00000000,0.1373
1749261119,0.14110000,3590.70000000,0.1373
1749261119,0.14130000,7003.80000000,0.1373
1749261119,0.14140000,7073.50000000,0.1373
1749261119,0.14150000,900.20000000,0.1373
1749261119,0.14160000,56.50000000,0.1373
1749261119,0.14170000,1706.90000000,0.1373
1749261119,0.14240000,56.20000000,0.1373
1749261119,0.14260000,217.40000000,0.1373
1749261119,0.14280000,7473.10000000,0.1373
1749261119,0.14300000,69.90000000,0.1373
1749261119,0.14310000,10947.90000000,0.1373
1749261119,0.14330000,315.20000000,0.1373
1749261119,0.14340000,83.70000000,0.1373
1749261119,0.14360000,69.60000000,0.1373
1749261119,0.14390000,38.90000000,0.1373
1749261119,0.14410000,69.40000000,0.1373
1749261119,0.14440000,8741.90000000,0.1373
1749261119,0.14500000,14637.90000000,0.1373
1749261119,0.14530000,43.80000000,0.1373
1749261119,0.14540000,213.30000000,0.1373
1749261119,0.14550000,250.00000000,0.1373
1749261119,0.14560000,1682.50000000,0.1373
1749261119,0.14570000,103.90000000,0.1373
1749261119,0.14720000,37.30000000,0.1373
1749261119,0.14750000,75.30000000,0.1373
1749261119,0.14830000,209.10000000,0.1373
1749261119,0.14950000,250.00000000,0.1373
1749261119,0.14990000,40.00000000,0.1373
1749261119,0.15000000,7155.70000000,0.1373
1749261119,0.15100000,55.00000000,0.1373
1749261119,0.15130000,204.90000000,0.1373
1749261119,0.15150000,37.00000000,0.1373
1749261119,0.15200000,119.30000000,0.1373
1749261119,0.15240000,34.50000000,0.1373
1749261119,0.15250000,468.70000000,0.1373
1749261119,0.15300000,4268.20000000,0.1373
1749261119,0.15350000,42.30000000,0.1373
1749261119,0.15380000,65.50000000,0.1373
1749261119,0.15430000,201.00000000,0.1373
1749261119,0.15500000,6575.20000000,0.1373
1749261119,0.15510000,235432.80000000,0.1373
1749261119,0.15530000,130.80000000,0.1373
1749261119,0.15580000,35.90000000,0.1373
1749261119,0.15670000,1894.50000000,0.1373
1749261119,0.15710000,47.70000000,0.1373
1749261119,0.15740000,197.00000000,0.1373
1749261119,0.15780000,1004.70000000,0.1373
1749261119,0.15800000,811.30000000,0.1373
1749261119,0.15900000,1257.80000000,0.1373
1749261119,0.15990000,176.60000000,0.1373
1749261119,0.16000000,6083.30000000,0.1373
1749261119,0.16050000,193.20000000,0.1373
1749261119,0.16080000,33.20000000,0.1373
1749261119,0.16100000,35.20000000,0.1373
1749261119,0.16140000,5365.80000000,0.1373
1749261119,0.16170000,66.10000000,0.1373
1749261119,0.16180000,951.90000000,0.1373
1749261119,0.16190000,52.50000000,0.1373
1749261119,0.16200000,6429.00000000,0.1373
1749261119,0.16270000,22136.70000000,0.1373
1749261119,0.16290000,30.70000000,0.1373
1749261119,0.16300000,426.70000000,0.1373
1749261437,0.13740000,11279.70000000,0.1373
1749261437,0.13750000,36179.50000000,0.1373
1749261437,0.13760000,55412.20000000,0.1373
1749261437,0.13770000,58661.50000000,0.1373
1749261437,0.13780000,21715.40000000,0.1373
1749261437,0.13790000,32218.80000000,0.1373
1749261437,0.13800000,21009.90000000,0.1373
1749261437,0.13810000,22266.60000000,0.1373
1749261437,0.13820000,17579.50000000,0.1373
1749261437,0.13830000,12504.50000000,0.1373
1749261437,0.13840000,20932.60000000,0.1373
1749261437,0.13850000,18288.00000000,0.1373
1749261437,0.13860000,9213.10000000,0.1373
1749261437,0.13870000,12009.20000000,0.1373
1749261437,0.13880000,8418.30000000,0.1373
1749261437,0.13890000,12009.00000000,0.1373
1749261437,0.13900000,8418.30000000,0.1373
1749261437,0.13910000,12010.00000000,0.1373
1749261437,0.13920000,8364.80000000,0.1373
1749261437,0.13930000,11955.50000000,0.1373
1749261437,0.13940000,2619.70000000,0.1373
1749261437,0.13950000,11955.40000000,0.1373
1749261437,0.13960000,8364.70000000,0.1373
1749261437,0.13970000,11955.40000000,0.1373
1749261437,0.13980000,10531.30000000,0.1373
1749261437,0.13990000,15338.30000000,0.1373
1749261437,0.14000000,374.40000000,0.1373
1749261437,0.14010000,9840.00000000,0.1373
1749261437,0.14020000,6207.00000000,0.1373
1749261437,0.14030000,9390.10000000,0.1373
1749261437,0.14040000,54.30000000,0.1373
1749261437,0.14050000,9390.00000000,0.1373
1749261437,0.14060000,94.00000000,0.1373
1749261437,0.14070000,3708.90000000,0.1373
1749261437,0.14080000,54.10000000,0.1373
1749261437,0.14090000,3644.80000000,0.1373
1749261437,0.14100000,54.00000000,0.1373
1749261437,0.14110000,3590.70000000,0.1373
1749261437,0.14130000,8710.70000000,0.1373
1749261437,0.14140000,7073.50000000,0.1373
1749261437,0.14150000,900.20000000,0.1373
1749261437,0.14160000,56.50000000,0.1373
1749261437,0.14240000,56.20000000,0.1373
1749261437,0.14260000,217.40000000,0.1373
1749261437,0.14280000,7473.10000000,0.1373
1749261437,0.14300000,69.90000000,0.1373
1749261437,0.14310000,10947.90000000,0.1373
1749261437,0.14330000,315.20000000,0.1373
1749261437,0.14340000,83.70000000,0.1373
1749261437,0.14360000,69.60000000,0.1373
1749261437,0.14390000,38.90000000,0.1373
1749261437,0.14410000,69.40000000,0.1373
1749261437,0.14440000,8741.90000000,0.1373
1749261437,0.14500000,14637.90000000,0.1373
1749261437,0.14530000,43.80000000,0.1373
1749261437,0.14540000,213.30000000,0.1373
1749261437,0.14560000,1932.50000000,0.1373
1749261437,0.14570000,103.90000000,0.1373
1749261437,0.14720000,37.30000000,0.1373
1749261437,0.14750000,75.30000000,0.1373
1749261437,0.14830000,209.10000000,0.1373
1749261437,0.14950000,250.00000000,0.1373
1749261437,0.14990000,40.00000000,0.1373
1749261437,0.15000000,7155.70000000,0.1373
1749261437,0.15100000,55.00000000,0.1373
1749261437,0.15130000,204.90000000,0.1373
1749261437,0.15150000,37.00000000,0.1373
1749261437,0.15200000,119.30000000,0.1373
1749261437,0.15240000,34.50000000,0.1373
1749261437,0.15250000,468.70000000,0.1373
1749261437,0.15300000,4268.20000000,0.1373
1749261437,0.15350000,42.30000000,0.1373
1749261437,0.15380000,65.50000000,0.1373
1749261437,0.15430000,201.00000000,0.1373
1749261437,0.15500000,6575.20000000,0.1373
1749261437,0.15510000,235432.80000000,0.1373
1749261437,0.15530000,130.80000000,0.1373
1749261437,0.15580000,35.90000000,0.1373
1749261437,0.15670000,1894.50000000,0.1373
1749261437,0.15710000,47.70000000,0.1373
1749261437,0.15740000,197.00000000,0.1373
1749261437,0.15780000,1004.70000000,0.1373
1749261437,0.15800000,811.30000000,0.1373
1749261437,0.15900000,1257.80000000,0.1373
1749261437,0.15990000,176.60000000,0.1373
1749261437,0.16000000,6083.30000000,0.1373
1749261437,0.16050000,193.20000000,0.1373
1749261437,0.16080000,33.20000000,0.1373
1749261437,0.16100000,35.20000000,0.1373
1749261437,0.16140000,5365.80000000,0.1373
1749261437,0.16170000,66.10000000,0.1373
1749261437,0.16180000,951.90000000,0.1373
1749261437,0.16190000,52.50000000,0.1373
1749261437,0.16200000,6429.00000000,0.1373
1749261437,0.16270000,22136.70000000,0.1373
1749261437,0.16290000,30.70000000,0.1373
1749261437,0.16300000,426.70000000,0.1373
1749261437,0.16350000,51.80000000,0.1373
1749261437,0.16380000,189.30000000,0.1373
1749261437,0.16390000,1401.00000000,0.1373
1749261748,0.13710000,24227.10000000,0.1371
1749261748,0.13720000,35142.20000000,0.1371
1749261748,0.13730000,49342.60000000,0.1371
1749261748,0.13740000,63955.40000000,0.1371
1749261748,0.13750000,33956.80000000,0.1371
1749261748,0.13760000,20298.30000000,0.1371
1749261748,0.13770000,21482.30000000,0.1371
1749261748,0.13780000,18919.40000000,0.1371
1749261748,0.13790000,24857.90000000,0.1371
1749261748,0.13800000,23053.60000000,0.1371
1749261748,0.13810000,26889.70000000,0.1371
1749261748,0.13820000,8418.90000000,0.1371
1749261748,0.13830000,14417.80000000,0.1371
1749261748,0.13840000,8418.70000000,0.1371
1749261748,0.13850000,16336.70000000,0.1371
1749261748,0.13860000,9213.10000000,0.1371
1749261748,0.13870000,12009.20000000,0.1371
1749261748,0.13880000,8418.30000000,0.1371
1749261748,0.13890000,12009.00000000,0.1371
1749261748,0.13900000,8418.30000000,0.1371
1749261748,0.13910000,12010.00000000,0.1371
1749261748,0.13920000,8364.80000000,0.1371
1749261748,0.13930000,11955.50000000,0.1371
1749261748,0.13940000,3069.50000000,0.1371
1749261748,0.13950000,11955.40000000,0.1371
1749261748,0.13960000,9964.00000000,0.1371
1749261748,0.13970000,11955.40000000,0.1371
1749261748,0.13980000,8932.00000000,0.1371
1749261748,0.13990000,15338.30000000,0.1371
1749261748,0.14000000,374.40000000,0.1371
1749261748,0.14010000,9390.20000000,0.1371
1749261748,0.14020000,6207.00000000,0.1371
1749261748,0.14030000,9390.10000000,0.1371
1749261748,0.14040000,54.30000000,0.1371
1749261748,0.14050000,9390.00000000,0.1371
1749261748,0.14060000,94.00000000,0.1371
1749261748,0.14070000,3708.90000000,0.1371
1749261748,0.14080000,54.10000000,0.1371
1749261748,0.14090000,3644.80000000,0.1371
1749261748,0.14100000,54.00000000,0.1371
1749261748,0.14110000,4490.90000000,0.1371
1749261748,0.14130000,8710.70000000,0.1371
1749261748,0.14140000,7073.50000000,0.1371
1749261748,0.14160000,56.50000000,0.1371
1749261748,0.14240000,56.20000000,0.1371
1749261748,0.14260000,217.40000000,0.1371
1749261748,0.14280000,7473.10000000,0.1371
1749261748,0.14300000,69.90000000,0.1371
1749261748,0.14310000,10947.90000000,0.1371
1749261748,0.14330000,315.20000000,0.1371
1749261748,0.14340000,83.70000000,0.1371
1749261748,0.14360000,69.60000000,0.1371
1749261748,0.14390000,38.90000000,0.1371
1749261748,0.14410000,69.40000000,0.1371
1749261748,0.14440000,8741.90000000,0.1371
1749261748,0.14500000,14637.90000000,0.1371
1749261748,0.14530000,293.80000000,0.1371
1749261748,0.14540000,213.30000000,0.1371
1749261748,0.14560000,1682.50000000,0.1371
1749261748,0.14570000,103.90000000,0.1371
1749261748,0.14720000,37.30000000,0.1371
1749261748,0.14750000,75.30000000,0.1371
1749261748,0.14830000,209.10000000,0.1371
1749261748,0.14950000,250.00000000,0.1371
1749261748,0.14990000,40.00000000,0.1371
1749261748,0.15000000,7155.70000000,0.1371
1749261748,0.15100000,55.00000000,0.1371
1749261748,0.15130000,204.90000000,0.1371
1749261748,0.15150000,37.00000000,0.1371
1749261748,0.15200000,119.30000000,0.1371
1749261748,0.15240000,34.50000000,0.1371
1749261748,0.15250000,468.70000000,0.1371
1749261748,0.15300000,4268.20000000,0.1371
1749261748,0.15350000,42.30000000,0.1371
1749261748,0.15380000,65.50000000,0.1371
1749261748,0.15430000,201.00000000,0.1371
1749261748,0.15500000,6575.20000000,0.1371
1749261748,0.15510000,235432.80000000,0.1371
1749261748,0.15530000,130.80000000,0.1371
1749261748,0.15580000,35.90000000,0.1371
1749261748,0.15670000,1894.50000000,0.1371
1749261748,0.15710000,47.70000000,0.1371
1749261748,0.15740000,197.00000000,0.1371
1749261748,0.15780000,1004.70000000,0.1371
1749261748,0.15800000,811.30000000,0.1371
1749261748,0.15900000,1257.80000000,0.1371
1749261748,0.15990000,176.60000000,0.1371
1749261748,0.16000000,6083.30000000,0.1371
1749261748,0.16050000,193.20000000,0.1371
1749261748,0.16080000,33.20000000,0.1371
1749261748,0.16100000,35.20000000,0.1371
1749261748,0.16140000,5365.80000000,0.1371
1749261748,0.16170000,66.10000000,0.1371
1749261748,0.16180000,951.90000000,0.1371
1749261748,0.16190000,52.50000000,0.1371
1749261748,0.16200000,6429.00000000,0.1371
1749261748,0.16270000,22136.70000000,0.1371
1749261748,0.16290000,30.70000000,0.1371
1749261748,0.16300000,426.70000000,0.1371
1749261748,0.16350000,51.80000000,0.1371
1749262055,0.13720000,25096.60000000,0.1371
1749262055,0.13730000,31518.10000000,0.1371
1749262055,0.13740000,69359.10000000,0.1371
1749262055,0.13750000,33785.90000000,0.1371
1749262055,0.13760000,29934.00000000,0.1371
1749262055,0.13770000,21482.30000000,0.1371
1749262055,0.13780000,22909.10000000,0.1371
1749262055,0.13790000,22179.60000000,0.1371
1749262055,0.13800000,10104.40000000,0.1371
1749262055,0.13810000,24771.40000000,0.1371
1749262055,0.13820000,8418.90000000,0.1371
1749262055,0.13830000,14658.60000000,0.1371
1749262055,0.13840000,8418.70000000,0.1371
1749262055,0.13850000,15842.20000000,0.1371
1749262055,0.13860000,9213.10000000,0.1371
1749262055,0.13870000,12009.20000000,0.1371
1749262055,0.13880000,8418.30000000,0.1371
1749262055,0.13890000,12009.00000000,0.1371
1749262055,0.13900000,8364.20000000,0.1371
1749262055,0.13910000,11955.60000000,0.1371
1749262055,0.13920000,8364.80000000,0.1371
1749262055,0.13930000,11955.50000000,0.1371
1749262055,0.13940000,504.50000000,0.1371
1749262055,0.13950000,9390.40000000,0.1371
1749262055,0.13960000,7399.00000000,0.1371
1749262055,0.13970000,9390.40000000,0.1371
1749262055,0.13980000,6367.00000000,0.1371
1749262055,0.13990000,15338.30000000,0.1371
1749262055,0.14000000,374.40000000,0.1371
1749262055,0.14010000,9390.20000000,0.1371
1749262055,0.14020000,6207.00000000,0.1371
1749262055,0.14030000,9390.10000000,0.1371
1749262055,0.14040000,54.30000000,0.1371
1749262055,0.14050000,9390.00000000,0.1371
1749262055,0.14060000,94.00000000,0.1371
1749262055,0.14070000,3708.90000000,0.1371
1749262055,0.14080000,54.10000000,0.1371
1749262055,0.14090000,3644.80000000,0.1371
1749262055,0.14110000,4490.90000000,0.1371
1749262055,0.14130000,8710.70000000,0.1371
1749262055,0.14140000,7073.50000000,0.1371
1749262055,0.14160000,56.50000000,0.1371
1749262055,0.14240000,56.20000000,0.1371
1749262055,0.14260000,217.40000000,0.1371
1749262055,0.14280000,7473.10000000,0.1371
1749262055,0.14300000,69.90000000,0.1371
1749262055,0.14310000,10947.90000000,0.1371
1749262055,0.14330000,315.20000000,0.1371
1749262055,0.14340000,83.70000000,0.1371
1749262055,0.14360000,69.60000000,0.1371
1749262055,0.14390000,38.90000000,0.1371
1749262055,0.14400000,6975.50000000,0.1371
1749262055,0.14410000,69.40000000,0.1371
1749262055,0.14440000,1766.40000000,0.1371
1749262055,0.14500000,14637.90000000,0.1371
1749262055,0.14510000,1682.50000000,0.1371
1749262055,0.14530000,43.80000000,0.1371
1749262055,0.14540000,213.30000000,0.1371
1749262055,0.14570000,103.90000000,0.1371
1749262055,0.14720000,37.30000000,0.1371
1749262055,0.14750000,75.30000000,0.1371
1749262055,0.14830000,209.10000000,0.1371
1749262055,0.14950000,250.00000000,0.1371
1749262055,0.14990000,40.00000000,0.1371
1749262055,0.15000000,7155.70000000,0.1371
1749262055,0.15100000,55.00000000,0.1371
1749262055,0.15130000,204.90000000,0.1371
1749262055,0.15150000,37.00000000,0.1371
1749262055,0.15200000,119.30000000,0.1371
1749262055,0.15240000,34.50000000,0.1371
1749262055,0.15250000,468.70000000,0.1371
1749262055,0.15300000,4268.20000000,0.1371
1749262055,0.15350000,42.30000000,0.1371
1749262055,0.15380000,65.50000000,0.1371
1749262055,0.15430000,201.00000000,0.1371
1749262055,0.15500000,6575.20000000,0.1371
1749262055,0.15510000,235432.80000000,0.1371
1749262055,0.15530000,130.80000000,0.1371
1749262055,0.15580000,35.90000000,0.1371
1749262055,0.15670000,1894.50000000,0.1371
1749262055,0.15710000,47.70000000,0.1371
1749262055,0.15740000,197.00000000,0.1371
1749262055,0.15780000,1004.70000000,0.1371
1749262055,0.15800000,811.30000000,0.1371
1749262055,0.15900000,1257.80000000,0.1371
1749262055,0.15990000,176.60000000,0.1371
1749262055,0.16000000,6083.30000000,0.1371
1749262055,0.16050000,193.20000000,0.1371
1749262055,0.16080000,33.20000000,0.1371
1749262055,0.16100000,35.20000000,0.1371
1749262055,0.16140000,5365.80000000,0.1371
1749262055,0.16170000,66.10000000,0.1371
1749262055,0.16180000,951.90000000,0.1371
1749262055,0.16190000,52.50000000,0.1371
1749262055,0.16200000,6429.00000000,0.1371
1749262055,0.16270000,22136.70000000,0.1371
1749262055,0.16290000,30.70000000,0.1371
1749262055,0.16300000,426.70000000,0.1371
1749262055,0.16350000,51.80000000,0.1371
1749262055,0.16380000,189.30000000,0.1371
1749262362,0.13790000,24854.10000000,0.1378
1749262362,0.13800000,71200.40000000,0.1378
1749262362,0.13810000,24512.00000000,0.1378
1749262362,0.13820000,13683.50000000,0.1378
1749262362,0.13830000,28074.90000000,0.1378
1749262362,0.13840000,24074.60000000,0.1378
1749262362,0.13850000,17200.40000000,0.1378
1749262362,0.13860000,15880.60000000,0.1378
1749262362,0.13870000,12009.20000000,0.1378
1749262362,0.13880000,10808.20000000,0.1378
1749262362,0.13890000,13694.30000000,0.1378
1749262362,0.13900000,11013.40000000,0.1378
1749262362,0.13910000,11955.60000000,0.1378
1749262362,0.13920000,12197.60000000,0.1378
1749262362,0.13930000,11955.50000000,0.1378
1749262362,0.13940000,54.70000000,0.1378
1749262362,0.13950000,11955.40000000,0.1378
1749262362,0.13960000,8364.70000000,0.1378
1749262362,0.13970000,11955.40000000,0.1378
1749262362,0.13980000,8590.70000000,0.1378
1749262362,0.13990000,17903.30000000,0.1378
1749262362,0.14000000,2939.40000000,0.1378
1749262362,0.14010000,12405.00000000,0.1378
1749262362,0.14020000,8772.00000000,0.1378
1749262362,0.14030000,13554.40000000,0.1378
1749262362,0.14040000,54.30000000,0.1378
1749262362,0.14050000,11955.00000000,0.1378
1749262362,0.14060000,435.30000000,0.1378
1749262362,0.14070000,6273.90000000,0.1378
1749262362,0.14080000,54.10000000,0.1378
1749262362,0.14090000,3644.80000000,0.1378
1749262362,0.14110000,3590.70000000,0.1378
1749262362,0.14130000,7003.80000000,0.1378
1749262362,0.14150000,900.20000000,0.1378
1749262362,0.14160000,56.50000000,0.1378
1749262362,0.14170000,1706.90000000,0.1378
1749262362,0.14180000,7073.50000000,0.1378
1749262362,0.14240000,56.20000000,0.1378
1749262362,0.14260000,217.40000000,0.1378
1749262362,0.14280000,36.80000000,0.1378
1749262362,0.14300000,69.90000000,0.1378
1749262362,0.14310000,10947.90000000,0.1378
1749262362,0.14320000,7436.30000000,0.1378
1749262362,0.14330000,315.20000000,0.1378
1749262362,0.14340000,83.70000000,0.1378
1749262362,0.14360000,69.60000000,0.1378
1749262362,0.14390000,38.90000000,0.1378
1749262362,0.14410000,69.40000000,0.1378
1749262362,0.14440000,1766.40000000,0.1378
1749262362,0.14450000,6975.50000000,0.1378
1749262362,0.14500000,14637.90000000,0.1378
1749262362,0.14530000,43.80000000,0.1378
1749262362,0.14540000,213.30000000,0.1378
1749262362,0.14570000,103.90000000,0.1378
1749262362,0.14610000,1682.50000000,0.1378
1749262362,0.14720000,37.30000000,0.1378
1749262362,0.14750000,75.30000000,0.1378
1749262362,0.14830000,209.10000000,0.1378
1749262362,0.14950000,250.00000000,0.1378
1749262362,0.14990000,40.00000000,0.1378
1749262362,0.15000000,7155.70000000,0.1378
1749262362,0.15100000,55.00000000,0.1378
1749262362,0.15130000,204.90000000,0.1378
1749262362,0.15150000,37.00000000,0.1378
1749262362,0.15200000,119.30000000,0.1378
1749262362,0.15240000,34.50000000,0.1378
1749262362,0.15250000,468.70000000,0.1378
1749262362,0.15300000,4268.20000000,0.1378
1749262362,0.15350000,42.30000000,0.1378
1749262362,0.15380000,65.50000000,0.1378
1749262362,0.15430000,201.00000000,0.1378
1749262362,0.15500000,6575.20000000,0.1378
1749262362,0.15510000,235432.80000000,0.1378
1749262362,0.15530000,130.80000000,0.1378
1749262362,0.15580000,35.90000000,0.1378
1749262362,0.15670000,1894.50000000,0.1378
1749262362,0.15710000,47.70000000,0.1378
1749262362,0.15740000,197.00000000,0.1378
1749262362,0.15780000,1004.70000000,0.1378
1749262362,0.15800000,811.30000000,0.1378
1749262362,0.15900000,1257.80000000,0.1378
1749262362,0.15990000,176.60000000,0.1378
1749262362,0.16000000,6083.30000000,0.1378
1749262362,0.16050000,193.20000000,0.1378
1749262362,0.16080000,33.20000000,0.1378
1749262362,0.16100000,35.20000000,0.1378
1749262362,0.16140000,5365.80000000,0.1378
1749262362,0.16170000,66.10000000,0.1378
1749262362,0.16180000,951.90000000,0.1378
1749262362,0.16190000,52.50000000,0.1378
1749262362,0.16200000,6429.00000000,0.1378
1749262362,0.16270000,22136.70000000,0.1378
1749262362,0.16290000,30.70000000,0.1378
1749262362,0.16300000,426.70000000,0.1378
1749262362,0.16350000,51.80000000,0.1378
1749262362,0.16380000,189.30000000,0.1378
1749262362,0.16390000,1401.00000000,0.1378
1749262362,0.16400000,392.50000000,0.1378
1749262362,0.16420000,1223.50000000,0.1378
1749262362,0.16450000,83.50000000,0.1378
1749262663,0.13770000,17611.90000000,0.1376
1749262663,0.13780000,25768.80000000,0.1376
1749262663,0.13790000,22183.20000000,0.1376
1749262663,0.13800000,52361.00000000,0.1376
1749262663,0.13810000,40128.40000000,0.1376
1749262663,0.13820000,19992.70000000,0.1376
1749262663,0.13830000,20142.50000000,0.1376
1749262663,0.13840000,26414.90000000,0.1376
1749262663,0.13850000,18885.70000000,0.1376
1749262663,0.13860000,10175.80000000,0.1376
1749262663,0.13870000,12009.20000000,0.1376
1749262663,0.13880000,10808.20000000,0.1376
1749262663,0.13890000,15151.50000000,0.1376
1749262663,0.13900000,8418.60000000,0.1376
1749262663,0.13910000,11955.60000000,0.1376
1749262663,0.13920000,12197.60000000,0.1376
1749262663,0.13930000,11955.50000000,0.1376
1749262663,0.13940000,54.70000000,0.1376
1749262663,0.13950000,11955.40000000,0.1376
1749262663,0.13960000,8364.70000000,0.1376
1749262663,0.13970000,11955.40000000,0.1376
1749262663,0.13980000,8590.70000000,0.1376
1749262663,0.13990000,11955.30000000,0.1376
1749262663,0.14000000,2939.40000000,0.1376
1749262663,0.14010000,14004.30000000,0.1376
1749262663,0.14020000,9113.30000000,0.1376
1749262663,0.14030000,11955.10000000,0.1376
1749262663,0.14040000,6072.40000000,0.1376
1749262663,0.14050000,11955.00000000,0.1376
1749262663,0.14060000,94.00000000,0.1376
1749262663,0.14070000,3708.90000000,0.1376
1749262663,0.14080000,54.10000000,0.1376
1749262663,0.14090000,3644.80000000,0.1376
1749262663,0.14110000,3590.70000000,0.1376
1749262663,0.14130000,7003.80000000,0.1376
1749262663,0.14150000,900.20000000,0.1376
1749262663,0.14160000,56.50000000,0.1376
1749262663,0.14170000,1706.90000000,0.1376
1749262663,0.14180000,7073.50000000,0.1376
1749262663,0.14240000,56.20000000,0.1376
1749262663,0.14260000,217.40000000,0.1376
1749262663,0.14280000,36.80000000,0.1376
1749262663,0.14300000,69.90000000,0.1376
1749262663,0.14310000,10947.90000000,0.1376
1749262663,0.14320000,7436.30000000,0.1376
1749262663,0.14330000,315.20000000,0.1376
1749262663,0.14340000,83.70000000,0.1376
1749262663,0.14360000,69.60000000,0.1376
1749262663,0.14390000,38.90000000,0.1376
1749262663,0.14410000,69.40000000,0.1376
1749262663,0.14450000,6975.50000000,0.1376
1749262663,0.14480000,1766.40000000,0.1376
1749262663,0.14500000,14637.90000000,0.1376
1749262663,0.14530000,43.80000000,0.1376
1749262663,0.14540000,213.30000000,0.1376
1749262663,0.14570000,103.90000000,0.1376
1749262663,0.14610000,1682.50000000,0.1376
1749262663,0.14720000,37.30000000,0.1376
1749262663,0.14750000,75.30000000,0.1376
1749262663,0.14830000,209.10000000,0.1376
1749262663,0.14950000,250.00000000,0.1376
1749262663,0.14990000,40.00000000,0.1376
1749262663,0.15000000,7155.70000000,0.1376
1749262663,0.15100000,55.00000000,0.1376
1749262663,0.15130000,204.90000000,0.1376
1749262663,0.15150000,37.00000000,0.1376
1749262663,0.15200000,119.30000000,0.1376
1749262663,0.15240000,34.50000000,0.1376
1749262663,0.15250000,468.70000000,0.1376
1749262663,0.15300000,4268.20000000,0.1376
1749262663,0.15350000,42.30000000,0.1376
1749262663,0.15380000,65.50000000,0.1376
1749262663,0.15430000,201.00000000,0.1376
1749262663,0.15500000,6575.20000000,0.1376
1749262663,0.15510000,235432.80000000,0.1376
1749262663,0.15530000,130.80000000,0.1376
1749262663,0.15580000,35.90000000,0.1376
1749262663,0.15670000,1894.50000000,0.1376
1749262663,0.15710000,47.70000000,0.1376
1749262663,0.15740000,197.00000000,0.1376
1749262663,0.15780000,1004.70000000,0.1376
1749262663,0.15800000,811.30000000,0.1376
1749262663,0.15900000,1257.80000000,0.1376
1749262663,0.15990000,176.60000000,0.1376
1749262663,0.16000000,6083.30000000,0.1376
1749262663,0.16050000,193.20000000,0.1376
1749262663,0.16080000,33.20000000,0.1376
1749262663,0.16100000,35.20000000,0.1376
1749262663,0.16140000,5365.80000000,0.1376
1749262663,0.16170000,66.10000000,0.1376
1749262663,0.16180000,951.90000000,0.1376
1749262663,0.16190000,52.50000000,0.1376
1749262663,0.16200000,6429.00000000,0.1376
1749262663,0.16270000,22136.70000000,0.1376
1749262663,0.16290000,30.70000000,0.1376
1749262663,0.16300000,426.70000000,0.1376
1749262663,0.16350000,51.80000000,0.1376
1749262663,0.16380000,189.30000000,0.1376
1749262663,0.16390000,1401.00000000,0.1376
1749262663,0.16400000,392.50000000,0.1376
1749262965,0.13840000,56306.90000000,0.1383
1749262965,0.13850000,68336.00000000,0.1383
1749262965,0.13860000,53795.00000000,0.1383
1749262965,0.13870000,37838.40000000,0.1383
1749262965,0.13880000,25552.90000000,0.1383
1749262965,0.13890000,17235.20000000,0.1383
1749262965,0.13900000,16458.40000000,0.1383
1749262965,0.13910000,23705.70000000,0.1383
1749262965,0.13920000,15476.60000000,0.1383
1749262965,0.13930000,12009.80000000,0.1383
1749262965,0.13940000,2674.00000000,0.1383
1749262965,0.13950000,9390.40000000,0.1383
1749262965,0.13960000,5799.70000000,0.1383
1749262965,0.13970000,9390.40000000,0.1383
1749262965,0.13980000,6025.70000000,0.1383
1749262965,0.13990000,9390.30000000,0.1383
1749262965,0.14000000,374.40000000,0.1383
1749262965,0.14010000,9840.00000000,0.1383
1749262965,0.14020000,6207.00000000,0.1383
1749262965,0.14030000,9390.10000000,0.1383
1749262965,0.14040000,6072.40000000,0.1383
1749262965,0.14050000,9390.00000000,0.1383
1749262965,0.14060000,94.00000000,0.1383
1749262965,0.14070000,3708.90000000,0.1383
1749262965,0.14080000,1653.40000000,0.1383
1749262965,0.14090000,3644.80000000,0.1383
1749262965,0.14100000,341.30000000,0.1383
1749262965,0.14110000,3590.70000000,0.1383
1749262965,0.14130000,7003.80000000,0.1383
1749262965,0.14160000,56.50000000,0.1383
1749262965,0.14190000,900.20000000,0.1383
1749262965,0.14210000,1706.90000000,0.1383
1749262965,0.14220000,7073.50000000,0.1383
1749262965,0.14240000,56.20000000,0.1383
1749262965,0.14260000,217.40000000,0.1383
1749262965,0.14280000,36.80000000,0.1383
1749262965,0.14300000,69.90000000,0.1383
1749262965,0.14310000,10947.90000000,0.1383
1749262965,0.14330000,245.40000000,0.1383
1749262965,0.14340000,83.70000000,0.1383
1749262965,0.14360000,7505.90000000,0.1383
1749262965,0.14390000,38.90000000,0.1383
1749262965,0.14410000,69.40000000,0.1383
1749262965,0.14480000,1766.40000000,0.1383
1749262965,0.14490000,6975.50000000,0.1383
1749262965,0.14500000,14706.90000000,0.1383
1749262965,0.14530000,43.80000000,0.1383
1749262965,0.14540000,213.30000000,0.1383
1749262965,0.14570000,103.90000000,0.1383
1749262965,0.14660000,1682.50000000,0.1383
1749262965,0.14720000,37.30000000,0.1383
1749262965,0.14750000,75.30000000,0.1383
1749262965,0.14830000,209.10000000,0.1383
1749262965,0.14950000,250.00000000,0.1383
1749262965,0.14990000,40.00000000,0.1383
1749262965,0.15000000,7155.70000000,0.1383
1749262965,0.15100000,55.00000000,0.1383
1749262965,0.15130000,204.90000000,0.1383
1749262965,0.15150000,37.00000000,0.1383
1749262965,0.15200000,119.30000000,0.1383
1749262965,0.15240000,34.50000000,0.1383
1749262965,0.15250000,468.70000000,0.1383
1749262965,0.15300000,4268.20000000,0.1383
1749262965,0.15350000,42.30000000,0.1383
1749262965,0.15380000,65.50000000,0.1383
1749262965,0.15430000,201.00000000,0.1383
1749262965,0.15500000,6575.20000000,0.1383
1749262965,0.15510000,235432.80000000,0.1383
1749262965,0.15530000,130.80000000,0.1383
1749262965,0.15580000,35.90000000,0.1383
1749262965,0.15670000,1894.50000000,0.1383
1749262965,0.15710000,47.70000000,0.1383
1749262965,0.15740000,197.00000000,0.1383
1749262965,0.15780000,1004.70000000,0.1383
1749262965,0.15800000,811.30000000,0.1383
1749262965,0.15900000,1257.80000000,0.1383
1749262965,0.15990000,176.60000000,0.1383
1749262965,0.16000000,6083.30000000,0.1383
1749262965,0.16050000,193.20000000,0.1383
1749262965,0.16080000,33.20000000,0.1383
1749262965,0.16100000,35.20000000,0.1383
1749262965,0.16140000,5365.80000000,0.1383
1749262965,0.16170000,66.10000000,0.1383
1749262965,0.16180000,951.90000000,0.1383
1749262965,0.16190000,52.50000000,0.1383
1749262965,0.16200000,6429.00000000,0.1383
1749262965,0.16270000,22136.70000000,0.1383
1749262965,0.16290000,30.70000000,0.1383
1749262965,0.16300000,426.70000000,0.1383
1749262965,0.16350000,51.80000000,0.1383
1749262965,0.16380000,189.30000000,0.1383
1749262965,0.16390000,1401.00000000,0.1383
1749262965,0.16400000,392.50000000,0.1383
1749262965,0.16420000,1223.50000000,0.1383
1749262965,0.16450000,83.50000000,0.1383
1749262965,0.16480000,75.10000000,0.1383
1749262965,0.16500000,10994.20000000,0.1383
1749262965,0.16520000,250.00000000,0.1383
1749262965,0.16550000,51.10000000,0.1383
1749262965,0.16560000,1303.10000000,0.1383
1749263273,0.13870000,22951.70000000,0.1386
1749263273,0.13880000,67143.00000000,0.1386
1749263273,0.13890000,62588.60000000,0.1386
1749263273,0.13900000,49762.80000000,0.1386
1749263273,0.13910000,30672.30000000,0.1386
1749263273,0.13920000,17380.30000000,0.1386
1749263273,0.13930000,17553.60000000,0.1386
1749263273,0.13940000,12099.40000000,0.1386
1749263273,0.13950000,13694.90000000,0.1386
1749263273,0.13960000,11068.10000000,0.1386
1749263273,0.13970000,11832.00000000,0.1386
1749263273,0.13980000,14318.60000000,0.1386
1749263273,0.13990000,9390.30000000,0.1386
1749263273,0.14000000,374.40000000,0.1386
1749263273,0.14010000,9390.20000000,0.1386
1749263273,0.14020000,5842.30000000,0.1386
1749263273,0.14030000,9390.10000000,0.1386
1749263273,0.14040000,54.30000000,0.1386
1749263273,0.14050000,9390.00000000,0.1386
1749263273,0.14060000,94.00000000,0.1386
1749263273,0.14070000,4073.60000000,0.1386
1749263273,0.14080000,54.10000000,0.1386
1749263273,0.14090000,9712.70000000,0.1386
1749263273,0.14100000,449.80000000,0.1386
1749263273,0.14110000,3590.70000000,0.1386
1749263273,0.14120000,1599.30000000,0.1386
1749263273,0.14130000,7003.80000000,0.1386
1749263273,0.14140000,341.30000000,0.1386
1749263273,0.14160000,56.50000000,0.1386
1749263273,0.14230000,900.20000000,0.1386
1749263273,0.14240000,56.20000000,0.1386
1749263273,0.14250000,1706.90000000,0.1386
1749263273,0.14260000,7290.90000000,0.1386
1749263273,0.14280000,36.80000000,0.1386
1749263273,0.14300000,69.90000000,0.1386
1749263273,0.14310000,10947.90000000,0.1386
1749263273,0.14330000,245.40000000,0.1386
1749263273,0.14340000,83.70000000,0.1386
1749263273,0.14360000,69.60000000,0.1386
1749263273,0.14390000,38.90000000,0.1386
1749263273,0.14400000,7436.30000000,0.1386
1749263273,0.14410000,69.40000000,0.1386
1749263273,0.14500000,14706.90000000,0.1386
1749263273,0.14520000,1766.40000000,0.1386
1749263273,0.14530000,7019.30000000,0.1386
1749263273,0.14540000,213.30000000,0.1386
1749263273,0.14570000,103.90000000,0.1386
1749263273,0.14700000,1932.50000000,0.1386
1749263273,0.14720000,37.30000000,0.1386
1749263273,0.14750000,75.30000000,0.1386
1749263273,0.14830000,209.10000000,0.1386
1749263273,0.14950000,250.00000000,0.1386
1749263273,0.14990000,40.00000000,0.1386
1749263273,0.15000000,7155.70000000,0.1386
1749263273,0.15100000,55.00000000,0.1386
1749263273,0.15130000,204.90000000,0.1386
1749263273,0.15150000,37.00000000,0.1386
1749263273,0.15200000,119.30000000,0.1386
1749263273,0.15240000,34.50000000,0.1386
1749263273,0.15250000,468.70000000,0.1386
1749263273,0.15300000,4268.20000000,0.1386
1749263273,0.15350000,42.30000000,0.1386
1749263273,0.15380000,65.50000000,0.1386
1749263273,0.15430000,201.00000000,0.1386
1749263273,0.15500000,6575.20000000,0.1386
1749263273,0.15510000,235432.80000000,0.1386
1749263273,0.15530000,130.80000000,0.1386
1749263273,0.15580000,35.90000000,0.1386
1749263273,0.15670000,1894.50000000,0.1386
1749263273,0.15710000,47.70000000,0.1386
1749263273,0.15740000,197.00000000,0.1386
1749263273,0.15780000,1004.70000000,0.1386
1749263273,0.15800000,811.30000000,0.1386
1749263273,0.15900000,1257.80000000,0.1386
1749263273,0.15990000,176.60000000,0.1386
1749263273,0.16000000,6083.30000000,0.1386
1749263273,0.16050000,193.20000000,0.1386
1749263273,0.16080000,33.20000000,0.1386
1749263273,0.16100000,35.20000000,0.1386
1749263273,0.16140000,5365.80000000,0.1386
1749263273,0.16170000,66.10000000,0.1386
1749263273,0.16180000,951.90000000,0.1386
1749263273,0.16190000,52.50000000,0.1386
1749263273,0.16200000,6429.00000000,0.1386
1749263273,0.16270000,22136.70000000,0.1386
1749263273,0.16290000,30.70000000,0.1386
1749263273,0.16300000,426.70000000,0.1386
1749263273,0.16350000,51.80000000,0.1386
1749263273,0.16380000,189.30000000,0.1386
1749263273,0.16390000,1401.00000000,0.1386
1749263273,0.16400000,392.50000000,0.1386
1749263273,0.16420000,1223.50000000,0.1386
1749263273,0.16450000,83.50000000,0.1386
1749263273,0.16480000,75.10000000,0.1386
1749263273,0.16500000,10994.20000000,0.1386
1749263273,0.16520000,250.00000000,0.1386
1749263273,0.16550000,51.10000000,0.1386
1749263273,0.16560000,1303.10000000,0.1386
1749263273,0.16580000,67.40000000,0.1386
1749263273,0.16620000,258.00000000,0.1386
1749263575,0.13860000,21870.30000000,0.1386
1749263575,0.13870000,45765.40000000,0.1386
1749263575,0.13880000,47445.40000000,0.1386
1749263575,0.13890000,58644.00000000,0.1386
1749263575,0.13900000,61457.90000000,0.1386
1749263575,0.13910000,27256.30000000,0.1386
1749263575,0.13920000,14194.40000000,0.1386
1749263575,0.13930000,17553.60000000,0.1386
1749263575,0.13940000,12430.70000000,0.1386
1749263575,0.13950000,21668.40000000,0.1386
1749263575,0.13960000,8418.90000000,0.1386
1749263575,0.13970000,9444.60000000,0.1386
1749263575,0.13980000,14318.60000000,0.1386
1749263575,0.13990000,9390.30000000,0.1386
1749263575,0.14000000,864.00000000,0.1386
1749263575,0.14010000,9390.20000000,0.1386
1749263575,0.14020000,5842.30000000,0.1386
1749263575,0.14030000,9390.10000000,0.1386
1749263575,0.14040000,54.30000000,0.1386
1749263575,0.14050000,9390.00000000,0.1386
1749263575,0.14060000,94.00000000,0.1386
1749263575,0.14070000,4073.60000000,0.1386
1749263575,0.14080000,54.10000000,0.1386
1749263575,0.14090000,9712.70000000,0.1386
1749263575,0.14100000,449.80000000,0.1386
1749263575,0.14110000,5190.00000000,0.1386
1749263575,0.14130000,7003.80000000,0.1386
1749263575,0.14140000,341.30000000,0.1386
1749263575,0.14160000,56.50000000,0.1386
1749263575,0.14230000,900.20000000,0.1386
1749263575,0.14240000,56.20000000,0.1386
1749263575,0.14250000,1706.90000000,0.1386
1749263575,0.14260000,7290.90000000,0.1386
1749263575,0.14280000,36.80000000,0.1386
1749263575,0.14300000,69.90000000,0.1386
1749263575,0.14310000,10947.90000000,0.1386
1749263575,0.14330000,245.40000000,0.1386
1749263575,0.14340000,83.70000000,0.1386
1749263575,0.14360000,69.60000000,0.1386
1749263575,0.14390000,38.90000000,0.1386
1749263575,0.14400000,7436.30000000,0.1386
1749263575,0.14410000,69.40000000,0.1386
1749263575,0.14500000,14706.90000000,0.1386
1749263575,0.14520000,1766.40000000,0.1386
1749263575,0.14530000,7019.30000000,0.1386
1749263575,0.14540000,213.30000000,0.1386
1749263575,0.14570000,103.90000000,0.1386
1749263575,0.14690000,250.00000000,0.1386
1749263575,0.14700000,1682.50000000,0.1386
1749263575,0.14720000,37.30000000,0.1386
1749263575,0.14750000,75.30000000,0.1386
1749263575,0.14830000,209.10000000,0.1386
1749263575,0.14950000,250.00000000,0.1386
1749263575,0.14990000,40.00000000,0.1386
1749263575,0.15000000,7155.70000000,0.1386
1749263575,0.15100000,55.00000000,0.1386
1749263575,0.15130000,204.90000000,0.1386
1749263575,0.15150000,37.00000000,0.1386
1749263575,0.15200000,119.30000000,0.1386
1749263575,0.15240000,34.50000000,0.1386
1749263575,0.15250000,468.70000000,0.1386
1749263575,0.15300000,4268.20000000,0.1386
1749263575,0.15350000,42.30000000,0.1386
1749263575,0.15380000,65.50000000,0.1386
1749263575,0.15430000,201.00000000,0.1386
1749263575,0.15500000,6575.20000000,0.1386
1749263575,0.15510000,235432.80000000,0.1386
1749263575,0.15530000,130.80000000,0.1386
1749263575,0.15580000,35.90000000,0.1386
1749263575,0.15670000,1894.50000000,0.1386
1749263575,0.15710000,47.70000000,0.1386
1749263575,0.15740000,197.00000000,0.1386
1749263575,0.15780000,1004.70000000,0.1386
1749263575,0.15800000,811.30000000,0.1386
1749263575,0.15900000,1257.80000000,0.1386
1749263575,0.15990000,176.60000000,0.1386
1749263575,0.16000000,6083.30000000,0.1386
1749263575,0.16050000,193.20000000,0.1386
1749263575,0.16080000,33.20000000,0.1386
1749263575,0.16100000,35.20000000,0.1386
1749263575,0.16140000,5365.80000000,0.1386
1749263575,0.16170000,66.10000000,0.1386
1749263575,0.16180000,951.90000000,0.1386
1749263575,0.16190000,52.50000000,0.1386
1749263575,0.16200000,6429.00000000,0.1386
1749263575,0.16270000,22136.70000000,0.1386
1749263575,0.16290000,30.70000000,0.1386
1749263575,0.16300000,426.70000000,0.1386
1749263575,0.16350000,51.80000000,0.1386
1749263575,0.16380000,189.30000000,0.1386
1749263575,0.16390000,1401.00000000,0.1386
1749263575,0.16400000,392.50000000,0.1386
1749263575,0.16420000,1223.50000000,0.1386
1749263575,0.16450000,83.50000000,0.1386
1749263575,0.16480000,75.10000000,0.1386
1749263575,0.16500000,10994.20000000,0.1386
1749263575,0.16520000,250.00000000,0.1386
1749263575,0.16550000,51.10000000,0.1386
1749263575,0.16560000,1303.10000000,0.1386
1749263575,0.16580000,67.40000000,0.1386
1749263877,0.13890000,37375.30000000,0.1389
1749263877,0.13900000,50945.40000000,0.1389
1749263877,0.13910000,59013.90000000,0.1389
1749263877,0.13920000,46696.60000000,0.1389
1749263877,0.13930000,41993.90000000,0.1389
1749263877,0.13940000,12697.90000000,0.1389
1749263877,0.13950000,19772.10000000,0.1389
1749263877,0.13960000,14057.70000000,0.1389
1749263877,0.13970000,20070.10000000,0.1389
1749263877,0.13980000,13356.40000000,0.1389
1749263877,0.13990000,9444.40000000,0.1389
1749263877,0.14000000,374.40000000,0.1389
1749263877,0.14010000,9390.20000000,0.1389
1749263877,0.14020000,5799.50000000,0.1389
1749263877,0.14030000,9390.10000000,0.1389
1749263877,0.14040000,54.30000000,0.1389
1749263877,0.14050000,9390.00000000,0.1389
1749263877,0.14060000,94.00000000,0.1389
1749263877,0.14070000,4073.60000000,0.1389
1749263877,0.14080000,54.10000000,0.1389
1749263877,0.14090000,9712.70000000,0.1389
1749263877,0.14100000,449.80000000,0.1389
1749263877,0.14110000,3590.70000000,0.1389
1749263877,0.14130000,8603.10000000,0.1389
1749263877,0.14140000,341.30000000,0.1389
1749263877,0.14230000,900.20000000,0.1389
1749263877,0.14240000,56.20000000,0.1389
1749263877,0.14260000,7290.90000000,0.1389
1749263877,0.14280000,36.80000000,0.1389
1749263877,0.14290000,1706.90000000,0.1389
1749263877,0.14310000,10947.90000000,0.1389
1749263877,0.14330000,245.40000000,0.1389
1749263877,0.14340000,83.70000000,0.1389
1749263877,0.14360000,69.60000000,0.1389
1749263877,0.14390000,38.90000000,0.1389
1749263877,0.14400000,7436.30000000,0.1389
1749263877,0.14410000,69.40000000,0.1389
1749263877,0.14500000,14706.90000000,0.1389
1749263877,0.14520000,1766.40000000,0.1389
1749263877,0.14530000,7019.30000000,0.1389
1749263877,0.14540000,213.30000000,0.1389
1749263877,0.14570000,103.90000000,0.1389
1749263877,0.14700000,1682.50000000,0.1389
1749263877,0.14720000,287.30000000,0.1389
1749263877,0.14750000,75.30000000,0.1389
1749263877,0.14830000,209.10000000,0.1389
1749263877,0.14950000,250.00000000,0.1389
1749263877,0.14990000,40.00000000,0.1389
1749263877,0.15000000,7155.70000000,0.1389
1749263877,0.15100000,55.00000000,0.1389
1749263877,0.15130000,204.90000000,0.1389
1749263877,0.15150000,37.00000000,0.1389
1749263877,0.15200000,119.30000000,0.1389
1749263877,0.15240000,34.50000000,0.1389
1749263877,0.15250000,468.70000000,0.1389
1749263877,0.15300000,4268.20000000,0.1389
1749263877,0.15350000,42.30000000,0.1389
1749263877,0.15380000,65.50000000,0.1389
1749263877,0.15430000,201.00000000,0.1389
1749263877,0.15500000,6575.20000000,0.1389
1749263877,0.15510000,235432.80000000,0.1389
1749263877,0.15530000,130.80000000,0.1389
1749263877,0.15580000,35.90000000,0.1389
1749263877,0.15670000,1894.50000000,0.1389
1749263877,0.15710000,47.70000000,0.1389
1749263877,0.15740000,197.00000000,0.1389
1749263877,0.15780000,1004.70000000,0.1389
1749263877,0.15800000,811.30000000,0.1389
1749263877,0.15900000,1257.80000000,0.1389
1749263877,0.15990000,176.60000000,0.1389
1749263877,0.16000000,7533.00000000,0.1389
1749263877,0.16050000,193.20000000,0.1389
1749263877,0.16080000,33.20000000,0.1389
1749263877,0.16100000,35.20000000,0.1389
1749263877,0.16140000,5365.80000000,0.1389
1749263877,0.16170000,66.10000000,0.1389
1749263877,0.16180000,951.90000000,0.1389
1749263877,0.16190000,52.50000000,0.1389
1749263877,0.16200000,6429.00000000,0.1389
1749263877,0.16270000,22136.70000000,0.1389
1749263877,0.16290000,30.70000000,0.1389
1749263877,0.16300000,426.70000000,0.1389
1749263877,0.16350000,51.80000000,0.1389
1749263877,0.16380000,189.30000000,0.1389
1749263877,0.16390000,1401.00000000,0.1389
1749263877,0.16400000,392.50000000,0.1389
1749263877,0.16420000,1223.50000000,0.1389
1749263877,0.16450000,83.50000000,0.1389
1749263877,0.16480000,75.10000000,0.1389
1749263877,0.16500000,10994.20000000,0.1389
1749263877,0.16520000,250.00000000,0.1389
1749263877,0.16550000,51.10000000,0.1389
1749263877,0.16560000,1303.10000000,0.1389
1749263877,0.16580000,67.40000000,0.1389
1749263877,0.16620000,258.00000000,0.1389
1749263877,0.16660000,50.80000000,0.1389
1749263877,0.16690000,1998.00000000,0.1389
1749263877,0.16700000,10310.70000000,0.1389
1749263877,0.16740000,408.30000000,0.1389
1749263877,0.16760000,50.50000000,0.1389
1749264178,0.13880000,22425.00000000,0.1388
1749264178,0.13890000,62394.90000000,0.1388
1749264178,0.13900000,41532.70000000,0.1388
1749264178,0.13910000,50377.10000000,0.1388
1749264178,0.13920000,27637.80000000,0.1388
1749264178,0.13930000,23977.40000000,0.1388
1749264178,0.13940000,20423.70000000,0.1388
1749264178,0.13950000,18628.80000000,0.1388
1749264178,0.13960000,15827.20000000,0.1388
1749264178,0.13970000,21563.40000000,0.1388
1749264178,0.13980000,7611.00000000,0.1388
1749264178,0.13990000,9444.40000000,0.1388
1749264178,0.14000000,428.40000000,0.1388
1749264178,0.14010000,9444.20000000,0.1388
1749264178,0.14020000,9450.50000000,0.1388
1749264178,0.14030000,9390.10000000,0.1388
1749264178,0.14040000,3887.10000000,0.1388
1749264178,0.14050000,9390.00000000,0.1388
1749264178,0.14060000,94.00000000,0.1388
1749264178,0.14070000,3935.00000000,0.1388
1749264178,0.14080000,54.10000000,0.1388
1749264178,0.14090000,3644.80000000,0.1388
1749264178,0.14100000,503.80000000,0.1388
1749264178,0.14110000,3644.70000000,0.1388
1749264178,0.14120000,1653.20000000,0.1388
1749264178,0.14130000,10965.60000000,0.1388
1749264178,0.14140000,6029.90000000,0.1388
1749264178,0.14180000,341.30000000,0.1388
1749264178,0.14240000,56.20000000,0.1388
1749264178,0.14260000,217.40000000,0.1388
1749264178,0.14270000,900.20000000,0.1388
1749264178,0.14280000,36.80000000,0.1388
1749264178,0.14290000,1706.90000000,0.1388
1749264178,0.14300000,7073.50000000,0.1388
1749264178,0.14330000,245.40000000,0.1388
1749264178,0.14340000,83.70000000,0.1388
1749264178,0.14360000,69.60000000,0.1388
1749264178,0.14390000,38.90000000,0.1388
1749264178,0.14410000,69.40000000,0.1388
1749264178,0.14420000,11200.60000000,0.1388
1749264178,0.14440000,7436.30000000,0.1388
1749264178,0.14500000,14706.90000000,0.1388
1749264178,0.14520000,1766.40000000,0.1388
1749264178,0.14530000,7019.30000000,0.1388
1749264178,0.14540000,213.30000000,0.1388
1749264178,0.14570000,103.90000000,0.1388
1749264178,0.14710000,250.00000000,0.1388
1749264178,0.14720000,37.30000000,0.1388
1749264178,0.14740000,1682.50000000,0.1388
1749264178,0.14750000,75.30000000,0.1388
1749264178,0.14830000,209.10000000,0.1388
1749264178,0.14950000,250.00000000,0.1388
1749264178,0.14990000,40.00000000,0.1388
1749264178,0.15000000,7155.70000000,0.1388
1749264178,0.15100000,55.00000000,0.1388
1749264178,0.15130000,204.90000000,0.1388
1749264178,0.15150000,37.00000000,0.1388
1749264178,0.15200000,119.30000000,0.1388
1749264178,0.15240000,34.50000000,0.1388
1749264178,0.15250000,468.70000000,0.1388
1749264178,0.15300000,4268.20000000,0.1388
1749264178,0.15350000,42.30000000,0.1388
1749264178,0.15380000,65.50000000,0.1388
1749264178,0.15430000,201.00000000,0.1388
1749264178,0.15500000,6575.20000000,0.1388
1749264178,0.15510000,235432.80000000,0.1388
1749264178,0.15530000,130.80000000,0.1388
1749264178,0.15580000,35.90000000,0.1388
1749264178,0.15670000,1894.50000000,0.1388
1749264178,0.15710000,47.70000000,0.1388
1749264178,0.15740000,197.00000000,0.1388
1749264178,0.15780000,1004.70000000,0.1388
1749264178,0.15800000,811.30000000,0.1388
1749264178,0.15900000,1257.80000000,0.1388
1749264178,0.15990000,176.60000000,0.1388
1749264178,0.16000000,7533.00000000,0.1388
1749264178,0.16050000,193.20000000,0.1388
1749264178,0.16080000,33.20000000,0.1388
1749264178,0.16100000,35.20000000,0.1388
1749264178,0.16140000,5365.80000000,0.1388
1749264178,0.16170000,66.10000000,0.1388
1749264178,0.16180000,951.90000000,0.1388
1749264178,0.16190000,52.50000000,0.1388
1749264178,0.16200000,6429.00000000,0.1388
1749264178,0.16270000,22136.70000000,0.1388
1749264178,0.16290000,30.70000000,0.1388
1749264178,0.16300000,426.70000000,0.1388
1749264178,0.16350000,51.80000000,0.1388
1749264178,0.16380000,189.30000000,0.1388
1749264178,0.16390000,1401.00000000,0.1388
1749264178,0.16400000,392.50000000,0.1388
1749264178,0.16420000,1223.50000000,0.1388
1749264178,0.16450000,83.50000000,0.1388
1749264178,0.16480000,75.10000000,0.1388
1749264178,0.16500000,10994.20000000,0.1388
1749264178,0.16520000,250.00000000,0.1388
1749264178,0.16550000,51.10000000,0.1388
1749264178,0.16560000,1303.10000000,0.1388
1749264178,0.16580000,67.40000000,0.1388
1749264178,0.16620000,258.00000000,0.1388
1749264480,0.13910000,32056.10000000,0.139
1749264480,0.13920000,49267.30000000,0.139
1749264480,0.13930000,49247.20000000,0.139
1749264480,0.13940000,72667.70000000,0.139
1749264480,0.13950000,29517.00000000,0.139
1749264480,0.13960000,18608.00000000,0.139
1749264480,0.13970000,18923.20000000,0.139
1749264480,0.13980000,13827.40000000,0.139
1749264480,0.13990000,9444.40000000,0.139
1749264480,0.14000000,7194.40000000,0.139
1749264480,0.14010000,9444.20000000,0.139
1749264480,0.14020000,5853.40000000,0.139
1749264480,0.14030000,9390.10000000,0.139
1749264480,0.14040000,3887.10000000,0.139
1749264480,0.14050000,9390.00000000,0.139
1749264480,0.14060000,94.00000000,0.139
1749264480,0.14070000,3935.00000000,0.139
1749264480,0.14080000,54.10000000,0.139
1749264480,0.14090000,3644.80000000,0.139
1749264480,0.14100000,503.80000000,0.139
1749264480,0.14110000,3644.70000000,0.139
1749264480,0.14120000,53.90000000,0.139
1749264480,0.14130000,7368.50000000,0.139
1749264480,0.14140000,6029.90000000,0.139
1749264480,0.14150000,1599.30000000,0.139
1749264480,0.14180000,341.30000000,0.139
1749264480,0.14230000,900.20000000,0.139
1749264480,0.14240000,56.20000000,0.139
1749264480,0.14260000,217.40000000,0.139
1749264480,0.14280000,36.80000000,0.139
1749264480,0.14290000,1706.90000000,0.139
1749264480,0.14300000,7073.50000000,0.139
1749264480,0.14330000,245.40000000,0.139
1749264480,0.14340000,83.70000000,0.139
1749264480,0.14360000,69.60000000,0.139
1749264480,0.14390000,38.90000000,0.139
1749264480,0.14400000,7436.30000000,0.139
1749264480,0.14410000,69.40000000,0.139
1749264480,0.14420000,11200.60000000,0.139
1749264480,0.14500000,14706.90000000,0.139
1749264480,0.14520000,1766.40000000,0.139
1749264480,0.14530000,7019.30000000,0.139
1749264480,0.14540000,213.30000000,0.139
1749264480,0.14570000,103.90000000,0.139
1749264480,0.14720000,37.30000000,0.139
1749264480,0.14740000,1932.50000000,0.139
1749264480,0.14750000,75.30000000,0.139
1749264480,0.14830000,209.10000000,0.139
1749264480,0.14950000,250.00000000,0.139
1749264480,0.14990000,40.00000000,0.139
1749264480,0.15000000,7155.70000000,0.139
1749264480,0.15100000,55.00000000,0.139
1749264480,0.15130000,204.90000000,0.139
1749264480,0.15150000,37.00000000,0.139
1749264480,0.15200000,119.30000000,0.139
1749264480,0.15240000,34.50000000,0.139
1749264480,0.15250000,468.70000000,0.139
1749264480,0.15300000,4268.20000000,0.139
1749264480,0.15350000,42.30000000,0.139
1749264480,0.15380000,65.50000000,0.139
1749264480,0.15430000,201.00000000,0.139
1749264480,0.15500000,6575.20000000,0.139
1749264480,0.15510000,235432.80000000,0.139
1749264480,0.15530000,130.80000000,0.139
1749264480,0.15580000,35.90000000,0.139
1749264480,0.15670000,1894.50000000,0.139
1749264480,0.15710000,47.70000000,0.139
1749264480,0.15740000,197.00000000,0.139
1749264480,0.15780000,1004.70000000,0.139
1749264480,0.15800000,811.30000000,0.139
1749264480,0.15900000,1257.80000000,0.139
1749264480,0.15990000,176.60000000,0.139
1749264480,0.16000000,7533.00000000,0.139
1749264480,0.16050000,193.20000000,0.139
1749264480,0.16080000,33.20000000,0.139
1749264480,0.16100000,35.20000000,0.139
1749264480,0.16140000,5365.80000000,0.139
1749264480,0.16170000,66.10000000,0.139
1749264480,0.16180000,951.90000000,0.139
1749264480,0.16190000,52.50000000,0.139
1749264480,0.16200000,6429.00000000,0.139
1749264480,0.16270000,22136.70000000,0.139
1749264480,0.16290000,30.70000000,0.139
1749264480,0.16300000,426.70000000,0.139
1749264480,0.16350000,51.80000000,0.139
1749264480,0.16380000,189.30000000,0.139
1749264480,0.16390000,1401.00000000,0.139
1749264480,0.16400000,392.50000000,0.139
1749264480,0.16420000,1223.50000000,0.139
1749264480,0.16450000,83.50000000,0.139
1749264480,0.16480000,75.10000000,0.139
1749264480,0.16500000,10994.20000000,0.139
1749264480,0.16520000,250.00000000,0.139
1749264480,0.16550000,51.10000000,0.139
1749264480,0.16560000,1303.10000000,0.139
1749264480,0.16580000,67.40000000,0.139
1749264480,0.16620000,258.00000000,0.139
1749264480,0.16660000,50.80000000,0.139
1749264480,0.16690000,1998.00000000,0.139
1749264480,0.16700000,10310.70000000,0.139
1749264782,0.13940000,2442.40000000,0.1395
1749264782,0.13950000,50364.60000000,0.1395
1749264782,0.13960000,46385.80000000,0.1395
1749264782,0.13970000,71000.20000000,0.1395
1749264782,0.13980000,25484.00000000,0.1395
1749264782,0.13990000,28463.80000000,0.1395
1749264782,0.14000000,8081.70000000,0.1395
1749264782,0.14010000,15133.80000000,0.1395
1749264782,0.14020000,19097.80000000,0.1395
1749264782,0.14030000,14467.20000000,0.1395
1749264782,0.14040000,4735.60000000,0.1395
1749264782,0.14050000,11883.40000000,0.1395
1749264782,0.14060000,94.00000000,0.1395
1749264782,0.14070000,9616.10000000,0.1395
1749264782,0.14080000,54.10000000,0.1395
1749264782,0.14090000,9389.90000000,0.1395
1749264782,0.14100000,503.80000000,0.1395
1749264782,0.14110000,9389.80000000,0.1395
1749264782,0.14120000,53.90000000,0.1395
1749264782,0.14130000,7422.40000000,0.1395
1749264782,0.14140000,53.90000000,0.1395
1749264782,0.14150000,3644.50000000,0.1395
1749264782,0.14170000,3590.70000000,0.1395
1749264782,0.14190000,1599.30000000,0.1395
1749264782,0.14200000,6038.60000000,0.1395
1749264782,0.14230000,341.30000000,0.1395
1749264782,0.14240000,56.20000000,0.1395
1749264782,0.14260000,217.40000000,0.1395
1749264782,0.14270000,900.20000000,0.1395
1749264782,0.14280000,36.80000000,0.1395
1749264782,0.14300000,7073.50000000,0.1395
1749264782,0.14330000,1952.30000000,0.1395
1749264782,0.14360000,69.60000000,0.1395
1749264782,0.14390000,38.90000000,0.1395
1749264782,0.14410000,69.40000000,0.1395
1749264782,0.14420000,11200.60000000,0.1395
1749264782,0.14440000,7436.30000000,0.1395
1749264782,0.14500000,14706.90000000,0.1395
1749264782,0.14530000,43.80000000,0.1395
1749264782,0.14540000,213.30000000,0.1395
1749264782,0.14560000,1766.40000000,0.1395
1749264782,0.14570000,7079.40000000,0.1395
1749264782,0.14720000,37.30000000,0.1395
1749264782,0.14750000,75.30000000,0.1395
1749264782,0.14790000,1682.50000000,0.1395
1749264782,0.14830000,209.10000000,0.1395
1749264782,0.14950000,250.00000000,0.1395
1749264782,0.14990000,40.00000000,0.1395
1749264782,0.15000000,7155.70000000,0.1395
1749264782,0.15100000,55.00000000,0.1395
1749264782,0.15130000,204.90000000,0.1395
1749264782,0.15150000,37.00000000,0.1395
1749264782,0.15200000,119.30000000,0.1395
1749264782,0.15240000,34.50000000,0.1395
1749264782,0.15250000,468.70000000,0.1395
1749264782,0.15300000,4268.20000000,0.1395
1749264782,0.15350000,42.30000000,0.1395
1749264782,0.15380000,65.50000000,0.1395
1749264782,0.15430000,201.00000000,0.1395
1749264782,0.15500000,6575.20000000,0.1395
1749264782,0.15510000,235432.80000000,0.1395
1749264782,0.15530000,130.80000000,0.1395
1749264782,0.15580000,35.90000000,0.1395
1749264782,0.15670000,1894.50000000,0.1395
1749264782,0.15710000,47.70000000,0.1395
1749264782,0.15740000,197.00000000,0.1395
1749264782,0.15780000,1004.70000000,0.1395
1749264782,0.15800000,811.30000000,0.1395
1749264782,0.15900000,1257.80000000,0.1395
1749264782,0.15990000,176.60000000,0.1395
1749264782,0.16000000,7533.00000000,0.1395
1749264782,0.16050000,193.20000000,0.1395
1749264782,0.16080000,33.20000000,0.1395
1749264782,0.16100000,35.20000000,0.1395
1749264782,0.16140000,5365.80000000,0.1395
1749264782,0.16170000,66.10000000,0.1395
1749264782,0.16180000,951.90000000,0.1395
1749264782,0.16190000,52.50000000,0.1395
1749264782,0.16200000,6429.00000000,0.1395
1749264782,0.16270000,22136.70000000,0.1395
1749264782,0.16290000,30.70000000,0.1395
1749264782,0.16300000,426.70000000,0.1395
1749264782,0.16350000,51.80000000,0.1395
1749264782,0.16380000,189.30000000,0.1395
1749264782,0.16390000,1401.00000000,0.1395
1749264782,0.16400000,392.50000000,0.1395
1749264782,0.16420000,1223.50000000,0.1395
1749264782,0.16450000,83.50000000,0.1395
1749264782,0.16480000,75.10000000,0.1395
1749264782,0.16500000,10994.20000000,0.1395
1749264782,0.16520000,250.00000000,0.1395
1749264782,0.16550000,51.10000000,0.1395
1749264782,0.16560000,1303.10000000,0.1395
1749264782,0.16580000,67.40000000,0.1395
1749264782,0.16620000,258.00000000,0.1395
1749264782,0.16660000,50.80000000,0.1395
1749264782,0.16690000,1998.00000000,0.1395
1749264782,0.16700000,10310.70000000,0.1395
1749264782,0.16740000,408.30000000,0.1395
1749264782,0.16760000,50.50000000,0.1395
1749265083,0.13940000,7150.20000000,0.1393
1749265083,0.13950000,25413.70000000,0.1393
1749265083,0.13960000,54580.50000000,0.1393
1749265083,0.13970000,64231.70000000,0.1393
1749265083,0.13980000,39296.90000000,0.1393
1749265083,0.13990000,54607.80000000,0.1393
1749265083,0.14000000,12471.20000000,0.1393
1749265083,0.14010000,20600.90000000,0.1393
1749265083,0.14020000,18826.60000000,0.1393
1749265083,0.14030000,20399.40000000,0.1393
1749265083,0.14040000,5153.10000000,0.1393
1749265083,0.14050000,14448.40000000,0.1393
1749265083,0.14060000,147.80000000,0.1393
1749265083,0.14070000,12234.90000000,0.1393
1749265083,0.14080000,107.80000000,0.1393
1749265083,0.14090000,9389.90000000,0.1393
1749265083,0.14100000,3886.80000000,0.1393
1749265083,0.14110000,9389.80000000,0.1393
1749265083,0.14120000,53.90000000,0.1393
1749265083,0.14130000,13167.50000000,0.1393
1749265083,0.14140000,53.90000000,0.1393
1749265083,0.14150000,9389.60000000,0.1393
1749265083,0.14160000,503.60000000,0.1393
1749265083,0.14170000,3644.50000000,0.1393
1749265083,0.14180000,53.70000000,0.1393
1749265083,0.14190000,3590.70000000,0.1393
1749265083,0.14200000,6038.60000000,0.1393
1749265083,0.14210000,1599.30000000,0.1393
1749265083,0.14230000,341.30000000,0.1393
1749265083,0.14240000,56.20000000,0.1393
1749265083,0.14260000,217.40000000,0.1393
1749265083,0.14280000,36.80000000,0.1393
1749265083,0.14310000,900.20000000,0.1393
1749265083,0.14330000,1952.30000000,0.1393
1749265083,0.14340000,7073.50000000,0.1393
1749265083,0.14360000,69.60000000,0.1393
1749265083,0.14390000,38.90000000,0.1393
1749265083,0.14410000,69.40000000,0.1393
1749265083,0.14420000,11200.60000000,0.1393
1749265083,0.14480000,7436.30000000,0.1393
1749265083,0.14500000,14706.90000000,0.1393
1749265083,0.14530000,43.80000000,0.1393
1749265083,0.14540000,213.30000000,0.1393
1749265083,0.14570000,103.90000000,0.1393
1749265083,0.14600000,1766.40000000,0.1393
1749265083,0.14610000,6975.50000000,0.1393
1749265083,0.14720000,37.30000000,0.1393
1749265083,0.14750000,75.30000000,0.1393
1749265083,0.14780000,250.00000000,0.1393
1749265083,0.14800000,1682.50000000,0.1393
1749265083,0.14830000,209.10000000,0.1393
1749265083,0.14950000,250.00000000,0.1393
1749265083,0.14990000,40.00000000,0.1393
1749265083,0.15000000,7155.70000000,0.1393
1749265083,0.15100000,55.00000000,0.1393
1749265083,0.15130000,204.90000000,0.1393
1749265083,0.15150000,37.00000000,0.1393
1749265083,0.15200000,119.30000000,0.1393
1749265083,0.15240000,34.50000000,0.1393
1749265083,0.15250000,468.70000000,0.1393
1749265083,0.15300000,4268.20000000,0.1393
1749265083,0.15350000,42.30000000,0.1393
1749265083,0.15380000,65.50000000,0.1393
1749265083,0.15430000,201.00000000,0.1393
1749265083,0.15500000,6575.20000000,0.1393
1749265083,0.15510000,235432.80000000,0.1393
1749265083,0.15530000,130.80000000,0.1393
1749265083,0.15580000,35.90000000,0.1393
1749265083,0.15670000,1894.50000000,0.1393
1749265083,0.15710000,47.70000000,0.1393
1749265083,0.15740000,197.00000000,0.1393
1749265083,0.15780000,1004.70000000,0.1393
1749265083,0.15800000,811.30000000,0.1393
1749265083,0.15900000,1257.80000000,0.1393
1749265083,0.15990000,176.60000000,0.1393
1749265083,0.16000000,7533.00000000,0.1393
1749265083,0.16050000,193.20000000,0.1393
1749265083,0.16080000,33.20000000,0.1393
1749265083,0.16100000,35.20000000,0.1393
1749265083,0.16140000,5365.80000000,0.1393
1749265083,0.16170000,66.10000000,0.1393
1749265083,0.16180000,951.90000000,0.1393
1749265083,0.16190000,52.50000000,0.1393
1749265083,0.16200000,6429.00000000,0.1393
1749265083,0.16270000,22136.70000000,0.1393
1749265083,0.16290000,30.70000000,0.1393
1749265083,0.16300000,426.70000000,0.1393
1749265083,0.16350000,51.80000000,0.1393
1749265083,0.16380000,189.30000000,0.1393
1749265083,0.16390000,1401.00000000,0.1393
1749265083,0.16400000,392.50000000,0.1393
1749265083,0.16420000,1223.50000000,0.1393
1749265083,0.16450000,83.50000000,0.1393
1749265083,0.16480000,75.10000000,0.1393
1749265083,0.16500000,10994.20000000,0.1393
1749265083,0.16520000,250.00000000,0.1393
1749265083,0.16550000,51.10000000,0.1393
1749265083,0.16560000,1303.10000000,0.1393
1749265083,0.16580000,67.40000000,0.1393
1749265083,0.16620000,258.00000000,0.1393
1749265388,0.13920000,49509.20000000,0.139
1749265388,0.13930000,53811.10000000,0.139
1749265388,0.13940000,31044.10000000,0.139
1749265388,0.13950000,53812.60000000,0.139
1749265388,0.13960000,46018.60000000,0.139
1749265388,0.13970000,23596.10000000,0.139
1749265388,0.13980000,24062.50000000,0.139
1749265388,0.13990000,25749.90000000,0.139
1749265388,0.14000000,10012.10000000,0.139
1749265388,0.14010000,14421.00000000,0.139
1749265388,0.14020000,12251.20000000,0.139
1749265388,0.14030000,12009.00000000,0.139
1749265388,0.14040000,902.80000000,0.139
1749265388,0.14050000,9443.80000000,0.139
1749265388,0.14060000,147.80000000,0.139
1749265388,0.14070000,9669.90000000,0.139
1749265388,0.14080000,107.80000000,0.139
1749265388,0.14090000,9389.90000000,0.139
1749265388,0.14100000,54.00000000,0.139
1749265388,0.14110000,9389.80000000,0.139
1749265388,0.14120000,53.90000000,0.139
1749265388,0.14130000,13167.50000000,0.139
1749265388,0.14140000,53.90000000,0.139
1749265388,0.14150000,15414.50000000,0.139
1749265388,0.14160000,2102.90000000,0.139
1749265388,0.14170000,3644.50000000,0.139
1749265388,0.14180000,53.70000000,0.139
1749265388,0.14190000,3932.00000000,0.139
1749265388,0.14240000,56.20000000,0.139
1749265388,0.14260000,217.40000000,0.139
1749265388,0.14270000,900.20000000,0.139
1749265388,0.14280000,36.80000000,0.139
1749265388,0.14290000,1706.90000000,0.139
1749265388,0.14300000,7073.50000000,0.139
1749265388,0.14330000,245.40000000,0.139
1749265388,0.14360000,69.60000000,0.139
1749265388,0.14390000,38.90000000,0.139
1749265388,0.14410000,69.40000000,0.139
1749265388,0.14420000,11200.60000000,0.139
1749265388,0.14440000,7436.30000000,0.139
1749265388,0.14500000,14706.90000000,0.139
1749265388,0.14530000,43.80000000,0.139
1749265388,0.14540000,213.30000000,0.139
1749265388,0.14560000,1766.40000000,0.139
1749265388,0.14570000,7079.40000000,0.139
1749265388,0.14720000,37.30000000,0.139
1749265388,0.14750000,325.30000000,0.139
1749265388,0.14760000,1682.50000000,0.139
1749265388,0.14830000,209.10000000,0.139
1749265388,0.14950000,250.00000000,0.139
1749265388,0.14990000,40.00000000,0.139
1749265388,0.15000000,7155.70000000,0.139
1749265388,0.15100000,55.00000000,0.139
1749265388,0.15130000,204.90000000,0.139
1749265388,0.15150000,37.00000000,0.139
1749265388,0.15200000,119.30000000,0.139
1749265388,0.15240000,34.50000000,0.139
1749265388,0.15250000,468.70000000,0.139
1749265388,0.15300000,4268.20000000,0.139
1749265388,0.15350000,42.30000000,0.139
1749265388,0.15380000,65.50000000,0.139
1749265388,0.15430000,201.00000000,0.139
1749265388,0.15500000,6575.20000000,0.139
1749265388,0.15510000,235432.80000000,0.139
1749265388,0.15530000,130.80000000,0.139
1749265388,0.15580000,35.90000000,0.139
1749265388,0.15670000,1894.50000000,0.139
1749265388,0.15710000,47.70000000,0.139
1749265388,0.15740000,197.00000000,0.139
1749265388,0.15780000,1004.70000000,0.139
1749265388,0.15800000,811.30000000,0.139
1749265388,0.15900000,1257.80000000,0.139
1749265388,0.15990000,176.60000000,0.139
1749265388,0.16000000,7533.00000000,0.139
1749265388,0.16050000,193.20000000,0.139
1749265388,0.16080000,33.20000000,0.139
1749265388,0.16100000,35.20000000,0.139
1749265388,0.16140000,5365.80000000,0.139
1749265388,0.16170000,66.10000000,0.139
1749265388,0.16180000,951.90000000,0.139
1749265388,0.16190000,52.50000000,0.139
1749265388,0.16200000,6429.00000000,0.139
1749265388,0.16270000,22136.70000000,0.139
1749265388,0.16290000,30.70000000,0.139
1749265388,0.16300000,426.70000000,0.139
1749265388,0.16350000,51.80000000,0.139
1749265388,0.16380000,189.30000000,0.139
1749265388,0.16390000,1401.00000000,0.139
1749265388,0.16400000,392.50000000,0.139
1749265388,0.16420000,1223.50000000,0.139
1749265388,0.16450000,83.50000000,0.139
1749265388,0.16480000,75.10000000,0.139
1749265388,0.16500000,10994.20000000,0.139
1749265388,0.16520000,250.00000000,0.139
1749265388,0.16550000,51.10000000,0.139
1749265388,0.16560000,1303.10000000,0.139
1749265388,0.16580000,67.40000000,0.139
1749265388,0.16620000,258.00000000,0.139
1749265388,0.16660000,50.80000000,0.139
1749265388,0.16690000,1998.00000000,0.139
1749265689,0.13960000,53303.80000000,0.1395
1749265689,0.13970000,41438.70000000,0.1395
1749265689,0.13980000,45794.40000000,0.1395
1749265689,0.13990000,52841.90000000,0.1395
1749265689,0.14000000,24207.40000000,0.1395
1749265689,0.14010000,25584.10000000,0.1395
1749265689,0.14020000,15638.30000000,0.1395
1749265689,0.14030000,19441.30000000,0.1395
1749265689,0.14040000,5846.60000000,0.1395
1749265689,0.14050000,12008.80000000,0.1395
1749265689,0.14060000,5362.00000000,0.1395
1749265689,0.14070000,12234.90000000,0.1395
1749265689,0.14080000,6505.60000000,0.1395
1749265689,0.14090000,9389.90000000,0.1395
1749265689,0.14100000,54.00000000,0.1395
1749265689,0.14110000,9389.80000000,0.1395
1749265689,0.14120000,53.90000000,0.1395
1749265689,0.14130000,13167.50000000,0.1395
1749265689,0.14140000,53.90000000,0.1395
1749265689,0.14150000,15414.50000000,0.1395
1749265689,0.14160000,503.60000000,0.1395
1749265689,0.14170000,3644.50000000,0.1395
1749265689,0.14180000,53.70000000,0.1395
1749265689,0.14190000,3590.70000000,0.1395
1749265689,0.14200000,1599.30000000,0.1395
1749265689,0.14230000,341.30000000,0.1395
1749265689,0.14240000,56.20000000,0.1395
1749265689,0.14260000,217.40000000,0.1395
1749265689,0.14280000,36.80000000,0.1395
1749265689,0.14310000,900.20000000,0.1395
1749265689,0.14330000,1952.30000000,0.1395
1749265689,0.14340000,7073.50000000,0.1395
1749265689,0.14360000,69.60000000,0.1395
1749265689,0.14390000,38.90000000,0.1395
1749265689,0.14410000,69.40000000,0.1395
1749265689,0.14420000,11200.60000000,0.1395
1749265689,0.14480000,7436.30000000,0.1395
1749265689,0.14500000,14706.90000000,0.1395
1749265689,0.14530000,43.80000000,0.1395
1749265689,0.14540000,213.30000000,0.1395
1749265689,0.14570000,103.90000000,0.1395
1749265689,0.14600000,1766.40000000,0.1395
1749265689,0.14610000,6975.50000000,0.1395
1749265689,0.14720000,37.30000000,0.1395
1749265689,0.14750000,75.30000000,0.1395
1749265689,0.14760000,1682.50000000,0.1395
1749265689,0.14800000,250.00000000,0.1395
1749265689,0.14830000,209.10000000,0.1395
1749265689,0.14950000,250.00000000,0.1395
1749265689,0.14990000,40.00000000,0.1395
1749265689,0.15000000,7155.70000000,0.1395
1749265689,0.15100000,55.00000000,0.1395
1749265689,0.15130000,204.90000000,0.1395
1749265689,0.15150000,37.00000000,0.1395
1749265689,0.15200000,119.30000000,0.1395
1749265689,0.15240000,34.50000000,0.1395
1749265689,0.15250000,468.70000000,0.1395
1749265689,0.15300000,4268.20000000,0.1395
1749265689,0.15350000,42.30000000,0.1395
1749265689,0.15380000,65.50000000,0.1395
1749265689,0.15430000,201.00000000,0.1395
1749265689,0.15500000,6575.20000000,0.1395
1749265689,0.15510000,235432.80000000,0.1395
1749265689,0.15530000,130.80000000,0.1395
1749265689,0.15580000,35.90000000,0.1395
1749265689,0.15670000,1894.50000000,0.1395
1749265689,0.15710000,47.70000000,0.1395
1749265689,0.15740000,197.00000000,0.1395
1749265689,0.15780000,1004.70000000,0.1395
1749265689,0.15800000,811.30000000,0.1395
1749265689,0.15900000,1257.80000000,0.1395
1749265689,0.15990000,176.60000000,0.1395
1749265689,0.16000000,7533.00000000,0.1395
1749265689,0.16050000,193.20000000,0.1395
1749265689,0.16080000,33.20000000,0.1395
1749265689,0.16100000,35.20000000,0.1395
1749265689,0.16140000,5365.80000000,0.1395
1749265689,0.16170000,66.10000000,0.1395
1749265689,0.16180000,951.90000000,0.1395
1749265689,0.16190000,52.50000000,0.1395
1749265689,0.16200000,6429.00000000,0.1395
1749265689,0.16270000,22136.70000000,0.1395
1749265689,0.16290000,30.70000000,0.1395
1749265689,0.16300000,426.70000000,0.1395
1749265689,0.16350000,51.80000000,0.1395
1749265689,0.16380000,189.30000000,0.1395
1749265689,0.16390000,1401.00000000,0.1395
1749265689,0.16400000,392.50000000,0.1395
1749265689,0.16420000,1223.50000000,0.1395
1749265689,0.16450000,83.50000000,0.1395
1749265689,0.16480000,75.10000000,0.1395
1749265689,0.16500000,10994.20000000,0.1395
1749265689,0.16520000,250.00000000,0.1395
1749265689,0.16550000,51.10000000,0.1395
1749265689,0.16560000,1303.10000000,0.1395
1749265689,0.16580000,67.40000000,0.1395
1749265689,0.16620000,258.00000000,0.1395
1749265689,0.16660000,50.80000000,0.1395
1749265689,0.16690000,1998.00000000,0.1395
1749265689,0.16700000,10310.70000000,0.1395
1749265991,0.14010000,39052.10000000,0.1401
1749265991,0.14020000,34857.00000000,0.1401
1749265991,0.14030000,49981.90000000,0.1401
1749265991,0.14040000,39506.80000000,0.1401
1749265991,0.14050000,42617.30000000,0.1401
1749265991,0.14060000,10855.00000000,0.1401
1749265991,0.14070000,19445.10000000,0.1401
1749265991,0.14080000,14634.40000000,0.1401
1749265991,0.14090000,19155.20000000,0.1401
1749265991,0.14100000,5321.80000000,0.1401
1749265991,0.14110000,13029.10000000,0.1401
1749265991,0.14120000,8364.00000000,0.1401
1749265991,0.14130000,19314.10000000,0.1401
1749265991,0.14140000,53.90000000,0.1401
1749265991,0.14150000,9389.60000000,0.1401
1749265991,0.14160000,53.80000000,0.1401
1749265991,0.14170000,9389.60000000,0.1401
1749265991,0.14180000,53.70000000,0.1401
1749265991,0.14190000,3644.40000000,0.1401
1749265991,0.14200000,6103.80000000,0.1401
1749265991,0.14210000,3644.30000000,0.1401
1749265991,0.14230000,449.80000000,0.1401
1749265991,0.14240000,56.20000000,0.1401
1749265991,0.14260000,1816.70000000,0.1401
1749265991,0.14270000,341.30000000,0.1401
1749265991,0.14280000,36.80000000,0.1401
1749265991,0.14330000,245.40000000,0.1401
1749265991,0.14350000,900.20000000,0.1401
1749265991,0.14360000,69.60000000,0.1401
1749265991,0.14370000,1706.90000000,0.1401
1749265991,0.14380000,7073.50000000,0.1401
1749265991,0.14390000,38.90000000,0.1401
1749265991,0.14410000,69.40000000,0.1401
1749265991,0.14420000,11200.60000000,0.1401
1749265991,0.14500000,14706.90000000,0.1401
1749265991,0.14520000,7436.30000000,0.1401
1749265991,0.14530000,43.80000000,0.1401
1749265991,0.14540000,213.30000000,0.1401
1749265991,0.14570000,103.90000000,0.1401
1749265991,0.14640000,1766.40000000,0.1401
1749265991,0.14650000,6975.50000000,0.1401
1749265991,0.14720000,37.30000000,0.1401
1749265991,0.14750000,75.30000000,0.1401
1749265991,0.14810000,1682.50000000,0.1401
1749265991,0.14830000,209.10000000,0.1401
1749265991,0.14850000,250.00000000,0.1401
1749265991,0.14950000,250.00000000,0.1401
1749265991,0.14990000,40.00000000,0.1401
1749265991,0.15000000,7155.70000000,0.1401
1749265991,0.15100000,55.00000000,0.1401
1749265991,0.15130000,204.90000000,0.1401
1749265991,0.15150000,37.00000000,0.1401
1749265991,0.15200000,119.30000000,0.1401
1749265991,0.15240000,34.50000000,0.1401
1749265991,0.15250000,468.70000000,0.1401
1749265991,0.15300000,4268.20000000,0.1401
1749265991,0.15350000,42.30000000,0.1401
1749265991,0.15380000,65.50000000,0.1401
1749265991,0.15430000,201.00000000,0.1401
1749265991,0.15500000,6575.20000000,0.1401
1749265991,0.15510000,235432.80000000,0.1401
1749265991,0.15530000,130.80000000,0.1401
1749265991,0.15580000,35.90000000,0.1401
1749265991,0.15670000,1894.50000000,0.1401
1749265991,0.15710000,47.70000000,0.1401
1749265991,0.15740000,197.00000000,0.1401
1749265991,0.15780000,1004.70000000,0.1401
1749265991,0.15800000,811.30000000,0.1401
1749265991,0.15900000,1257.80000000,0.1401
1749265991,0.15990000,176.60000000,0.1401
1749265991,0.16000000,7533.00000000,0.1401
1749265991,0.16050000,193.20000000,0.1401
1749265991,0.16080000,33.20000000,0.1401
1749265991,0.16100000,35.20000000,0.1401
1749265991,0.16140000,5365.80000000,0.1401
1749265991,0.16170000,66.10000000,0.1401
1749265991,0.16180000,951.90000000,0.1401
1749265991,0.16190000,52.50000000,0.1401
1749265991,0.16200000,6429.00000000,0.1401
1749265991,0.16270000,22136.70000000,0.1401
1749265991,0.16290000,30.70000000,0.1401
1749265991,0.16300000,426.70000000,0.1401
1749265991,0.16350000,51.80000000,0.1401
1749265991,0.16380000,189.30000000,0.1401
1749265991,0.16390000,1401.00000000,0.1401
1749265991,0.16400000,392.50000000,0.1401
1749265991,0.16420000,1223.50000000,0.1401
1749265991,0.16450000,83.50000000,0.1401
1749265991,0.16480000,75.10000000,0.1401
1749265991,0.16500000,10994.20000000,0.1401
1749265991,0.16520000,250.00000000,0.1401
1749265991,0.16550000,51.10000000,0.1401
1749265991,0.16560000,1303.10000000,0.1401
1749265991,0.16580000,67.40000000,0.1401
1749265991,0.16620000,258.00000000,0.1401
1749265991,0.16660000,50.80000000,0.1401
1749265991,0.16690000,1998.00000000,0.1401
1749265991,0.16700000,10310.70000000,0.1401
1749265991,0.16740000,408.30000000,0.1401
1749265991,0.16760000,50.50000000,0.1401
1749266297,0.14010000,22157.80000000,0.14
1749266297,0.14020000,77575.80000000,0.14
1749266297,0.14030000,63463.30000000,0.14
1749266297,0.14040000,38750.10000000,0.14
1749266297,0.14050000,31883.60000000,0.14
1749266297,0.14060000,14200.40000000,0.14
1749266297,0.14070000,19488.70000000,0.14
1749266297,0.14080000,9757.70000000,0.14
1749266297,0.14090000,17982.70000000,0.14
1749266297,0.14100000,8215.60000000,0.14
1749266297,0.14110000,13029.10000000,0.14
1749266297,0.14120000,8417.60000000,0.14
1749266297,0.14130000,19314.10000000,0.14
1749266297,0.14140000,6451.70000000,0.14
1749266297,0.14150000,11954.60000000,0.14
1749266297,0.14160000,53.80000000,0.14
1749266297,0.14170000,11954.60000000,0.14
1749266297,0.14180000,53.70000000,0.14
1749266297,0.14190000,6209.40000000,0.14
1749266297,0.14200000,53.60000000,0.14
1749266297,0.14210000,3644.30000000,0.14
1749266297,0.14220000,53.60000000,0.14
1749266297,0.14230000,4040.50000000,0.14
1749266297,0.14240000,56.20000000,0.14
1749266297,0.14260000,7861.40000000,0.14
1749266297,0.14270000,341.30000000,0.14
1749266297,0.14280000,36.80000000,0.14
1749266297,0.14330000,245.40000000,0.14
1749266297,0.14350000,900.20000000,0.14
1749266297,0.14360000,69.60000000,0.14
1749266297,0.14380000,7073.50000000,0.14
1749266297,0.14390000,38.90000000,0.14
1749266297,0.14410000,1776.30000000,0.14
1749266297,0.14500000,14706.90000000,0.14
1749266297,0.14520000,7436.30000000,0.14
1749266297,0.14530000,11041.50000000,0.14
1749266297,0.14540000,213.30000000,0.14
1749266297,0.14570000,103.90000000,0.14
1749266297,0.14640000,1766.40000000,0.14
1749266297,0.14650000,6975.50000000,0.14
1749266297,0.14720000,37.30000000,0.14
1749266297,0.14750000,75.30000000,0.14
1749266297,0.14830000,209.10000000,0.14
1749266297,0.14850000,250.00000000,0.14
1749266297,0.14900000,1682.50000000,0.14
1749266297,0.14950000,250.00000000,0.14
1749266297,0.14990000,40.00000000,0.14
1749266297,0.15000000,7155.70000000,0.14
1749266297,0.15100000,55.00000000,0.14
1749266297,0.15130000,204.90000000,0.14
1749266297,0.15150000,37.00000000,0.14
1749266297,0.15200000,119.30000000,0.14
1749266297,0.15240000,34.50000000,0.14
1749266297,0.15250000,468.70000000,0.14
1749266297,0.15300000,4268.20000000,0.14
1749266297,0.15350000,42.30000000,0.14
1749266297,0.15380000,65.50000000,0.14
1749266297,0.15430000,201.00000000,0.14
1749266297,0.15500000,6575.20000000,0.14
1749266297,0.15510000,235432.80000000,0.14
1749266297,0.15530000,130.80000000,0.14
1749266297,0.15580000,35.90000000,0.14
1749266297,0.15670000,1894.50000000,0.14
1749266297,0.15710000,47.70000000,0.14
1749266297,0.15740000,197.00000000,0.14
1749266297,0.15780000,1004.70000000,0.14
1749266297,0.15800000,811.30000000,0.14
1749266297,0.15900000,1257.80000000,0.14
1749266297,0.15990000,176.60000000,0.14
1749266297,0.16000000,7533.00000000,0.14
1749266297,0.16050000,193.20000000,0.14
1749266297,0.16080000,33.20000000,0.14
1749266297,0.16100000,35.20000000,0.14
1749266297,0.16140000,5365.80000000,0.14
1749266297,0.16170000,66.10000000,0.14
1749266297,0.16180000,951.90000000,0.14
1749266297,0.16190000,52.50000000,0.14
1749266297,0.16200000,6429.00000000,0.14
1749266297,0.16270000,22136.70000000,0.14
1749266297,0.16290000,30.70000000,0.14
1749266297,0.16300000,426.70000000,0.14
1749266297,0.16350000,51.80000000,0.14
1749266297,0.16380000,189.30000000,0.14
1749266297,0.16390000,1401.00000000,0.14
1749266297,0.16400000,392.50000000,0.14
1749266297,0.16420000,1223.50000000,0.14
1749266297,0.16450000,83.50000000,0.14
1749266297,0.16480000,75.10000000,0.14
1749266297,0.16500000,10994.20000000,0.14
1749266297,0.16520000,250.00000000,0.14
1749266297,0.16550000,51.10000000,0.14
1749266297,0.16560000,1303.10000000,0.14
1749266297,0.16580000,67.40000000,0.14
1749266297,0.16620000,258.00000000,0.14
1749266297,0.16660000,50.80000000,0.14
1749266297,0.16690000,1998.00000000,0.14
1749266297,0.16700000,10310.70000000,0.14
1749266297,0.16740000,408.30000000,0.14
1749266297,0.16760000,50.50000000,0.14
1749266297,0.16770000,854.40000000,0.14
1749266599,0.13980000,62311.10000000,0.1397
1749266599,0.13990000,39803.40000000,0.1397
1749266599,0.14000000,33843.40000000,0.1397
1749266599,0.14010000,47322.50000000,0.1397
1749266599,0.14020000,29857.20000000,0.1397
1749266599,0.14030000,29505.30000000,0.1397
1749266599,0.14040000,14486.10000000,0.1397
1749266599,0.14050000,14917.50000000,0.1397
1749266599,0.14060000,5698.60000000,0.1397
1749266599,0.14070000,16136.60000000,0.1397
1749266599,0.14080000,2672.80000000,0.1397
1749266599,0.14090000,14657.80000000,0.1397
1749266599,0.14100000,2672.60000000,0.1397
1749266599,0.14110000,13029.10000000,0.1397
1749266599,0.14120000,8417.60000000,0.1397
1749266599,0.14130000,15732.50000000,0.1397
1749266599,0.14140000,6451.70000000,0.1397
1749266599,0.14150000,11954.60000000,0.1397
1749266599,0.14160000,53.80000000,0.1397
1749266599,0.14170000,11954.60000000,0.1397
1749266599,0.14180000,53.70000000,0.1397
1749266599,0.14190000,3644.40000000,0.1397
1749266599,0.14200000,53.60000000,0.1397
1749266599,0.14210000,9652.30000000,0.1397
1749266599,0.14220000,1652.90000000,0.1397
1749266599,0.14230000,4381.80000000,0.1397
1749266599,0.14240000,56.20000000,0.1397
1749266599,0.14260000,217.40000000,0.1397
1749266599,0.14280000,36.80000000,0.1397
1749266599,0.14330000,245.40000000,0.1397
1749266599,0.14350000,900.20000000,0.1397
1749266599,0.14360000,69.60000000,0.1397
1749266599,0.14370000,1706.90000000,0.1397
1749266599,0.14380000,7073.50000000,0.1397
1749266599,0.14390000,38.90000000,0.1397
1749266599,0.14410000,69.40000000,0.1397
1749266599,0.14500000,14706.90000000,0.1397
1749266599,0.14520000,7436.30000000,0.1397
1749266599,0.14530000,11041.50000000,0.1397
1749266599,0.14540000,213.30000000,0.1397
1749266599,0.14570000,103.90000000,0.1397
1749266599,0.14600000,1766.40000000,0.1397
1749266599,0.14610000,6975.50000000,0.1397
1749266599,0.14720000,37.30000000,0.1397
1749266599,0.14750000,75.30000000,0.1397
1749266599,0.14820000,250.00000000,0.1397
1749266599,0.14830000,209.10000000,0.1397
1749266599,0.14900000,1682.50000000,0.1397
1749266599,0.14950000,250.00000000,0.1397
1749266599,0.14990000,40.00000000,0.1397
1749266599,0.15000000,7155.70000000,0.1397
1749266599,0.15100000,55.00000000,0.1397
1749266599,0.15130000,204.90000000,0.1397
1749266599,0.15150000,37.00000000,0.1397
1749266599,0.15200000,119.30000000,0.1397
1749266599,0.15240000,34.50000000,0.1397
1749266599,0.15250000,468.70000000,0.1397
1749266599,0.15300000,4268.20000000,0.1397
1749266599,0.15350000,42.30000000,0.1397
1749266599,0.15380000,65.50000000,0.1397
1749266599,0.15430000,201.00000000,0.1397
1749266599,0.15500000,6575.20000000,0.1397
1749266599,0.15510000,235432.80000000,0.1397
1749266599,0.15530000,130.80000000,0.1397
1749266599,0.15580000,35.90000000,0.1397
1749266599,0.15670000,1894.50000000,0.1397
1749266599,0.15710000,47.70000000,0.1397
1749266599,0.15740000,197.00000000,0.1397
1749266599,0.15780000,1004.70000000,0.1397
1749266599,0.15800000,811.30000000,0.1397
1749266599,0.15900000,1257.80000000,0.1397
1749266599,0.15990000,176.60000000,0.1397
1749266599,0.16000000,7533.00000000,0.1397
1749266599,0.16050000,193.20000000,0.1397
1749266599,0.16080000,33.20000000,0.1397
1749266599,0.16100000,35.20000000,0.1397
1749266599,0.16140000,5365.80000000,0.1397
1749266599,0.16170000,66.10000000,0.1397
1749266599,0.16180000,951.90000000,0.1397
1749266599,0.16190000,52.50000000,0.1397
1749266599,0.16200000,6429.00000000,0.1397
1749266599,0.16270000,22136.70000000,0.1397
1749266599,0.16290000,30.70000000,0.1397
1749266599,0.16300000,426.70000000,0.1397
1749266599,0.16350000,51.80000000,0.1397
1749266599,0.16380000,189.30000000,0.1397
1749266599,0.16390000,1401.00000000,0.1397
1749266599,0.16400000,392.50000000,0.1397
1749266599,0.16420000,1223.50000000,0.1397
1749266599,0.16450000,83.50000000,0.1397
1749266599,0.16480000,75.10000000,0.1397
1749266599,0.16500000,10994.20000000,0.1397
1749266599,0.16520000,250.00000000,0.1397
1749266599,0.16550000,51.10000000,0.1397
1749266599,0.16560000,1303.10000000,0.1397
1749266599,0.16580000,67.40000000,0.1397
1749266599,0.16590000,124.10000000,0.1397
1749266599,0.16620000,258.00000000,0.1397
1749266599,0.16660000,50.80000000,0.1397
1749266599,0.16690000,1998.00000000,0.1397
1749266901,0.14010000,35597.20000000,0.1399
1749266901,0.14020000,33929.00000000,0.1399
1749266901,0.14030000,71474.50000000,0.1399
1749266901,0.14040000,39494.00000000,0.1399
1749266901,0.14050000,42090.50000000,0.1399
1749266901,0.14060000,12973.80000000,0.1399
1749266901,0.14070000,26098.50000000,0.1399
1749266901,0.14080000,12151.10000000,0.1399
1749266901,0.14090000,13436.60000000,0.1399
1749266901,0.14100000,7761.30000000,0.1399
1749266901,0.14110000,13071.60000000,0.1399
1749266901,0.14120000,5852.60000000,0.1399
1749266901,0.14130000,12802.80000000,0.1399
1749266901,0.14140000,3886.70000000,0.1399
1749266901,0.14150000,9389.60000000,0.1399
1749266901,0.14160000,53.80000000,0.1399
1749266901,0.14170000,9389.60000000,0.1399
1749266901,0.14180000,418.40000000,0.1399
1749266901,0.14190000,3644.40000000,0.1399
1749266901,0.14200000,53.60000000,0.1399
1749266901,0.14210000,3644.30000000,0.1399
1749266901,0.14220000,53.60000000,0.1399
1749266901,0.14230000,4040.50000000,0.1399
1749266901,0.14240000,56.20000000,0.1399
1749266901,0.14260000,7904.20000000,0.1399
1749266901,0.14270000,341.30000000,0.1399
1749266901,0.14280000,36.80000000,0.1399
1749266901,0.14290000,2802.70000000,0.1399
1749266901,0.14330000,245.40000000,0.1399
1749266901,0.14350000,900.20000000,0.1399
1749266901,0.14360000,69.60000000,0.1399
1749266901,0.14380000,7073.50000000,0.1399
1749266901,0.14390000,94.50000000,0.1399
1749266901,0.14410000,1776.30000000,0.1399
1749266901,0.14500000,13413.10000000,0.1399
1749266901,0.14520000,7436.30000000,0.1399
1749266901,0.14530000,11041.50000000,0.1399
1749266901,0.14540000,213.30000000,0.1399
1749266901,0.14570000,103.90000000,0.1399
1749266901,0.14640000,1766.40000000,0.1399
1749266901,0.14650000,6975.50000000,0.1399
1749266901,0.14670000,68.20000000,0.1399
1749266901,0.14720000,37.30000000,0.1399
1749266901,0.14750000,75.30000000,0.1399
1749266901,0.14830000,209.10000000,0.1399
1749266901,0.14850000,250.00000000,0.1399
1749266901,0.14900000,1682.50000000,0.1399
1749266901,0.14950000,250.00000000,0.1399
1749266901,0.14990000,40.00000000,0.1399
1749266901,0.15000000,7155.70000000,0.1399
1749266901,0.15100000,55.00000000,0.1399
1749266901,0.15130000,204.90000000,0.1399
1749266901,0.15150000,37.00000000,0.1399
1749266901,0.15200000,119.30000000,0.1399
1749266901,0.15240000,34.50000000,0.1399
1749266901,0.15250000,468.70000000,0.1399
1749266901,0.15300000,4268.20000000,0.1399
1749266901,0.15350000,42.30000000,0.1399
1749266901,0.15380000,65.50000000,0.1399
1749266901,0.15430000,201.00000000,0.1399
1749266901,0.15500000,6575.20000000,0.1399
1749266901,0.15510000,235432.80000000,0.1399
1749266901,0.15530000,130.80000000,0.1399
1749266901,0.15580000,35.90000000,0.1399
1749266901,0.15670000,1894.50000000,0.1399
1749266901,0.15710000,47.70000000,0.1399
1749266901,0.15740000,197.00000000,0.1399
1749266901,0.15780000,1004.70000000,0.1399
1749266901,0.15800000,811.30000000,0.1399
1749266901,0.15900000,1257.80000000,0.1399
1749266901,0.15990000,176.60000000,0.1399
1749266901,0.16000000,7533.00000000,0.1399
1749266901,0.16050000,193.20000000,0.1399
1749266901,0.16080000,33.20000000,0.1399
1749266901,0.16100000,35.20000000,0.1399
1749266901,0.16140000,5365.80000000,0.1399
1749266901,0.16170000,66.10000000,0.1399
1749266901,0.16180000,951.90000000,0.1399
1749266901,0.16190000,52.50000000,0.1399
1749266901,0.16200000,6429.00000000,0.1399
1749266901,0.16270000,22136.70000000,0.1399
1749266901,0.16290000,30.70000000,0.1399
1749266901,0.16300000,426.70000000,0.1399
1749266901,0.16350000,51.80000000,0.1399
1749266901,0.16380000,189.30000000,0.1399
1749266901,0.16390000,1401.00000000,0.1399
1749266901,0.16400000,392.50000000,0.1399
1749266901,0.16420000,1223.50000000,0.1399
1749266901,0.16450000,83.50000000,0.1399
1749266901,0.16480000,75.10000000,0.1399
1749266901,0.16500000,10994.20000000,0.1399
1749266901,0.16520000,250.00000000,0.1399
1749266901,0.16550000,51.10000000,0.1399
1749266901,0.16560000,1303.10000000,0.1399
1749266901,0.16580000,67.40000000,0.1399
1749266901,0.16590000,124.10000000,0.1399
1749266901,0.16620000,258.00000000,0.1399
1749266901,0.16660000,50.80000000,0.1399
1749266901,0.16690000,1998.00000000,0.1399
1749266901,0.16700000,10310.70000000,0.1399
1749267202,0.13970000,32726.70000000,0.1396
1749267202,0.13980000,36640.40000000,0.1396
1749267202,0.13990000,50836.20000000,0.1396
1749267202,0.14000000,50704.90000000,0.1396
1749267202,0.14010000,47806.20000000,0.1396
1749267202,0.14020000,18059.60000000,0.1396
1749267202,0.14030000,24793.90000000,0.1396
1749267202,0.14040000,14777.30000000,0.1396
1749267202,0.14050000,15577.60000000,0.1396
1749267202,0.14060000,8754.70000000,0.1396
1749267202,0.14070000,15577.60000000,0.1396
1749267202,0.14080000,107.80000000,0.1396
1749267202,0.14090000,9443.60000000,0.1396
1749267202,0.14100000,107.60000000,0.1396
1749267202,0.14110000,10506.60000000,0.1396
1749267202,0.14120000,5852.60000000,0.1396
1749267202,0.14130000,12802.80000000,0.1396
1749267202,0.14140000,3886.70000000,0.1396
1749267202,0.14150000,9389.60000000,0.1396
1749267202,0.14160000,53.80000000,0.1396
1749267202,0.14170000,9389.60000000,0.1396
1749267202,0.14180000,418.40000000,0.1396
1749267202,0.14190000,3644.40000000,0.1396
1749267202,0.14200000,53.60000000,0.1396
1749267202,0.14210000,9625.30000000,0.1396
1749267202,0.14220000,1652.90000000,0.1396
1749267202,0.14230000,4381.80000000,0.1396
1749267202,0.14240000,56.20000000,0.1396
1749267202,0.14260000,217.40000000,0.1396
1749267202,0.14280000,36.80000000,0.1396
1749267202,0.14290000,2802.70000000,0.1396
1749267202,0.14330000,245.40000000,0.1396
1749267202,0.14340000,7073.50000000,0.1396
1749267202,0.14350000,900.20000000,0.1396
1749267202,0.14360000,69.60000000,0.1396
1749267202,0.14370000,1706.90000000,0.1396
1749267202,0.14390000,94.50000000,0.1396
1749267202,0.14410000,69.40000000,0.1396
1749267202,0.14480000,7436.30000000,0.1396
1749267202,0.14500000,13413.10000000,0.1396
1749267202,0.14530000,11041.50000000,0.1396
1749267202,0.14540000,213.30000000,0.1396
1749267202,0.14570000,103.90000000,0.1396
1749267202,0.14600000,1766.40000000,0.1396
1749267202,0.14610000,6975.50000000,0.1396
1749267202,0.14670000,68.20000000,0.1396
1749267202,0.14720000,37.30000000,0.1396
1749267202,0.14750000,75.30000000,0.1396
1749267202,0.14810000,250.00000000,0.1396
1749267202,0.14830000,209.10000000,0.1396
1749267202,0.14860000,1682.50000000,0.1396
1749267202,0.14950000,250.00000000,0.1396
1749267202,0.14990000,40.00000000,0.1396
1749267202,0.15000000,7155.70000000,0.1396
1749267202,0.15100000,55.00000000,0.1396
1749267202,0.15130000,204.90000000,0.1396
1749267202,0.15150000,37.00000000,0.1396
1749267202,0.15200000,119.30000000,0.1396
1749267202,0.15240000,34.50000000,0.1396
1749267202,0.15250000,468.70000000,0.1396
1749267202,0.15300000,4268.20000000,0.1396
1749267202,0.15350000,42.30000000,0.1396
1749267202,0.15380000,65.50000000,0.1396
1749267202,0.15430000,201.00000000,0.1396
1749267202,0.15500000,6575.20000000,0.1396
1749267202,0.15510000,235432.80000000,0.1396
1749267202,0.15530000,130.80000000,0.1396
1749267202,0.15580000,35.90000000,0.1396
1749267202,0.15670000,1894.50000000,0.1396
1749267202,0.15710000,47.70000000,0.1396
1749267202,0.15740000,197.00000000,0.1396
1749267202,0.15780000,1004.70000000,0.1396
1749267202,0.15800000,811.30000000,0.1396
1749267202,0.15900000,1257.80000000,0.1396
1749267202,0.15990000,176.60000000,0.1396
1749267202,0.16000000,7533.00000000,0.1396
1749267202,0.16050000,193.20000000,0.1396
1749267202,0.16080000,33.20000000,0.1396
1749267202,0.16100000,35.20000000,0.1396
1749267202,0.16140000,5365.80000000,0.1396
1749267202,0.16170000,66.10000000,0.1396
1749267202,0.16180000,951.90000000,0.1396
1749267202,0.16190000,52.50000000,0.1396
1749267202,0.16200000,6429.00000000,0.1396
1749267202,0.16270000,22136.70000000,0.1396
1749267202,0.16290000,30.70000000,0.1396
1749267202,0.16300000,426.70000000,0.1396
1749267202,0.16350000,51.80000000,0.1396
1749267202,0.16380000,189.30000000,0.1396
1749267202,0.16390000,1401.00000000,0.1396
1749267202,0.16400000,392.50000000,0.1396
1749267202,0.16420000,1223.50000000,0.1396
1749267202,0.16450000,83.50000000,0.1396
1749267202,0.16480000,75.10000000,0.1396
1749267202,0.16500000,10994.20000000,0.1396
1749267202,0.16520000,250.00000000,0.1396
1749267202,0.16550000,51.10000000,0.1396
1749267202,0.16560000,1303.10000000,0.1396
1749267202,0.16580000,67.40000000,0.1396
1749267202,0.16590000,124.10000000,0.1396
1749267509,0.13970000,15895.60000000,0.1396
1749267509,0.13980000,51258.60000000,0.1396
1749267509,0.13990000,63285.00000000,0.1396
1749267509,0.14000000,48581.60000000,0.1396
1749267509,0.14010000,32049.80000000,0.1396
1749267509,0.14020000,24404.40000000,0.1396
1749267509,0.14030000,26004.50000000,0.1396
1749267509,0.14040000,17682.80000000,0.1396
1749267509,0.14050000,14904.70000000,0.1396
1749267509,0.14060000,11304.60000000,0.1396
1749267509,0.14070000,17262.90000000,0.1396
1749267509,0.14080000,5087.70000000,0.1396
1749267509,0.14090000,12008.60000000,0.1396
1749267509,0.14100000,107.60000000,0.1396
1749267509,0.14110000,10506.60000000,0.1396
1749267509,0.14120000,5852.60000000,0.1396
1749267509,0.14130000,12802.80000000,0.1396
1749267509,0.14140000,3886.70000000,0.1396
1749267509,0.14150000,9389.60000000,0.1396
1749267509,0.14160000,53.80000000,0.1396
1749267509,0.14170000,9389.60000000,0.1396
1749267509,0.14180000,418.40000000,0.1396
1749267509,0.14190000,3644.40000000,0.1396
1749267509,0.14200000,53.60000000,0.1396
1749267509,0.14210000,11224.60000000,0.1396
1749267509,0.14220000,53.60000000,0.1396
1749267509,0.14230000,4381.80000000,0.1396
1749267509,0.14240000,56.20000000,0.1396
1749267509,0.14260000,217.40000000,0.1396
1749267509,0.14280000,36.80000000,0.1396
1749267509,0.14290000,2802.70000000,0.1396
1749267509,0.14330000,245.40000000,0.1396
1749267509,0.14350000,900.20000000,0.1396
1749267509,0.14360000,69.60000000,0.1396
1749267509,0.14370000,1706.90000000,0.1396
1749267509,0.14380000,7073.50000000,0.1396
1749267509,0.14390000,94.50000000,0.1396
1749267509,0.14410000,69.40000000,0.1396
1749267509,0.14480000,7436.30000000,0.1396
1749267509,0.14500000,13413.10000000,0.1396
1749267509,0.14530000,11041.50000000,0.1396
1749267509,0.14540000,213.30000000,0.1396
1749267509,0.14570000,103.90000000,0.1396
1749267509,0.14600000,1766.40000000,0.1396
1749267509,0.14610000,6975.50000000,0.1396
1749267509,0.14670000,68.20000000,0.1396
1749267509,0.14720000,37.30000000,0.1396
1749267509,0.14750000,75.30000000,0.1396
1749267509,0.14810000,250.00000000,0.1396
1749267509,0.14830000,1891.60000000,0.1396
1749267509,0.14950000,250.00000000,0.1396
1749267509,0.14990000,40.00000000,0.1396
1749267509,0.15000000,7155.70000000,0.1396
1749267509,0.15100000,55.00000000,0.1396
1749267509,0.15130000,204.90000000,0.1396
1749267509,0.15150000,37.00000000,0.1396
1749267509,0.15200000,119.30000000,0.1396
1749267509,0.15240000,34.50000000,0.1396
1749267509,0.15250000,468.70000000,0.1396
1749267509,0.15300000,4268.20000000,0.1396
1749267509,0.15350000,42.30000000,0.1396
1749267509,0.15380000,65.50000000,0.1396
1749267509,0.15430000,201.00000000,0.1396
1749267509,0.15500000,6575.20000000,0.1396
1749267509,0.15510000,235432.80000000,0.1396
1749267509,0.15530000,130.80000000,0.1396
1749267509,0.15580000,35.90000000,0.1396
1749267509,0.15670000,1894.50000000,0.1396
1749267509,0.15710000,47.70000000,0.1396
1749267509,0.15740000,197.00000000,0.1396
1749267509,0.15780000,1004.70000000,0.1396
1749267509,0.15800000,811.30000000,0.1396
1749267509,0.15900000,1257.80000000,0.1396
1749267509,0.15990000,176.60000000,0.1396
1749267509,0.16000000,7533.00000000,0.1396
1749267509,0.16050000,193.20000000,0.1396
1749267509,0.16080000,33.20000000,0.1396
1749267509,0.16100000,35.20000000,0.1396
1749267509,0.16140000,5365.80000000,0.1396
1749267509,0.16170000,66.10000000,0.1396
1749267509,0.16180000,951.90000000,0.1396
1749267509,0.16190000,52.50000000,0.1396
1749267509,0.16200000,6429.00000000,0.1396
1749267509,0.16270000,22136.70000000,0.1396
1749267509,0.16290000,30.70000000,0.1396
1749267509,0.16300000,426.70000000,0.1396
1749267509,0.16350000,51.80000000,0.1396
1749267509,0.16380000,189.30000000,0.1396
1749267509,0.16390000,1401.00000000,0.1396
1749267509,0.16400000,392.50000000,0.1396
1749267509,0.16420000,1223.50000000,0.1396
1749267509,0.16450000,83.50000000,0.1396
1749267509,0.16480000,75.10000000,0.1396
1749267509,0.16500000,10994.20000000,0.1396
1749267509,0.16520000,250.00000000,0.1396
1749267509,0.16550000,51.10000000,0.1396
1749267509,0.16560000,1303.10000000,0.1396
1749267509,0.16580000,67.40000000,0.1396
1749267509,0.16590000,124.10000000,0.1396
1749267509,0.16620000,258.00000000,0.1396
1749267810,0.13990000,9789.30000000,0.1399
1749267810,0.14000000,52057.60000000,0.1399
1749267810,0.14010000,70676.00000000,0.1399
1749267810,0.14020000,30005.00000000,0.1399
1749267810,0.14030000,26187.70000000,0.1399
1749267810,0.14040000,19228.90000000,0.1399
1749267810,0.14050000,24462.40000000,0.1399
1749267810,0.14060000,10119.70000000,0.1399
1749267810,0.14070000,19796.50000000,0.1399
1749267810,0.14080000,5087.70000000,0.1399
1749267810,0.14090000,16087.30000000,0.1399
1749267810,0.14100000,6247.80000000,0.1399
