timestamp,price,volume,current_price
1749258416,0.13850000,9217.70000000,0.1385
1749258416,0.13860000,30937.60000000,0.1385
1749258416,0.13870000,40136.80000000,0.1385
1749258416,0.13880000,68175.80000000,0.1385
1749258416,0.13890000,46191.70000000,0.1385
1749258416,0.13900000,16774.10000000,0.1385
1749258416,0.13910000,19029.00000000,0.1385
1749258416,0.13920000,13674.80000000,0.1385
1749258416,0.13930000,20104.70000000,0.1385
1749258416,0.13940000,7927.40000000,0.1385
1749258416,0.13950000,14489.50000000,0.1385
1749258416,0.13960000,7735.20000000,0.1385
1749258416,0.13970000,12009.60000000,0.1385
1749258416,0.13980000,8644.80000000,0.1385
1749258416,0.13990000,15842.20000000,0.1385
1749258416,0.14000000,12691.40000000,0.1385
1749258416,0.14010000,12319.90000000,0.1385
1749258416,0.14020000,2662.20000000,0.1385
1749258416,0.14030000,11955.10000000,0.1385
1749258416,0.14040000,2619.30000000,0.1385
1749258416,0.14050000,11955.00000000,0.1385
1749258416,0.14060000,2659.00000000,0.1385
1749258416,0.14070000,6273.90000000,0.1385
1749258416,0.14080000,54.10000000,0.1385
1749258416,0.14090000,6209.80000000,0.1385
1749258416,0.14100000,7686.70000000,0.1385
1749258416,0.14110000,3590.70000000,0.1385
1749258416,0.14120000,449.80000000,0.1385
1749258416,0.14130000,7003.80000000,0.1385
1749258416,0.14140000,341.30000000,0.1385
1749258416,0.14160000,56.50000000,0.1385
1749258416,0.14230000,900.20000000,0.1385
1749258416,0.14240000,56.20000000,0.1385
1749258416,0.14250000,1706.90000000,0.1385
1749258416,0.14260000,7290.90000000,0.1385
1749258416,0.14280000,36.80000000,0.1385
1749258416,0.14300000,69.90000000,0.1385
1749258416,0.14330000,11351.60000000,0.1385
1749258416,0.14340000,83.70000000,0.1385
1749258416,0.14360000,7505.90000000,0.1385
1749258416,0.14390000,38.90000000,0.1385
1749258416,0.14410000,69.40000000,0.1385
1749258416,0.14500000,1637.90000000,0.1385
1749258416,0.14520000,8741.90000000,0.1385
1749258416,0.14530000,43.80000000,0.1385
1749258416,0.14540000,213.30000000,0.1385
1749258416,0.14570000,103.90000000,0.1385
1749258416,0.14680000,1932.50000000,0.1385
1749258416,0.14720000,37.30000000,0.1385
1749258416,0.14750000,75.30000000,0.1385
1749258416,0.14830000,209.10000000,0.1385
1749258416,0.14950000,250.00000000,0.1385
1749258416,0.14990000,40.00000000,0.1385
1749258416,0.15000000,7155.70000000,0.1385
1749258416,0.15100000,55.00000000,0.1385
1749258416,0.15130000,204.90000000,0.1385
1749258416,0.15150000,37.00000000,0.1385
1749258416,0.15200000,119.30000000,0.1385
1749258416,0.15240000,34.50000000,0.1385
1749258416,0.15250000,468.70000000,0.1385
1749258416,0.15300000,4268.20000000,0.1385
1749258416,0.15350000,42.30000000,0.1385
1749258416,0.15380000,65.50000000,0.1385
1749258416,0.15430000,201.00000000,0.1385
1749258416,0.15500000,6575.20000000,0.1385
1749258416,0.15510000,235432.80000000,0.1385
1749258416,0.15530000,130.80000000,0.1385
1749258416,0.15580000,35.90000000,0.1385
1749258416,0.15670000,1894.50000000,0.1385
1749258416,0.15710000,47.70000000,0.1385
1749258416,0.15740000,197.00000000,0.1385
1749258416,0.15780000,1004.70000000,0.1385
1749258416,0.15800000,811.30000000,0.1385
1749258416,0.15900000,1257.80000000,0.1385
1749258416,0.15990000,176.60000000,0.1385
1749258416,0.16000000,6083.30000000,0.1385
1749258416,0.16050000,193.20000000,0.1385
1749258416,0.16080000,33.20000000,0.1385
1749258416,0.16100000,35.20000000,0.1385
1749258416,0.16140000,5365.80000000,0.1385
1749258416,0.16170000,66.10000000,0.1385
1749258416,0.16180000,951.90000000,0.1385
1749258416,0.16190000,52.50000000,0.1385
1749258416,0.16200000,6429.00000000,0.1385
1749258416,0.16270000,22136.70000000,0.1385
1749258416,0.16290000,30.70000000,0.1385
1749258416,0.16300000,426.70000000,0.1385
1749258416,0.16350000,51.80000000,0.1385
1749258416,0.16380000,189.30000000,0.1385
1749258416,0.16390000,1401.00000000,0.1385
1749258416,0.16400000,392.50000000,0.1385
1749258416,0.16420000,1223.50000000,0.1385
1749258416,0.16450000,83.50000000,0.1385
1749258416,0.16480000,75.10000000,0.1385
1749258416,0.16500000,10994.20000000,0.1385
1749258416,0.16520000,250.00000000,0.1385
1749258416,0.16550000,51.10000000,0.1385
1749258416,0.16560000,1303.10000000,0.1385
1749258416,0.16580000,67.40000000,0.1385
1749258416,0.16620000,258.00000000,0.1385
1749258752,0.13870000,16212.30000000,0.1386
1749258752,0.13880000,29549.30000000,0.1386
1749258752,0.13890000,31101.80000000,0.1386
1749258752,0.13900000,36356.20000000,0.1386
1749258752,0.13910000,18739.30000000,0.1386
1749258752,0.13920000,23879.70000000,0.1386
1749258752,0.13930000,17263.20000000,0.1386
1749258752,0.13940000,7927.40000000,0.1386
1749258752,0.13950000,14670.00000000,0.1386
1749258752,0.13960000,8418.90000000,0.1386
1749258752,0.13970000,21782.50000000,0.1386
1749258752,0.13980000,8825.30000000,0.1386
1749258752,0.13990000,18491.40000000,0.1386
1749258752,0.14000000,2939.40000000,0.1386
1749258752,0.14010000,12500.40000000,0.1386
1749258752,0.14020000,2662.20000000,0.1386
1749258752,0.14030000,11955.10000000,0.1386
1749258752,0.14040000,2799.70000000,0.1386
1749258752,0.14050000,11955.00000000,0.1386
1749258752,0.14060000,2659.00000000,0.1386
1749258752,0.14070000,6273.90000000,0.1386
1749258752,0.14080000,54.10000000,0.1386
1749258752,0.14090000,6209.80000000,0.1386
1749258752,0.14100000,2565.00000000,0.1386
1749258752,0.14110000,5190.00000000,0.1386
1749258752,0.14120000,449.80000000,0.1386
1749258752,0.14130000,7003.80000000,0.1386
1749258752,0.14140000,341.30000000,0.1386
1749258752,0.14160000,56.50000000,0.1386
1749258752,0.14230000,900.20000000,0.1386
1749258752,0.14240000,56.20000000,0.1386
1749258752,0.14250000,1706.90000000,0.1386
1749258752,0.14260000,7290.90000000,0.1386
1749258752,0.14280000,36.80000000,0.1386
1749258752,0.14300000,69.90000000,0.1386
1749258752,0.14330000,315.20000000,0.1386
1749258752,0.14340000,83.70000000,0.1386
1749258752,0.14360000,7505.90000000,0.1386
1749258752,0.14390000,38.90000000,0.1386
1749258752,0.14410000,69.40000000,0.1386
1749258752,0.14500000,14637.90000000,0.1386
1749258752,0.14520000,8741.90000000,0.1386
1749258752,0.14530000,43.80000000,0.1386
1749258752,0.14540000,213.30000000,0.1386
1749258752,0.14570000,103.90000000,0.1386
1749258752,0.14680000,1682.50000000,0.1386
1749258752,0.14700000,250.00000000,0.1386
1749258752,0.14720000,37.30000000,0.1386
1749258752,0.14750000,75.30000000,0.1386
1749258752,0.14830000,209.10000000,0.1386
1749258752,0.14950000,250.00000000,0.1386
1749258752,0.14990000,40.00000000,0.1386
1749258752,0.15000000,7155.70000000,0.1386
1749258752,0.15100000,55.00000000,0.1386
1749258752,0.15130000,204.90000000,0.1386
1749258752,0.15150000,37.00000000,0.1386
1749258752,0.15200000,119.30000000,0.1386
1749258752,0.15240000,34.50000000,0.1386
1749258752,0.15250000,468.70000000,0.1386
1749258752,0.15300000,4268.20000000,0.1386
1749258752,0.15350000,42.30000000,0.1386
1749258752,0.15380000,65.50000000,0.1386
1749258752,0.15430000,201.00000000,0.1386
1749258752,0.15500000,6575.20000000,0.1386
1749258752,0.15510000,235432.80000000,0.1386
1749258752,0.15530000,130.80000000,0.1386
1749258752,0.15580000,35.90000000,0.1386
1749258752,0.15670000,1894.50000000,0.1386
1749258752,0.15710000,47.70000000,0.1386
1749258752,0.15740000,197.00000000,0.1386
1749258752,0.15780000,1004.70000000,0.1386
1749258752,0.15800000,811.30000000,0.1386
1749258752,0.15900000,1257.80000000,0.1386
1749258752,0.15990000,176.60000000,0.1386
1749258752,0.16000000,6083.30000000,0.1386
1749258752,0.16050000,193.20000000,0.1386
1749258752,0.16080000,33.20000000,0.1386
1749258752,0.16100000,35.20000000,0.1386
1749258752,0.16140000,5365.80000000,0.1386
1749258752,0.16170000,66.10000000,0.1386
1749258752,0.16180000,951.90000000,0.1386
1749258752,0.16190000,52.50000000,0.1386
1749258752,0.16200000,6429.00000000,0.1386
1749258752,0.16270000,22136.70000000,0.1386
1749258752,0.16290000,30.70000000,0.1386
1749258752,0.16300000,426.70000000,0.1386
1749258752,0.16350000,51.80000000,0.1386
1749258752,0.16380000,189.30000000,0.1386
1749258752,0.16390000,1401.00000000,0.1386
1749258752,0.16400000,392.50000000,0.1386
1749258752,0.16420000,1223.50000000,0.1386
1749258752,0.16450000,83.50000000,0.1386
1749258752,0.16480000,75.10000000,0.1386
1749258752,0.16500000,10994.20000000,0.1386
1749258752,0.16520000,250.00000000,0.1386
1749258752,0.16550000,51.10000000,0.1386
1749258752,0.16560000,1303.10000000,0.1386
1749258752,0.16580000,67.40000000,0.1386
1749258752,0.16620000,258.00000000,0.1386
1749258752,0.16660000,50.80000000,0.1386
1749259053,0.13820000,3150.00000000,0.1382
1749259053,0.13830000,22513.20000000,0.1382
1749259053,0.13840000,33291.60000000,0.1382
1749259053,0.13850000,61281.60000000,0.1382
1749259053,0.13860000,30571.90000000,0.1382
1749259053,0.13870000,25090.70000000,0.1382
1749259053,0.13880000,22088.50000000,0.1382
1749259053,0.13890000,28104.80000000,0.1382
1749259053,0.13900000,18030.80000000,0.1382
1749259053,0.13910000,19933.40000000,0.1382
1749259053,0.13920000,15360.10000000,0.1382
1749259053,0.13930000,27556.30000000,0.1382
1749259053,0.13940000,3468.60000000,0.1382
1749259053,0.13950000,14604.80000000,0.1382
1749259053,0.13960000,8418.90000000,0.1382
1749259053,0.13970000,12009.60000000,0.1382
1749259053,0.13980000,8825.30000000,0.1382
1749259053,0.13990000,15842.20000000,0.1382
1749259053,0.14000000,2993.40000000,0.1382
1749259053,0.14010000,12135.70000000,0.1382
1749259053,0.14020000,8407.30000000,0.1382
1749259053,0.14030000,11955.10000000,0.1382
1749259053,0.14040000,2619.30000000,0.1382
1749259053,0.14050000,11955.00000000,0.1382
1749259053,0.14060000,94.00000000,0.1382
1749259053,0.14070000,5308.20000000,0.1382
1749259053,0.14080000,54.10000000,0.1382
1749259053,0.14090000,10033.40000000,0.1382
1749259053,0.14100000,54.00000000,0.1382
1749259053,0.14110000,3590.70000000,0.1382
1749259053,0.14120000,449.80000000,0.1382
1749259053,0.14130000,7003.80000000,0.1382
1749259053,0.14140000,341.30000000,0.1382
1749259053,0.14160000,56.50000000,0.1382
1749259053,0.14190000,900.20000000,0.1382
1749259053,0.14240000,56.20000000,0.1382
1749259053,0.14250000,1706.90000000,0.1382
1749259053,0.14260000,7290.90000000,0.1382
1749259053,0.14280000,36.80000000,0.1382
1749259053,0.14300000,69.90000000,0.1382
1749259053,0.14330000,315.20000000,0.1382
1749259053,0.14340000,83.70000000,0.1382
1749259053,0.14360000,7505.90000000,0.1382
1749259053,0.14390000,38.90000000,0.1382
1749259053,0.14410000,69.40000000,0.1382
1749259053,0.14420000,11112.60000000,0.1382
1749259053,0.14500000,14637.90000000,0.1382
1749259053,0.14520000,8741.90000000,0.1382
1749259053,0.14530000,43.80000000,0.1382
1749259053,0.14540000,213.30000000,0.1382
1749259053,0.14570000,103.90000000,0.1382
1749259053,0.14650000,250.00000000,0.1382
1749259053,0.14670000,1682.50000000,0.1382
1749259053,0.14720000,37.30000000,0.1382
1749259053,0.14750000,75.30000000,0.1382
1749259053,0.14830000,209.10000000,0.1382
1749259053,0.14950000,250.00000000,0.1382
1749259053,0.14990000,40.00000000,0.1382
1749259053,0.15000000,7155.70000000,0.1382
1749259053,0.15100000,55.00000000,0.1382
1749259053,0.15130000,204.90000000,0.1382
1749259053,0.15150000,37.00000000,0.1382
1749259053,0.15200000,119.30000000,0.1382
1749259053,0.15240000,34.50000000,0.1382
1749259053,0.15250000,468.70000000,0.1382
1749259053,0.15300000,4268.20000000,0.1382
1749259053,0.15350000,42.30000000,0.1382
1749259053,0.15380000,65.50000000,0.1382
1749259053,0.15430000,201.00000000,0.1382
1749259053,0.15500000,6575.20000000,0.1382
1749259053,0.15510000,235432.80000000,0.1382
1749259053,0.15530000,130.80000000,0.1382
1749259053,0.15580000,35.90000000,0.1382
1749259053,0.15670000,1894.50000000,0.1382
1749259053,0.15710000,47.70000000,0.1382
1749259053,0.15740000,197.00000000,0.1382
1749259053,0.15780000,1004.70000000,0.1382
1749259053,0.15800000,811.30000000,0.1382
1749259053,0.15900000,1257.80000000,0.1382
1749259053,0.15990000,176.60000000,0.1382
1749259053,0.16000000,6083.30000000,0.1382
1749259053,0.16050000,193.20000000,0.1382
1749259053,0.16080000,33.20000000,0.1382
1749259053,0.16100000,35.20000000,0.1382
1749259053,0.16140000,5365.80000000,0.1382
1749259053,0.16170000,66.10000000,0.1382
1749259053,0.16180000,951.90000000,0.1382
1749259053,0.16190000,52.50000000,0.1382
1749259053,0.16200000,6429.00000000,0.1382
1749259053,0.16270000,22136.70000000,0.1382
1749259053,0.16290000,30.70000000,0.1382
1749259053,0.16300000,426.70000000,0.1382
1749259053,0.16350000,51.80000000,0.1382
1749259053,0.16380000,189.30000000,0.1382
1749259053,0.16390000,1401.00000000,0.1382
1749259053,0.16400000,392.50000000,0.1382
1749259053,0.16420000,1223.50000000,0.1382
1749259053,0.16450000,83.50000000,0.1382
1749259053,0.16480000,75.10000000,0.1382
1749259053,0.16500000,10994.20000000,0.1382
