timestamp,price,volume,current_price
1749258242,2.34800000,5078.20000000,2.348
1749258242,2.34900000,9563.10000000,2.348
1749258242,2.35000000,15799.40000000,2.348
1749258242,2.35100000,19057.00000000,2.348
1749258242,2.35200000,23748.10000000,2.348
1749258242,2.35300000,13468.60000000,2.348
1749258242,2.35400000,25041.50000000,2.348
1749258242,2.35500000,13482.40000000,2.348
1749258242,2.35600000,4488.50000000,2.348
1749258242,2.35700000,3591.40000000,2.348
1749258242,2.35800000,4054.20000000,2.348
1749258242,2.35900000,3471.10000000,2.348
1749258242,2.36000000,13926.60000000,2.348
1749258242,2.36100000,10251.90000000,2.348
1749258242,2.36200000,2330.20000000,2.348
1749258242,2.36300000,1451.80000000,2.348
1749258242,2.36400000,9479.40000000,2.348
1749258242,2.36500000,3211.80000000,2.348
1749258242,2.36600000,9162.40000000,2.348
1749258242,2.36700000,1128.90000000,2.348
1749258242,2.36800000,2519.70000000,2.348
1749258242,2.36900000,20513.40000000,2.348
1749258242,2.37000000,7264.60000000,2.348
1749258242,2.37100000,1253.80000000,2.348
1749258242,2.37200000,1888.80000000,2.348
1749258242,2.37300000,1365.90000000,2.348
1749258242,2.37400000,905.90000000,2.348
1749258242,2.37500000,691.60000000,2.348
1749258242,2.37600000,3844.40000000,2.348
1749258242,2.37700000,63.60000000,2.348
1749258242,2.37800000,17.00000000,2.348
1749258242,2.37900000,1179.60000000,2.348
1749258242,2.38000000,153.40000000,2.348
1749258242,2.38100000,10557.30000000,2.348
1749258242,2.38200000,6491.00000000,2.348
1749258242,2.38300000,21.80000000,2.348
1749258242,2.38400000,76.50000000,2.348
1749258242,2.38500000,38.70000000,2.348
1749258242,2.38600000,4.40000000,2.348
1749258242,2.38700000,93.30000000,2.348
1749258242,2.38800000,24.30000000,2.348
1749258242,2.38900000,2324.00000000,2.348
1749258242,2.39000000,181.40000000,2.348
1749258242,2.39100000,184.70000000,2.348
1749258242,2.39200000,23.90000000,2.348
1749258242,2.39300000,31260.10000000,2.348
1749258242,2.39400000,49.10000000,2.348
1749258242,2.39500000,65.90000000,2.348
1749258242,2.39600000,31.20000000,2.348
1749258242,2.39700000,1393.10000000,2.348
1749258242,2.39800000,52.40000000,2.348
1749258242,2.39900000,48.70000000,2.348
1749258242,2.40000000,23040.50000000,2.348
1749258242,2.40100000,1865.70000000,2.348
1749258242,2.40200000,45.10000000,2.348
1749258242,2.40300000,283.60000000,2.348
1749258242,2.40400000,737.20000000,2.348
1749258242,2.40500000,31.80000000,2.348
1749258242,2.40600000,31.20000000,2.348
1749258242,2.40700000,2614.90000000,2.348
1749258242,2.40800000,118.90000000,2.348
1749258242,2.40900000,1422.50000000,2.348
1749258242,2.41000000,13951.90000000,2.348
1749258242,2.41100000,150.60000000,2.348
1749258242,2.41200000,1170.00000000,2.348
1749258242,2.41300000,112.80000000,2.348
1749258242,2.41400000,380.50000000,2.348
1749258242,2.41500000,236.20000000,2.348
1749258242,2.41600000,103.10000000,2.348
1749258242,2.41700000,4.30000000,2.348
1749258242,2.41800000,151.20000000,2.348
1749258242,2.41900000,40.00000000,2.348
1749258242,2.42000000,739.70000000,2.348
1749258242,2.42100000,516.90000000,2.348
1749258242,2.42200000,19.60000000,2.348
1749258242,2.42300000,113.90000000,2.348
1749258242,2.42400000,5.80000000,2.348
1749258242,2.42500000,230.60000000,2.348
1749258242,2.42600000,442.20000000,2.348
1749258242,2.42700000,4.70000000,2.348
1749258242,2.42800000,219.10000000,2.348
1749258242,2.42900000,14.90000000,2.348
1749258242,2.43000000,285.20000000,2.348
1749258242,2.43100000,52.30000000,2.348
1749258242,2.43200000,79.30000000,2.348
1749258242,2.43300000,83.70000000,2.348
1749258242,2.43400000,4.40000000,2.348
1749258242,2.43500000,55.40000000,2.348
1749258242,2.43600000,84.20000000,2.348
1749258242,2.43700000,360.20000000,2.348
1749258242,2.43800000,5.90000000,2.348
1749258242,2.43900000,4.70000000,2.348
1749258242,2.44000000,241.10000000,2.348
1749258242,2.44100000,3.30000000,2.348
1749258242,2.44200000,499.80000000,2.348
1749258242,2.44300000,61.40000000,2.348
1749258242,2.44400000,9.00000000,2.348
1749258242,2.44500000,462.90000000,2.348
1749258242,2.44600000,227.10000000,2.348
1749258242,2.44700000,168.10000000,2.348
1749258550,2.34900000,1796.80000000,2.348
1749258550,2.35000000,5820.80000000,2.348
1749258550,2.35100000,10135.10000000,2.348
1749258550,2.35200000,20564.20000000,2.348
1749258550,2.35300000,24304.10000000,2.348
1749258550,2.35400000,17592.00000000,2.348
1749258550,2.35500000,24277.80000000,2.348
1749258550,2.35600000,7994.20000000,2.348
1749258550,2.35700000,8815.60000000,2.348
1749258550,2.35800000,4129.60000000,2.348
1749258550,2.35900000,3472.90000000,2.348
1749258550,2.36000000,11249.80000000,2.348
1749258550,2.36100000,13683.00000000,2.348
1749258550,2.36200000,3378.20000000,2.348
1749258550,2.36300000,779.00000000,2.348
1749258550,2.36400000,2731.10000000,2.348
1749258550,2.36500000,10211.90000000,2.348
1749258550,2.36600000,2562.70000000,2.348
1749258550,2.36700000,3510.10000000,2.348
1749258550,2.36800000,2509.10000000,2.348
1749258550,2.36900000,4913.40000000,2.348
1749258550,2.37000000,21986.80000000,2.348
1749258550,2.37100000,1253.80000000,2.348
1749258550,2.37200000,1892.10000000,2.348
1749258550,2.37300000,4028.30000000,2.348
1749258550,2.37400000,905.90000000,2.348
1749258550,2.37500000,691.60000000,2.348
1749258550,2.37600000,1185.40000000,2.348
1749258550,2.37700000,63.60000000,2.348
1749258550,2.37800000,692.00000000,2.348
1749258550,2.37900000,1107.30000000,2.348
1749258550,2.38000000,828.40000000,2.348
1749258550,2.38100000,11232.30000000,2.348
1749258550,2.38200000,7166.00000000,2.348
1749258550,2.38300000,21.80000000,2.348
1749258550,2.38400000,751.50000000,2.348
1749258550,2.38500000,781.10000000,2.348
1749258550,2.38600000,4.40000000,2.348
1749258550,2.38700000,768.30000000,2.348
1749258550,2.38800000,24.30000000,2.348
1749258550,2.38900000,2999.00000000,2.348
1749258550,2.39000000,856.40000000,2.348
1749258550,2.39100000,859.70000000,2.348
1749258550,2.39200000,23.90000000,2.348
1749258550,2.39300000,60.10000000,2.348
1749258550,2.39400000,31249.10000000,2.348
1749258550,2.39500000,65.90000000,2.348
1749258550,2.39600000,31.20000000,2.348
1749258550,2.39700000,2030.30000000,2.348
1749258550,2.39800000,52.40000000,2.348
1749258550,2.39900000,48.70000000,2.348
1749258550,2.40000000,23040.50000000,2.348
1749258550,2.40100000,1865.70000000,2.348
1749258550,2.40200000,45.10000000,2.348
1749258550,2.40300000,283.60000000,2.348
1749258550,2.40400000,100.00000000,2.348
1749258550,2.40500000,31.80000000,2.348
1749258550,2.40600000,31.20000000,2.348
1749258550,2.40700000,2614.90000000,2.348
1749258550,2.40800000,118.90000000,2.348
1749258550,2.40900000,1422.50000000,2.348
1749258550,2.41000000,15.90000000,2.348
1749258550,2.41100000,150.60000000,2.348
1749258550,2.41200000,15132.70000000,2.348
1749258550,2.41300000,112.80000000,2.348
1749258550,2.41400000,380.50000000,2.348
1749258550,2.41500000,236.20000000,2.348
1749258550,2.41600000,103.10000000,2.348
1749258550,2.41700000,4.30000000,2.348
1749258550,2.41800000,151.20000000,2.348
1749258550,2.41900000,40.00000000,2.348
1749258550,2.42000000,739.70000000,2.348
1749258550,2.42100000,516.90000000,2.348
1749258550,2.42200000,19.60000000,2.348
1749258550,2.42300000,113.90000000,2.348
1749258550,2.42400000,10.10000000,2.348
1749258550,2.42500000,230.60000000,2.348
1749258550,2.42600000,442.20000000,2.348
1749258550,2.42700000,4.70000000,2.348
1749258550,2.42800000,219.10000000,2.348
1749258550,2.42900000,14.90000000,2.348
1749258550,2.43000000,285.20000000,2.348
1749258550,2.43100000,52.30000000,2.348
1749258550,2.43200000,79.30000000,2.348
1749258550,2.43300000,83.70000000,2.348
1749258550,2.43400000,4.40000000,2.348
1749258550,2.43500000,55.40000000,2.348
1749258550,2.43600000,84.20000000,2.348
1749258550,2.43700000,360.20000000,2.348
1749258550,2.43800000,5.90000000,2.348
1749258550,2.43900000,4.70000000,2.348
1749258550,2.44000000,241.10000000,2.348
1749258550,2.44100000,3.30000000,2.348
1749258550,2.44200000,499.80000000,2.348
1749258550,2.44300000,61.40000000,2.348
1749258550,2.44400000,9.00000000,2.348
1749258550,2.44500000,462.90000000,2.348
1749258550,2.44600000,227.10000000,2.348
1749258550,2.44700000,168.10000000,2.348
1749258550,2.44800000,1114.80000000,2.348
1749258865,2.35400000,4045.20000000,2.353
1749258865,2.35500000,7711.60000000,2.353
1749258865,2.35600000,15701.10000000,2.353
1749258865,2.35700000,20420.10000000,2.353
1749258865,2.35800000,25961.20000000,2.353
1749258865,2.35900000,24841.30000000,2.353
1749258865,2.36000000,7683.00000000,2.353
1749258865,2.36100000,3659.30000000,2.353
1749258865,2.36200000,9676.20000000,2.353
1749258865,2.36300000,7676.60000000,2.353
1749258865,2.36400000,6069.00000000,2.353
1749258865,2.36500000,3233.30000000,2.353
1749258865,2.36600000,14265.30000000,2.353
1749258865,2.36700000,1217.90000000,2.353
1749258865,2.36800000,9541.20000000,2.353
1749258865,2.36900000,3715.50000000,2.353
1749258865,2.37000000,6386.80000000,2.353
1749258865,2.37100000,1675.60000000,2.353
1749258865,2.37200000,1902.70000000,2.353
1749258865,2.37300000,4028.30000000,2.353
1749258865,2.37400000,16505.90000000,2.353
1749258865,2.37500000,691.60000000,2.353
1749258865,2.37600000,1196.00000000,2.353
1749258865,2.37700000,63.60000000,2.353
1749258865,2.37800000,692.00000000,2.353
1749258865,2.37900000,1107.30000000,2.353
1749258865,2.38000000,839.00000000,2.353
1749258865,2.38100000,11232.30000000,2.353
1749258865,2.38200000,7166.00000000,2.353
1749258865,2.38300000,21.80000000,2.353
1749258865,2.38400000,762.10000000,2.353
1749258865,2.38500000,1456.10000000,2.353
1749258865,2.38600000,4.40000000,2.353
1749258865,2.38700000,768.30000000,2.353
1749258865,2.38800000,34.90000000,2.353
1749258865,2.38900000,2999.00000000,2.353
1749258865,2.39000000,856.40000000,2.353
1749258865,2.39100000,859.70000000,2.353
1749258865,2.39200000,34.50000000,2.353
1749258865,2.39300000,735.10000000,2.353
1749258865,2.39400000,49.10000000,2.353
1749258865,2.39500000,740.90000000,2.353
1749258865,2.39600000,41.80000000,2.353
1749258865,2.39700000,2068.10000000,2.353
1749258865,2.39800000,31252.40000000,2.353
1749258865,2.39900000,48.70000000,2.353
1749258865,2.40000000,23040.50000000,2.353
1749258865,2.40100000,1865.70000000,2.353
1749258865,2.40200000,45.10000000,2.353
1749258865,2.40300000,283.60000000,2.353
1749258865,2.40400000,737.20000000,2.353
1749258865,2.40500000,31.80000000,2.353
1749258865,2.40600000,31.20000000,2.353
1749258865,2.40700000,2614.90000000,2.353
1749258865,2.40800000,1362.60000000,2.353
1749258865,2.40900000,179.40000000,2.353
1749258865,2.41000000,15.90000000,2.353
1749258865,2.41100000,150.60000000,2.353
1749258865,2.41200000,15132.70000000,2.353
1749258865,2.41300000,112.80000000,2.353
1749258865,2.41400000,380.50000000,2.353
1749258865,2.41500000,236.20000000,2.353
1749258865,2.41600000,103.10000000,2.353
1749258865,2.41700000,4.30000000,2.353
1749258865,2.41800000,151.20000000,2.353
1749258865,2.41900000,40.00000000,2.353
1749258865,2.42000000,739.70000000,2.353
1749258865,2.42100000,516.90000000,2.353
1749258865,2.42200000,19.60000000,2.353
1749258865,2.42300000,113.90000000,2.353
1749258865,2.42400000,10.10000000,2.353
1749258865,2.42500000,234.90000000,2.353
1749258865,2.42600000,446.50000000,2.353
1749258865,2.42700000,9.00000000,2.353
1749258865,2.42800000,223.40000000,2.353
1749258865,2.42900000,19.20000000,2.353
1749258865,2.43000000,285.20000000,2.353
1749258865,2.43100000,52.30000000,2.353
1749258865,2.43200000,79.30000000,2.353
1749258865,2.43300000,83.70000000,2.353
1749258865,2.43400000,4.40000000,2.353
1749258865,2.43500000,55.40000000,2.353
1749258865,2.43600000,84.20000000,2.353
1749258865,2.43700000,360.20000000,2.353
1749258865,2.43800000,5.90000000,2.353
1749258865,2.43900000,4.70000000,2.353
1749258865,2.44000000,241.10000000,2.353
1749258865,2.44100000,3.30000000,2.353
1749258865,2.44200000,499.80000000,2.353
1749258865,2.44300000,61.40000000,2.353
1749258865,2.44400000,9.00000000,2.353
1749258865,2.44500000,462.90000000,2.353
1749258865,2.44600000,227.10000000,2.353
1749258865,2.44700000,168.10000000,2.353
1749258865,2.44800000,1114.80000000,2.353
1749258865,2.44900000,157.10000000,2.353
1749258865,2.45000000,3769.20000000,2.353
1749258865,2.45100000,18.60000000,2.353
1749258865,2.45300000,81.60000000,2.353
1749258865,2.45400000,5.80000000,2.353
1749259166,2.34800000,4843.30000000,2.347
1749259166,2.34900000,10912.60000000,2.347
1749259166,2.35000000,20019.30000000,2.347
1749259166,2.35100000,23005.20000000,2.347
1749259166,2.35200000,19061.30000000,2.347
1749259166,2.35300000,21473.60000000,2.347
1749259166,2.35400000,3524.90000000,2.347
1749259166,2.35500000,10245.00000000,2.347
1749259166,2.35600000,3745.80000000,2.347
1749259166,2.35700000,2478.40000000,2.347
1749259166,2.35800000,4069.50000000,2.347
1749259166,2.35900000,2051.60000000,2.347
1749259166,2.36000000,14204.00000000,2.347
1749259166,2.36100000,6055.90000000,2.347
1749259166,2.36200000,10645.70000000,2.347
1749259166,2.36300000,1178.80000000,2.347
1749259166,2.36400000,1999.30000000,2.347
1749259166,2.36500000,2290.90000000,2.347
1749259166,2.36600000,5091.10000000,2.347
1749259166,2.36700000,8720.50000000,2.347
1749259166,2.36800000,16819.60000000,2.347
1749259166,2.36900000,969.70000000,2.347
1749259166,2.37000000,6386.80000000,2.347
1749259166,2.37100000,1253.80000000,2.347
1749259166,2.37200000,8953.30000000,2.347
1749259166,2.37300000,1365.90000000,2.347
1749259166,2.37400000,905.90000000,2.347
1749259166,2.37500000,691.60000000,2.347
1749259166,2.37600000,8282.00000000,2.347
1749259166,2.37700000,63.60000000,2.347
1749259166,2.37800000,692.00000000,2.347
1749259166,2.37900000,691.70000000,2.347
1749259166,2.38000000,1573.80000000,2.347
1749259166,2.38100000,4158.70000000,2.347
1749259166,2.38200000,6745.90000000,2.347
1749259166,2.38300000,21.80000000,2.347
1749259166,2.38400000,762.10000000,2.347
1749259166,2.38500000,38.70000000,2.347
1749259166,2.38600000,4.40000000,2.347
1749259166,2.38700000,768.30000000,2.347
1749259166,2.38800000,34.90000000,2.347
1749259166,2.38900000,2999.00000000,2.347
1749259166,2.39000000,856.40000000,2.347
1749259166,2.39100000,184.70000000,2.347
1749259166,2.39200000,31221.60000000,2.347
1749259166,2.39300000,60.10000000,2.347
1749259166,2.39400000,49.10000000,2.347
1749259166,2.39500000,65.90000000,2.347
1749259166,2.39600000,1317.40000000,2.347
1749259166,2.39700000,744.10000000,2.347
1749259166,2.39800000,52.40000000,2.347
1749259166,2.39900000,48.70000000,2.347
1749259166,2.40000000,23040.50000000,2.347
1749259166,2.40100000,1865.70000000,2.347
1749259166,2.40200000,45.10000000,2.347
1749259166,2.40300000,283.60000000,2.347
1749259166,2.40400000,1345.70000000,2.347
1749259166,2.40500000,1185.30000000,2.347
1749259166,2.40600000,31.20000000,2.347
1749259166,2.40700000,2614.90000000,2.347
1749259166,2.40800000,118.90000000,2.347
1749259166,2.40900000,14177.80000000,2.347
1749259166,2.41000000,15.90000000,2.347
1749259166,2.41100000,150.60000000,2.347
1749259166,2.41200000,16.50000000,2.347
1749259166,2.41300000,112.80000000,2.347
1749259166,2.41400000,794.70000000,2.347
1749259166,2.41500000,236.20000000,2.347
1749259166,2.41600000,203.10000000,2.347
1749259166,2.41700000,4.30000000,2.347
1749259166,2.41800000,151.20000000,2.347
1749259166,2.41900000,40.00000000,2.347
1749259166,2.42000000,739.70000000,2.347
1749259166,2.42100000,102.70000000,2.347
1749259166,2.42200000,19.60000000,2.347
1749259166,2.42300000,13.90000000,2.347
1749259166,2.42400000,5.80000000,2.347
1749259166,2.42500000,230.60000000,2.347
1749259166,2.42600000,442.20000000,2.347
1749259166,2.42700000,4.70000000,2.347
1749259166,2.42800000,219.10000000,2.347
1749259166,2.42900000,14.90000000,2.347
1749259166,2.43000000,285.20000000,2.347
1749259166,2.43100000,52.30000000,2.347
1749259166,2.43200000,79.30000000,2.347
1749259166,2.43300000,83.70000000,2.347
1749259166,2.43400000,4.40000000,2.347
1749259166,2.43500000,55.40000000,2.347
1749259166,2.43600000,84.20000000,2.347
1749259166,2.43700000,360.20000000,2.347
1749259166,2.43800000,428.90000000,2.347
1749259166,2.43900000,4.70000000,2.347
1749259166,2.44000000,241.10000000,2.347
1749259166,2.44100000,3.30000000,2.347
1749259166,2.44200000,499.80000000,2.347
1749259166,2.44300000,61.40000000,2.347
1749259166,2.44400000,9.00000000,2.347
1749259166,2.44500000,39.90000000,2.347
1749259166,2.44600000,227.10000000,2.347
1749259166,2.44700000,168.10000000,2.347
