timestamp,price,volume,current_price
1749260666,2.33900000,1272.60000000,2.338
1749260666,2.34000000,9015.80000000,2.338
1749260666,2.34100000,15918.30000000,2.338
1749260666,2.34200000,23197.50000000,2.338
1749260666,2.34300000,16842.80000000,2.338
1749260666,2.34400000,21048.20000000,2.338
1749260666,2.34500000,4956.40000000,2.338
1749260666,2.34600000,13150.70000000,2.338
1749260666,2.34700000,3961.00000000,2.338
1749260666,2.34800000,6394.60000000,2.338
1749260666,2.34900000,12521.40000000,2.338
1749260666,2.35000000,10227.20000000,2.338
1749260666,2.35100000,2685.30000000,2.338
1749260666,2.35200000,2513.50000000,2.338
1749260666,2.35300000,2519.40000000,2.338
1749260666,2.35400000,30932.90000000,2.338
1749260666,2.35500000,1822.10000000,2.338
1749260666,2.35600000,2314.10000000,2.338
1749260666,2.35700000,1136.30000000,2.338
1749260666,2.35800000,1581.00000000,2.338
1749260666,2.35900000,16728.00000000,2.338
1749260666,2.36000000,3081.10000000,2.338
1749260666,2.36100000,1693.00000000,2.338
1749260666,2.36200000,1134.90000000,2.338
1749260666,2.36300000,1136.20000000,2.338
1749260666,2.36400000,1545.30000000,2.338
1749260666,2.36500000,1884.40000000,2.338
1749260666,2.36600000,8483.80000000,2.338
1749260666,2.36700000,1211.60000000,2.338
1749260666,2.36800000,2709.20000000,2.338
1749260666,2.36900000,705.60000000,2.338
1749260666,2.37000000,5974.20000000,2.338
1749260666,2.37100000,687.10000000,2.338
1749260666,2.37200000,1892.10000000,2.338
1749260666,2.37300000,932.40000000,2.338
1749260666,2.37400000,905.90000000,2.338
1749260666,2.37500000,688.40000000,2.338
1749260666,2.37600000,776.70000000,2.338
1749260666,2.37700000,63.60000000,2.338
1749260666,2.37800000,692.00000000,2.338
1749260666,2.37900000,16.70000000,2.338
1749260666,2.38000000,253.40000000,2.338
1749260666,2.38100000,2742.70000000,2.338
1749260666,2.38200000,37055.90000000,2.338
1749260666,2.38300000,21.80000000,2.338
1749260666,2.38400000,1360.30000000,2.338
1749260666,2.38500000,38.70000000,2.338
1749260666,2.38600000,4.40000000,2.338
1749260666,2.38700000,22.20000000,2.338
1749260666,2.38800000,21.90000000,2.338
1749260666,2.38900000,2324.00000000,2.338
1749260666,2.39000000,181.40000000,2.338
1749260666,2.39100000,821.90000000,2.338
1749260666,2.39200000,21.60000000,2.338
1749260666,2.39300000,156.20000000,2.338
1749260666,2.39400000,49.10000000,2.338
1749260666,2.39500000,14094.20000000,2.338
1749260666,2.39600000,31.20000000,2.338
1749260666,2.39700000,1260.40000000,2.338
1749260666,2.39800000,1301.40000000,2.338
1749260666,2.39900000,48.70000000,2.338
1749260666,2.40000000,23040.50000000,2.338
1749260666,2.40100000,1865.70000000,2.338
1749260666,2.40200000,45.10000000,2.338
1749260666,2.40300000,283.60000000,2.338
1749260666,2.40400000,4.40000000,2.338
1749260666,2.40500000,31.80000000,2.338
1749260666,2.40600000,445.40000000,2.338
1749260666,2.40700000,2614.90000000,2.338
1749260666,2.40800000,218.90000000,2.338
1749260666,2.40900000,179.40000000,2.338
1749260666,2.41000000,15.90000000,2.338
1749260666,2.41100000,150.60000000,2.338
1749260666,2.41200000,16.50000000,2.338
1749260666,2.41300000,112.80000000,2.338
1749260666,2.41400000,380.50000000,2.338
1749260666,2.41500000,231.90000000,2.338
1749260666,2.41600000,98.80000000,2.338
1749260666,2.41800000,146.90000000,2.338
1749260666,2.41900000,35.70000000,2.338
1749260666,2.42000000,735.40000000,2.338
1749260666,2.42100000,98.40000000,2.338
1749260666,2.42200000,15.30000000,2.338
1749260666,2.42300000,9.60000000,2.338
1749260666,2.42400000,5.80000000,2.338
1749260666,2.42500000,230.60000000,2.338
1749260666,2.42600000,442.20000000,2.338
1749260666,2.42700000,4.70000000,2.338
1749260666,2.42800000,219.10000000,2.338
1749260666,2.42900000,14.90000000,2.338
1749260666,2.43000000,708.20000000,2.338
1749260666,2.43100000,52.30000000,2.338
1749260666,2.43200000,79.30000000,2.338
1749260666,2.43300000,83.70000000,2.338
1749260666,2.43400000,4.40000000,2.338
1749260666,2.43500000,55.40000000,2.338
1749260666,2.43600000,84.20000000,2.338
1749260666,2.43700000,360.20000000,2.338
1749260666,2.43800000,5.90000000,2.338
1749260666,2.43900000,4.70000000,2.338
1749260968,2.34400000,1214.70000000,2.343
1749260968,2.34500000,8733.00000000,2.343
1749260968,2.34600000,16952.30000000,2.343
1749260968,2.34700000,20401.20000000,2.343
1749260968,2.34800000,26591.20000000,2.343
1749260968,2.34900000,21862.40000000,2.343
1749260968,2.35000000,14603.20000000,2.343
1749260968,2.35100000,2395.20000000,2.343
1749260968,2.35200000,4094.00000000,2.343
1749260968,2.35300000,3502.60000000,2.343
1749260968,2.35400000,23597.30000000,2.343
1749260968,2.35500000,15812.30000000,2.343
1749260968,2.35600000,5202.80000000,2.343
1749260968,2.35700000,5045.60000000,2.343
1749260968,2.35800000,2931.60000000,2.343
1749260968,2.35900000,2458.50000000,2.343
1749260968,2.36000000,10835.40000000,2.343
1749260968,2.36100000,1675.30000000,2.343
1749260968,2.36200000,9012.70000000,2.343
1749260968,2.36300000,1638.10000000,2.343
1749260968,2.36400000,6393.40000000,2.343
1749260968,2.36500000,17484.40000000,2.343
1749260968,2.36600000,1626.90000000,2.343
1749260968,2.36700000,1211.60000000,2.343
1749260968,2.36800000,1733.60000000,2.343
1749260968,2.36900000,705.60000000,2.343
1749260968,2.37000000,6515.10000000,2.343
1749260968,2.37100000,687.10000000,2.343
1749260968,2.37200000,1942.70000000,2.343
1749260968,2.37300000,8521.70000000,2.343
1749260968,2.37400000,1646.00000000,2.343
1749260968,2.37500000,688.40000000,2.343
1749260968,2.37600000,705.20000000,2.343
1749260968,2.37700000,63.60000000,2.343
1749260968,2.37800000,692.00000000,2.343
1749260968,2.37900000,16.70000000,2.343
1749260968,2.38000000,1673.60000000,2.343
1749260968,2.38100000,3417.70000000,2.343
1749260968,2.38200000,6530.90000000,2.343
1749260968,2.38300000,21.80000000,2.343
1749260968,2.38400000,76.50000000,2.343
1749260968,2.38500000,38.70000000,2.343
1749260968,2.38600000,75.60000000,2.343
1749260968,2.38700000,22.20000000,2.343
1749260968,2.38800000,24.30000000,2.343
1749260968,2.38900000,33524.00000000,2.343
1749260968,2.39000000,181.40000000,2.343
1749260968,2.39100000,184.70000000,2.343
1749260968,2.39200000,21.60000000,2.343
1749260968,2.39300000,60.10000000,2.343
1749260968,2.39400000,49.10000000,2.343
1749260968,2.39500000,65.90000000,2.343
1749260968,2.39600000,1317.40000000,2.343
1749260968,2.39700000,744.10000000,2.343
1749260968,2.39800000,1301.40000000,2.343
1749260968,2.39900000,48.70000000,2.343
1749260968,2.40000000,23040.50000000,2.343
1749260968,2.40100000,1865.70000000,2.343
1749260968,2.40200000,45.10000000,2.343
1749260968,2.40300000,14348.00000000,2.343
1749260968,2.40400000,1157.90000000,2.343
1749260968,2.40500000,31.80000000,2.343
1749260968,2.40600000,31.20000000,2.343
1749260968,2.40700000,2614.90000000,2.343
1749260968,2.40800000,118.90000000,2.343
1749260968,2.40900000,179.40000000,2.343
1749260968,2.41000000,15.90000000,2.343
1749260968,2.41100000,150.60000000,2.343
1749260968,2.41200000,16.50000000,2.343
1749260968,2.41300000,527.00000000,2.343
1749260968,2.41400000,380.50000000,2.343
1749260968,2.41500000,336.20000000,2.343
1749260968,2.41600000,103.10000000,2.343
1749260968,2.41700000,4.30000000,2.343
1749260968,2.41800000,151.20000000,2.343
1749260968,2.41900000,40.00000000,2.343
1749260968,2.42000000,735.40000000,2.343
1749260968,2.42100000,98.40000000,2.343
1749260968,2.42200000,15.30000000,2.343
1749260968,2.42300000,9.60000000,2.343
1749260968,2.42400000,5.80000000,2.343
1749260968,2.42500000,230.60000000,2.343
1749260968,2.42600000,442.20000000,2.343
1749260968,2.42700000,4.70000000,2.343
1749260968,2.42800000,219.10000000,2.343
1749260968,2.42900000,14.90000000,2.343
1749260968,2.43000000,285.20000000,2.343
1749260968,2.43100000,52.30000000,2.343
1749260968,2.43200000,79.30000000,2.343
1749260968,2.43300000,83.70000000,2.343
1749260968,2.43400000,4.40000000,2.343
1749260968,2.43500000,55.40000000,2.343
1749260968,2.43600000,84.20000000,2.343
1749260968,2.43700000,783.20000000,2.343
1749260968,2.43800000,5.90000000,2.343
1749260968,2.43900000,4.70000000,2.343
1749260968,2.44000000,241.10000000,2.343
1749260968,2.44100000,3.30000000,2.343
1749260968,2.44200000,499.80000000,2.343
1749260968,2.44300000,61.40000000,2.343
1749261269,2.34000000,5631.00000000,2.339
1749261269,2.34100000,7892.40000000,2.339
1749261269,2.34200000,14186.40000000,2.339
1749261269,2.34300000,15050.40000000,2.339
1749261269,2.34400000,22976.70000000,2.339
1749261269,2.34500000,23972.70000000,2.339
1749261269,2.34600000,8822.20000000,2.339
1749261269,2.34700000,7274.20000000,2.339
1749261269,2.34800000,12514.80000000,2.339
1749261269,2.34900000,4948.80000000,2.339
1749261269,2.35000000,4077.50000000,2.339
1749261269,2.35100000,14695.20000000,2.339
1749261269,2.35200000,6560.60000000,2.339
1749261269,2.35300000,4662.10000000,2.339
1749261269,2.35400000,23680.00000000,2.339
1749261269,2.35500000,3054.40000000,2.339
1749261269,2.35600000,9665.80000000,2.339
1749261269,2.35700000,6440.20000000,2.339
1749261269,2.35800000,2462.00000000,2.339
1749261269,2.35900000,2432.90000000,2.339
1749261269,2.36000000,2466.80000000,2.339
1749261269,2.36100000,17176.50000000,2.339
1749261269,2.36200000,1134.90000000,2.339
1749261269,2.36300000,1136.20000000,2.339
1749261269,2.36400000,1545.30000000,2.339
1749261269,2.36500000,1884.40000000,2.339
1749261269,2.36600000,1626.90000000,2.339
1749261269,2.36700000,1211.60000000,2.339
1749261269,2.36800000,1733.60000000,2.339
1749261269,2.36900000,705.60000000,2.339
1749261269,2.37000000,6515.10000000,2.339
1749261269,2.37100000,687.10000000,2.339
1749261269,2.37200000,1942.70000000,2.339
1749261269,2.37300000,8775.90000000,2.339
1749261269,2.37400000,1646.00000000,2.339
1749261269,2.37500000,688.40000000,2.339
1749261269,2.37600000,705.20000000,2.339
1749261269,2.37700000,63.60000000,2.339
1749261269,2.37800000,692.00000000,2.339
1749261269,2.37900000,16.70000000,2.339
1749261269,2.38000000,928.40000000,2.339
1749261269,2.38100000,2742.70000000,2.339
1749261269,2.38200000,5855.90000000,2.339
1749261269,2.38300000,21.80000000,2.339
1749261269,2.38400000,76.50000000,2.339
1749261269,2.38500000,38.70000000,2.339
1749261269,2.38600000,31275.60000000,2.339
1749261269,2.38700000,22.20000000,2.339
1749261269,2.38800000,21.90000000,2.339
1749261269,2.38900000,2324.00000000,2.339
1749261269,2.39000000,1467.60000000,2.339
1749261269,2.39100000,184.70000000,2.339
1749261269,2.39200000,21.60000000,2.339
1749261269,2.39300000,60.10000000,2.339
1749261269,2.39400000,49.10000000,2.339
1749261269,2.39500000,65.90000000,2.339
1749261269,2.39600000,31.20000000,2.339
1749261269,2.39700000,744.10000000,2.339
1749261269,2.39800000,14065.80000000,2.339
1749261269,2.39900000,48.70000000,2.339
1749261269,2.40000000,23040.50000000,2.339
1749261269,2.40100000,1865.70000000,2.339
1749261269,2.40200000,45.10000000,2.339
1749261269,2.40300000,1625.70000000,2.339
1749261269,2.40400000,1157.90000000,2.339
1749261269,2.40500000,31.80000000,2.339
1749261269,2.40600000,31.20000000,2.339
1749261269,2.40700000,2614.90000000,2.339
1749261269,2.40800000,118.90000000,2.339
1749261269,2.40900000,179.40000000,2.339
1749261269,2.41000000,15.90000000,2.339
1749261269,2.41100000,150.60000000,2.339
1749261269,2.41200000,16.50000000,2.339
1749261269,2.41300000,527.00000000,2.339
1749261269,2.41400000,380.50000000,2.339
1749261269,2.41500000,336.20000000,2.339
1749261269,2.41600000,98.80000000,2.339
1749261269,2.41800000,146.90000000,2.339
1749261269,2.41900000,35.70000000,2.339
1749261269,2.42000000,735.40000000,2.339
1749261269,2.42100000,98.40000000,2.339
1749261269,2.42200000,15.30000000,2.339
1749261269,2.42300000,9.60000000,2.339
1749261269,2.42400000,5.80000000,2.339
1749261269,2.42500000,230.60000000,2.339
1749261269,2.42600000,442.20000000,2.339
1749261269,2.42700000,4.70000000,2.339
1749261269,2.42800000,219.10000000,2.339
1749261269,2.42900000,14.90000000,2.339
1749261269,2.43000000,285.20000000,2.339
1749261269,2.43100000,52.30000000,2.339
1749261269,2.43200000,79.30000000,2.339
1749261269,2.43300000,83.70000000,2.339
1749261269,2.43400000,4.40000000,2.339
1749261269,2.43500000,55.40000000,2.339
1749261269,2.43600000,84.20000000,2.339
1749261269,2.43700000,783.20000000,2.339
1749261269,2.43800000,5.90000000,2.339
1749261269,2.43900000,4.70000000,2.339
1749261269,2.44000000,241.10000000,2.339
1749261570,2.34000000,1249.80000000,2.34
1749261570,2.34100000,5583.30000000,2.34
1749261570,2.34200000,11118.70000000,2.34
1749261570,2.34300000,18617.70000000,2.34
1749261570,2.34400000,27267.00000000,2.34
1749261570,2.34500000,26099.90000000,2.34
1749261570,2.34600000,5742.60000000,2.34
1749261570,2.34700000,9567.50000000,2.34
1749261570,2.34800000,8496.00000000,2.34
1749261570,2.34900000,9713.30000000,2.34
1749261570,2.35000000,6810.10000000,2.34
1749261570,2.35100000,12213.40000000,2.34
1749261570,2.35200000,6218.70000000,2.34
1749261570,2.35300000,2253.80000000,2.34
1749261570,2.35400000,19507.70000000,2.34
1749261570,2.35500000,10481.30000000,2.34
1749261570,2.35600000,2665.70000000,2.34
1749261570,2.35700000,6397.60000000,2.34
1749261570,2.35800000,1584.20000000,2.34
1749261570,2.35900000,1551.90000000,2.34
1749261570,2.36000000,2333.20000000,2.34
1749261570,2.36100000,1576.50000000,2.34
1749261570,2.36200000,16734.90000000,2.34
1749261570,2.36300000,1136.20000000,2.34
1749261570,2.36400000,1545.30000000,2.34
1749261570,2.36500000,1884.40000000,2.34
1749261570,2.36600000,1626.90000000,2.34
1749261570,2.36700000,1211.60000000,2.34
1749261570,2.36800000,8847.00000000,2.34
1749261570,2.36900000,705.60000000,2.34
1749261570,2.37000000,6515.10000000,2.34
1749261570,2.37100000,687.10000000,2.34
1749261570,2.37200000,1942.70000000,2.34
1749261570,2.37300000,1685.20000000,2.34
1749261570,2.37400000,1646.00000000,2.34
1749261570,2.37500000,688.40000000,2.34
1749261570,2.37600000,705.20000000,2.34
1749261570,2.37700000,63.60000000,2.34
1749261570,2.37800000,692.00000000,2.34
1749261570,2.37900000,16.70000000,2.34
1749261570,2.38000000,928.40000000,2.34
1749261570,2.38100000,2742.70000000,2.34
1749261570,2.38200000,5855.90000000,2.34
1749261570,2.38300000,21.80000000,2.34
1749261570,2.38400000,76.50000000,2.34
1749261570,2.38500000,38.70000000,2.34
1749261570,2.38600000,31275.60000000,2.34
1749261570,2.38700000,22.20000000,2.34
1749261570,2.38800000,21.90000000,2.34
1749261570,2.38900000,2324.00000000,2.34
1749261570,2.39000000,1467.60000000,2.34
1749261570,2.39100000,184.70000000,2.34
1749261570,2.39200000,21.60000000,2.34
1749261570,2.39300000,60.10000000,2.34
1749261570,2.39400000,49.10000000,2.34
1749261570,2.39500000,65.90000000,2.34
1749261570,2.39600000,31.20000000,2.34
1749261570,2.39700000,744.10000000,2.34
1749261570,2.39800000,14065.80000000,2.34
1749261570,2.39900000,48.70000000,2.34
1749261570,2.40000000,23040.50000000,2.34
1749261570,2.40100000,1865.70000000,2.34
1749261570,2.40200000,45.10000000,2.34
1749261570,2.40300000,1625.70000000,2.34
1749261570,2.40400000,1157.90000000,2.34
1749261570,2.40500000,31.80000000,2.34
1749261570,2.40600000,31.20000000,2.34
1749261570,2.40700000,2614.90000000,2.34
1749261570,2.40800000,118.90000000,2.34
1749261570,2.40900000,179.40000000,2.34
1749261570,2.41000000,15.90000000,2.34
1749261570,2.41100000,150.60000000,2.34
1749261570,2.41200000,16.50000000,2.34
1749261570,2.41300000,527.00000000,2.34
1749261570,2.41400000,380.50000000,2.34
1749261570,2.41500000,336.20000000,2.34
1749261570,2.41600000,98.80000000,2.34
1749261570,2.41800000,146.90000000,2.34
1749261570,2.41900000,35.70000000,2.34
1749261570,2.42000000,735.40000000,2.34
1749261570,2.42100000,98.40000000,2.34
1749261570,2.42200000,15.30000000,2.34
1749261570,2.42300000,9.60000000,2.34
1749261570,2.42400000,5.80000000,2.34
1749261570,2.42500000,230.60000000,2.34
1749261570,2.42600000,442.20000000,2.34
1749261570,2.42700000,4.70000000,2.34
1749261570,2.42800000,219.10000000,2.34
1749261570,2.42900000,14.90000000,2.34
1749261570,2.43000000,285.20000000,2.34
1749261570,2.43100000,52.30000000,2.34
1749261570,2.43200000,79.30000000,2.34
1749261570,2.43300000,83.70000000,2.34
1749261570,2.43400000,4.40000000,2.34
1749261570,2.43500000,55.40000000,2.34
1749261570,2.43600000,84.20000000,2.34
1749261570,2.43700000,783.20000000,2.34
1749261570,2.43800000,5.90000000,2.34
1749261570,2.43900000,4.70000000,2.34
1749261570,2.44000000,241.10000000,2.34
1749261877,2.33900000,2627.70000000,2.338
1749261877,2.34000000,7944.90000000,2.338
1749261877,2.34100000,17718.70000000,2.338
1749261877,2.34200000,14049.10000000,2.338
1749261877,2.34300000,22432.80000000,2.338
1749261877,2.34400000,22768.40000000,2.338
1749261877,2.34500000,5680.70000000,2.338
1749261877,2.34600000,10979.90000000,2.338
1749261877,2.34700000,5551.40000000,2.338
1749261877,2.34800000,5407.00000000,2.338
1749261877,2.34900000,13663.50000000,2.338
1749261877,2.35000000,12165.20000000,2.338
1749261877,2.35100000,2313.30000000,2.338
1749261877,2.35200000,3101.00000000,2.338
1749261877,2.35300000,2728.90000000,2.338
1749261877,2.35400000,26876.10000000,2.338
1749261877,2.35500000,2844.60000000,2.338
1749261877,2.35600000,2514.30000000,2.338
1749261877,2.35700000,5106.60000000,2.338
1749261877,2.35800000,1581.00000000,2.338
1749261877,2.35900000,8551.90000000,2.338
1749261877,2.36000000,17975.50000000,2.338
1749261877,2.36100000,1576.50000000,2.338
1749261877,2.36200000,1134.90000000,2.338
1749261877,2.36300000,1136.20000000,2.338
1749261877,2.36400000,1545.30000000,2.338
1749261877,2.36500000,1884.40000000,2.338
1749261877,2.36600000,1626.90000000,2.338
1749261877,2.36700000,1262.20000000,2.338
1749261877,2.36800000,9580.70000000,2.338
1749261877,2.36900000,705.60000000,2.338
1749261877,2.37000000,5974.20000000,2.338
1749261877,2.37100000,687.10000000,2.338
1749261877,2.37200000,1892.10000000,2.338
1749261877,2.37300000,1685.20000000,2.338
1749261877,2.37400000,905.90000000,2.338
1749261877,2.37500000,688.40000000,2.338
1749261877,2.37600000,101.70000000,2.338
1749261877,2.37700000,738.60000000,2.338
1749261877,2.37800000,17.00000000,2.338
1749261877,2.37900000,16.70000000,2.338
1749261877,2.38000000,253.40000000,2.338
1749261877,2.38100000,2742.70000000,2.338
1749261877,2.38200000,5855.90000000,2.338
1749261877,2.38300000,31221.80000000,2.338
1749261877,2.38400000,74.10000000,2.338
1749261877,2.38500000,38.70000000,2.338
1749261877,2.38600000,4.40000000,2.338
1749261877,2.38700000,22.20000000,2.338
1749261877,2.38800000,21.90000000,2.338
1749261877,2.38900000,2324.00000000,2.338
1749261877,2.39000000,1467.60000000,2.338
1749261877,2.39100000,821.90000000,2.338
1749261877,2.39200000,21.60000000,2.338
1749261877,2.39300000,156.20000000,2.338
1749261877,2.39400000,49.10000000,2.338
1749261877,2.39500000,65.90000000,2.338
1749261877,2.39600000,31.20000000,2.338
1749261877,2.39700000,1260.40000000,2.338
1749261877,2.39800000,14065.80000000,2.338
1749261877,2.39900000,1297.20000000,2.338
1749261877,2.40000000,23040.50000000,2.338
1749261877,2.40100000,1865.70000000,2.338
1749261877,2.40200000,45.10000000,2.338
1749261877,2.40300000,283.60000000,2.338
1749261877,2.40400000,4.40000000,2.338
1749261877,2.40500000,31.80000000,2.338
1749261877,2.40600000,445.40000000,2.338
1749261877,2.40700000,2614.90000000,2.338
1749261877,2.40800000,218.90000000,2.338
1749261877,2.40900000,179.40000000,2.338
1749261877,2.41000000,15.90000000,2.338
1749261877,2.41100000,150.60000000,2.338
1749261877,2.41200000,16.50000000,2.338
1749261877,2.41300000,112.80000000,2.338
1749261877,2.41400000,380.50000000,2.338
1749261877,2.41500000,231.90000000,2.338
1749261877,2.41600000,98.80000000,2.338
1749261877,2.41800000,146.90000000,2.338
1749261877,2.41900000,35.70000000,2.338
1749261877,2.42000000,735.40000000,2.338
1749261877,2.42100000,98.40000000,2.338
1749261877,2.42200000,15.30000000,2.338
1749261877,2.42300000,9.60000000,2.338
1749261877,2.42400000,5.80000000,2.338
1749261877,2.42500000,230.60000000,2.338
1749261877,2.42600000,442.20000000,2.338
1749261877,2.42700000,4.70000000,2.338
1749261877,2.42800000,219.10000000,2.338
1749261877,2.42900000,14.90000000,2.338
1749261877,2.43000000,708.20000000,2.338
1749261877,2.43100000,52.30000000,2.338
1749261877,2.43200000,79.30000000,2.338
1749261877,2.43300000,83.70000000,2.338
1749261877,2.43400000,4.40000000,2.338
1749261877,2.43500000,55.40000000,2.338
1749261877,2.43600000,84.20000000,2.338
1749261877,2.43700000,360.20000000,2.338
1749261877,2.43800000,5.90000000,2.338
1749261877,2.43900000,4.70000000,2.338
1749262178,2.33900000,3050.60000000,2.338
1749262178,2.34000000,8199.40000000,2.338
1749262178,2.34100000,13346.10000000,2.338
1749262178,2.34200000,21830.90000000,2.338
1749262178,2.34300000,14263.20000000,2.338
1749262178,2.34400000,26177.40000000,2.338
1749262178,2.34500000,5248.50000000,2.338
1749262178,2.34600000,9675.40000000,2.338
1749262178,2.34700000,6542.30000000,2.338
1749262178,2.34800000,10153.30000000,2.338
1749262178,2.34900000,5419.20000000,2.338
1749262178,2.35000000,10064.10000000,2.338
1749262178,2.35100000,2260.80000000,2.338
1749262178,2.35200000,2513.60000000,2.338
1749262178,2.35300000,9926.90000000,2.338
1749262178,2.35400000,19873.80000000,2.338
1749262178,2.35500000,2899.20000000,2.338
1749262178,2.35600000,1225.40000000,2.338
1749262178,2.35700000,5106.60000000,2.338
1749262178,2.35800000,1581.00000000,2.338
1749262178,2.35900000,16728.00000000,2.338
1749262178,2.36000000,2375.50000000,2.338
1749262178,2.36100000,1576.50000000,2.338
1749262178,2.36200000,1134.90000000,2.338
1749262178,2.36300000,1136.20000000,2.338
1749262178,2.36400000,1545.30000000,2.338
1749262178,2.36500000,1884.40000000,2.338
1749262178,2.36600000,1575.00000000,2.338
1749262178,2.36700000,1496.70000000,2.338
1749262178,2.36800000,9580.70000000,2.338
1749262178,2.36900000,705.60000000,2.338
1749262178,2.37000000,5974.20000000,2.338
1749262178,2.37100000,687.10000000,2.338
1749262178,2.37200000,1892.10000000,2.338
1749262178,2.37300000,932.40000000,2.338
1749262178,2.37400000,905.90000000,2.338
1749262178,2.37500000,13.40000000,2.338
1749262178,2.37600000,776.70000000,2.338
1749262178,2.37700000,63.60000000,2.338
1749262178,2.37800000,17.00000000,2.338
1749262178,2.37900000,16.70000000,2.338
1749262178,2.38000000,253.40000000,2.338
1749262178,2.38100000,2742.70000000,2.338
1749262178,2.38200000,5855.90000000,2.338
1749262178,2.38300000,31221.80000000,2.338
1749262178,2.38400000,1360.30000000,2.338
1749262178,2.38500000,38.70000000,2.338
1749262178,2.38600000,4.40000000,2.338
1749262178,2.38700000,22.20000000,2.338
1749262178,2.38800000,21.90000000,2.338
1749262178,2.38900000,2324.00000000,2.338
1749262178,2.39000000,181.40000000,2.338
1749262178,2.39100000,821.90000000,2.338
1749262178,2.39200000,21.60000000,2.338
1749262178,2.39300000,14190.50000000,2.338
1749262178,2.39400000,49.10000000,2.338
1749262178,2.39500000,1316.50000000,2.338
1749262178,2.39600000,31.20000000,2.338
1749262178,2.39700000,1260.40000000,2.338
1749262178,2.39800000,52.40000000,2.338
1749262178,2.39900000,48.70000000,2.338
1749262178,2.40000000,23040.50000000,2.338
1749262178,2.40100000,1865.70000000,2.338
1749262178,2.40200000,45.10000000,2.338
1749262178,2.40300000,283.60000000,2.338
1749262178,2.40400000,4.40000000,2.338
1749262178,2.40500000,31.80000000,2.338
1749262178,2.40600000,445.40000000,2.338
1749262178,2.40700000,2614.90000000,2.338
1749262178,2.40800000,218.90000000,2.338
1749262178,2.40900000,179.40000000,2.338
1749262178,2.41000000,15.90000000,2.338
1749262178,2.41100000,150.60000000,2.338
1749262178,2.41200000,16.50000000,2.338
1749262178,2.41300000,112.80000000,2.338
1749262178,2.41400000,380.50000000,2.338
1749262178,2.41500000,231.90000000,2.338
1749262178,2.41600000,98.80000000,2.338
1749262178,2.41800000,146.90000000,2.338
1749262178,2.41900000,35.70000000,2.338
1749262178,2.42000000,735.40000000,2.338
1749262178,2.42100000,98.40000000,2.338
1749262178,2.42200000,15.30000000,2.338
1749262178,2.42300000,9.60000000,2.338
1749262178,2.42400000,5.80000000,2.338
1749262178,2.42500000,230.60000000,2.338
1749262178,2.42600000,442.20000000,2.338
1749262178,2.42700000,4.70000000,2.338
1749262178,2.42800000,219.10000000,2.338
1749262178,2.42900000,14.90000000,2.338
1749262178,2.43000000,708.20000000,2.338
1749262178,2.43100000,52.30000000,2.338
1749262178,2.43200000,79.30000000,2.338
1749262178,2.43300000,83.70000000,2.338
1749262178,2.43400000,4.40000000,2.338
1749262178,2.43500000,55.40000000,2.338
1749262178,2.43600000,84.20000000,2.338
1749262178,2.43700000,360.20000000,2.338
1749262178,2.43800000,5.90000000,2.338
1749262178,2.43900000,4.70000000,2.338
1749262485,2.34200000,713.00000000,2.341
1749262485,2.34300000,6243.30000000,2.341
1749262485,2.34400000,10950.70000000,2.341
1749262485,2.34500000,24010.30000000,2.341
1749262485,2.34600000,19819.30000000,2.341
1749262485,2.34700000,21312.10000000,2.341
1749262485,2.34800000,6836.20000000,2.341
1749262485,2.34900000,4269.10000000,2.341
1749262485,2.35000000,10580.20000000,2.341
1749262485,2.35100000,3457.80000000,2.341
1749262485,2.35200000,5919.70000000,2.341
1749262485,2.35300000,14345.10000000,2.341
1749262485,2.35400000,23041.00000000,2.341
1749262485,2.35500000,4874.30000000,2.341
1749262485,2.35600000,1941.50000000,2.341
1749262485,2.35700000,5731.90000000,2.341
1749262485,2.35800000,8623.70000000,2.341
1749262485,2.35900000,1529.20000000,2.341
1749262485,2.36000000,2375.50000000,2.341
1749262485,2.36100000,1576.50000000,2.341
1749262485,2.36200000,1558.30000000,2.341
1749262485,2.36300000,16788.10000000,2.341
1749262485,2.36400000,1545.30000000,2.341
1749262485,2.36500000,1884.40000000,2.341
1749262485,2.36600000,1575.00000000,2.341
1749262485,2.36700000,1265.40000000,2.341
1749262485,2.36800000,1733.60000000,2.341
1749262485,2.36900000,1405.60000000,2.341
1749262485,2.37000000,6475.00000000,2.341
1749262485,2.37100000,687.10000000,2.341
1749262485,2.37200000,1892.10000000,2.341
1749262485,2.37300000,1669.30000000,2.341
1749262485,2.37400000,8755.90000000,2.341
1749262485,2.37500000,13.40000000,2.341
1749262485,2.37600000,776.70000000,2.341
1749262485,2.37700000,63.60000000,2.341
1749262485,2.37800000,692.00000000,2.341
1749262485,2.37900000,16.70000000,2.341
1749262485,2.38000000,928.40000000,2.341
1749262485,2.38100000,2742.70000000,2.341
1749262485,2.38200000,5855.90000000,2.341
1749262485,2.38300000,21.80000000,2.341
1749262485,2.38400000,76.50000000,2.341
1749262485,2.38500000,38.70000000,2.341
1749262485,2.38600000,4.40000000,2.341
1749262485,2.38700000,31222.20000000,2.341
1749262485,2.38800000,21.90000000,2.341
1749262485,2.38900000,2324.00000000,2.341
1749262485,2.39000000,1467.60000000,2.341
1749262485,2.39100000,184.70000000,2.341
1749262485,2.39200000,21.60000000,2.341
1749262485,2.39300000,156.20000000,2.341
1749262485,2.39400000,49.10000000,2.341
1749262485,2.39500000,1316.50000000,2.341
1749262485,2.39600000,31.20000000,2.341
1749262485,2.39700000,744.10000000,2.341
1749262485,2.39800000,52.40000000,2.341
1749262485,2.39900000,48.70000000,2.341
1749262485,2.40000000,37044.90000000,2.341
1749262485,2.40100000,1865.70000000,2.341
1749262485,2.40200000,45.10000000,2.341
1749262485,2.40300000,283.60000000,2.341
1749262485,2.40400000,4.40000000,2.341
1749262485,2.40500000,1185.30000000,2.341
1749262485,2.40600000,31.20000000,2.341
1749262485,2.40700000,2614.90000000,2.341
1749262485,2.40800000,118.90000000,2.341
1749262485,2.40900000,179.40000000,2.341
1749262485,2.41000000,15.90000000,2.341
1749262485,2.41100000,150.60000000,2.341
1749262485,2.41200000,16.50000000,2.341
1749262485,2.41300000,112.80000000,2.341
1749262485,2.41400000,794.70000000,2.341
1749262485,2.41500000,236.20000000,2.341
1749262485,2.41600000,203.10000000,2.341
1749262485,2.41700000,4.30000000,2.341
1749262485,2.41800000,146.90000000,2.341
1749262485,2.41900000,35.70000000,2.341
1749262485,2.42000000,735.40000000,2.341
1749262485,2.42100000,98.40000000,2.341
1749262485,2.42200000,15.30000000,2.341
1749262485,2.42300000,9.60000000,2.341
1749262485,2.42400000,5.80000000,2.341
1749262485,2.42500000,230.60000000,2.341
1749262485,2.42600000,442.20000000,2.341
1749262485,2.42700000,4.70000000,2.341
1749262485,2.42800000,219.10000000,2.341
1749262485,2.42900000,14.90000000,2.341
1749262485,2.43000000,285.20000000,2.341
1749262485,2.43100000,52.30000000,2.341
1749262485,2.43200000,79.30000000,2.341
1749262485,2.43300000,83.70000000,2.341
1749262485,2.43400000,4.40000000,2.341
1749262485,2.43500000,55.40000000,2.341
1749262485,2.43600000,84.20000000,2.341
1749262485,2.43700000,360.20000000,2.341
1749262485,2.43800000,428.90000000,2.341
1749262485,2.43900000,4.70000000,2.341
1749262485,2.44000000,241.10000000,2.341
1749262485,2.44100000,3.30000000,2.341
1749262786,2.34400000,3897.10000000,2.343
1749262786,2.34500000,8382.70000000,2.343
1749262786,2.34600000,13352.00000000,2.343
1749262786,2.34700000,25127.70000000,2.343
1749262786,2.34800000,19414.40000000,2.343
1749262786,2.34900000,24268.90000000,2.343
1749262786,2.35000000,5757.50000000,2.343
1749262786,2.35100000,8837.30000000,2.343
1749262786,2.35200000,3934.00000000,2.343
1749262786,2.35300000,7494.20000000,2.343
1749262786,2.35400000,23122.70000000,2.343
1749262786,2.35500000,17515.90000000,2.343
1749262786,2.35600000,3455.60000000,2.343
1749262786,2.35700000,2237.50000000,2.343
1749262786,2.35800000,2315.30000000,2.343
1749262786,2.35900000,6030.40000000,2.343
1749262786,2.36000000,9784.80000000,2.343
1749262786,2.36100000,2496.90000000,2.343
1749262786,2.36200000,1965.40000000,2.343
1749262786,2.36300000,1188.10000000,2.343
1749262786,2.36400000,1545.30000000,2.343
1749262786,2.36500000,17484.40000000,2.343
1749262786,2.36600000,1575.00000000,2.343
1749262786,2.36700000,1265.40000000,2.343
1749262786,2.36800000,1733.60000000,2.343
1749262786,2.36900000,1405.60000000,2.343
1749262786,2.37000000,6517.10000000,2.343
1749262786,2.37100000,687.10000000,2.343
1749262786,2.37200000,1892.10000000,2.343
1749262786,2.37300000,1431.00000000,2.343
1749262786,2.37400000,8755.90000000,2.343
1749262786,2.37500000,13.40000000,2.343
1749262786,2.37600000,705.20000000,2.343
1749262786,2.37700000,63.60000000,2.343
1749262786,2.37800000,692.00000000,2.343
1749262786,2.37900000,1438.10000000,2.343
1749262786,2.38000000,928.40000000,2.343
1749262786,2.38100000,3417.70000000,2.343
1749262786,2.38200000,5855.90000000,2.343
1749262786,2.38300000,21.80000000,2.343
1749262786,2.38400000,76.50000000,2.343
1749262786,2.38500000,38.70000000,2.343
1749262786,2.38600000,75.60000000,2.343
1749262786,2.38700000,22.20000000,2.343
1749262786,2.38800000,21.90000000,2.343
1749262786,2.38900000,33524.00000000,2.343
1749262786,2.39000000,181.40000000,2.343
1749262786,2.39100000,184.70000000,2.343
1749262786,2.39200000,21.60000000,2.343
1749262786,2.39300000,60.10000000,2.343
1749262786,2.39400000,49.10000000,2.343
1749262786,2.39500000,65.90000000,2.343
1749262786,2.39600000,1317.40000000,2.343
1749262786,2.39700000,744.10000000,2.343
1749262786,2.39800000,52.40000000,2.343
1749262786,2.39900000,48.70000000,2.343
1749262786,2.40000000,23040.50000000,2.343
1749262786,2.40100000,1865.70000000,2.343
1749262786,2.40200000,14019.70000000,2.343
1749262786,2.40300000,379.30000000,2.343
1749262786,2.40400000,4.40000000,2.343
1749262786,2.40500000,1185.30000000,2.343
1749262786,2.40600000,1275.90000000,2.343
1749262786,2.40700000,2614.90000000,2.343
1749262786,2.40800000,118.90000000,2.343
1749262786,2.40900000,179.40000000,2.343
1749262786,2.41000000,15.90000000,2.343
1749262786,2.41100000,150.60000000,2.343
1749262786,2.41200000,16.50000000,2.343
1749262786,2.41300000,112.80000000,2.343
1749262786,2.41400000,794.70000000,2.343
1749262786,2.41500000,236.20000000,2.343
1749262786,2.41600000,203.10000000,2.343
1749262786,2.41700000,4.30000000,2.343
1749262786,2.41800000,151.20000000,2.343
1749262786,2.41900000,40.00000000,2.343
1749262786,2.42000000,735.40000000,2.343
1749262786,2.42100000,98.40000000,2.343
1749262786,2.42200000,15.30000000,2.343
1749262786,2.42300000,9.60000000,2.343
1749262786,2.42400000,5.80000000,2.343
1749262786,2.42500000,230.60000000,2.343
1749262786,2.42600000,442.20000000,2.343
1749262786,2.42700000,4.70000000,2.343
1749262786,2.42800000,219.10000000,2.343
1749262786,2.42900000,14.90000000,2.343
1749262786,2.43000000,285.20000000,2.343
1749262786,2.43100000,52.30000000,2.343
1749262786,2.43200000,79.30000000,2.343
1749262786,2.43300000,83.70000000,2.343
1749262786,2.43400000,4.40000000,2.343
1749262786,2.43500000,55.40000000,2.343
1749262786,2.43600000,84.20000000,2.343
1749262786,2.43700000,360.20000000,2.343
1749262786,2.43800000,428.90000000,2.343
1749262786,2.43900000,4.70000000,2.343
1749262786,2.44000000,241.10000000,2.343
1749262786,2.44100000,3.30000000,2.343
1749262786,2.44200000,499.80000000,2.343
1749262786,2.44300000,61.40000000,2.343
1749263088,2.34800000,2029.30000000,2.347
1749263088,2.34900000,8002.80000000,2.347
1749263088,2.35000000,12949.10000000,2.347
1749263088,2.35100000,20140.80000000,2.347
1749263088,2.35200000,24277.30000000,2.347
1749263088,2.35300000,21151.70000000,2.347
1749263088,2.35400000,31116.20000000,2.347
1749263088,2.35500000,3023.90000000,2.347
1749263088,2.35600000,3245.80000000,2.347
1749263088,2.35700000,6268.40000000,2.347
1749263088,2.35800000,4448.20000000,2.347
1749263088,2.35900000,6616.60000000,2.347
1749263088,2.36000000,10175.80000000,2.347
1749263088,2.36100000,2923.00000000,2.347
1749263088,2.36200000,8575.70000000,2.347
1749263088,2.36300000,1597.50000000,2.347
1749263088,2.36400000,1545.30000000,2.347
1749263088,2.36500000,2307.20000000,2.347
1749263088,2.36600000,1575.00000000,2.347
1749263088,2.36700000,5765.40000000,2.347
1749263088,2.36800000,1733.60000000,2.347
1749263088,2.36900000,17005.60000000,2.347
1749263088,2.37000000,6517.10000000,2.347
1749263088,2.37100000,687.10000000,2.347
1749263088,2.37200000,8892.10000000,2.347
1749263088,2.37300000,1431.00000000,2.347
1749263088,2.37400000,8755.90000000,2.347
1749263088,2.37500000,13.40000000,2.347
1749263088,2.37600000,705.20000000,2.347
1749263088,2.37700000,63.60000000,2.347
1749263088,2.37800000,692.00000000,2.347
1749263088,2.37900000,1438.10000000,2.347
1749263088,2.38000000,928.40000000,2.347
1749263088,2.38100000,3417.70000000,2.347
1749263088,2.38200000,6530.90000000,2.347
1749263088,2.38300000,21.80000000,2.347
1749263088,2.38400000,751.50000000,2.347
1749263088,2.38500000,38.70000000,2.347
1749263088,2.38600000,750.60000000,2.347
1749263088,2.38700000,22.20000000,2.347
1749263088,2.38800000,21.90000000,2.347
1749263088,2.38900000,2999.00000000,2.347
1749263088,2.39000000,31381.40000000,2.347
1749263088,2.39100000,180.90000000,2.347
1749263088,2.39200000,21.60000000,2.347
1749263088,2.39300000,60.10000000,2.347
1749263088,2.39400000,49.10000000,2.347
1749263088,2.39500000,65.90000000,2.347
1749263088,2.39600000,1317.40000000,2.347
1749263088,2.39700000,744.10000000,2.347
1749263088,2.39800000,52.40000000,2.347
1749263088,2.39900000,48.70000000,2.347
1749263088,2.40000000,23040.50000000,2.347
1749263088,2.40100000,1865.70000000,2.347
1749263088,2.40200000,14019.70000000,2.347
1749263088,2.40300000,379.30000000,2.347
1749263088,2.40400000,4.40000000,2.347
1749263088,2.40500000,1185.30000000,2.347
1749263088,2.40600000,1275.90000000,2.347
1749263088,2.40700000,2614.90000000,2.347
1749263088,2.40800000,118.90000000,2.347
1749263088,2.40900000,179.40000000,2.347
1749263088,2.41000000,15.90000000,2.347
1749263088,2.41100000,150.60000000,2.347
1749263088,2.41200000,16.50000000,2.347
1749263088,2.41300000,112.80000000,2.347
1749263088,2.41400000,794.70000000,2.347
1749263088,2.41500000,236.20000000,2.347
1749263088,2.41600000,203.10000000,2.347
1749263088,2.41700000,4.30000000,2.347
1749263088,2.41800000,151.20000000,2.347
1749263088,2.41900000,40.00000000,2.347
1749263088,2.42000000,739.70000000,2.347
1749263088,2.42100000,98.90000000,2.347
1749263088,2.42200000,19.60000000,2.347
1749263088,2.42300000,13.90000000,2.347
1749263088,2.42400000,5.80000000,2.347
1749263088,2.42500000,230.60000000,2.347
1749263088,2.42600000,442.20000000,2.347
1749263088,2.42700000,4.70000000,2.347
1749263088,2.42800000,286.70000000,2.347
1749263088,2.42900000,14.90000000,2.347
1749263088,2.43000000,285.20000000,2.347
1749263088,2.43100000,52.30000000,2.347
1749263088,2.43200000,79.30000000,2.347
1749263088,2.43300000,83.70000000,2.347
1749263088,2.43400000,4.40000000,2.347
1749263088,2.43500000,55.40000000,2.347
1749263088,2.43600000,84.20000000,2.347
1749263088,2.43700000,360.20000000,2.347
1749263088,2.43800000,428.90000000,2.347
1749263088,2.43900000,4.70000000,2.347
1749263088,2.44000000,241.10000000,2.347
1749263088,2.44100000,3.30000000,2.347
1749263088,2.44200000,499.80000000,2.347
1749263088,2.44300000,61.40000000,2.347
1749263088,2.44400000,9.00000000,2.347
1749263088,2.44500000,39.90000000,2.347
1749263088,2.44600000,227.10000000,2.347
1749263088,2.44700000,168.10000000,2.347
1749263389,2.34600000,9543.10000000,2.346
1749263389,2.34700000,6616.30000000,2.346
1749263389,2.34800000,10505.70000000,2.346
1749263389,2.34900000,16111.90000000,2.346
1749263389,2.35000000,23860.20000000,2.346
1749263389,2.35100000,18386.80000000,2.346
1749263389,2.35200000,9893.10000000,2.346
1749263389,2.35300000,11583.10000000,2.346
1749263389,2.35400000,20142.80000000,2.346
1749263389,2.35500000,3960.80000000,2.346
1749263389,2.35600000,5053.40000000,2.346
1749263389,2.35700000,11281.40000000,2.346
1749263389,2.35800000,12148.20000000,2.346
1749263389,2.35900000,4776.30000000,2.346
1749263389,2.36000000,2805.10000000,2.346
1749263389,2.36100000,2496.90000000,2.346
1749263389,2.36200000,8619.20000000,2.346
1749263389,2.36300000,2517.80000000,2.346
1749263389,2.36400000,2047.00000000,2.346
1749263389,2.36500000,6697.70000000,2.346
1749263389,2.36600000,1575.00000000,2.346
1749263389,2.36700000,16865.40000000,2.346
1749263389,2.36800000,1733.60000000,2.346
1749263389,2.36900000,1405.60000000,2.346
1749263389,2.37000000,6517.10000000,2.346
1749263389,2.37100000,687.10000000,2.346
1749263389,2.37200000,1903.40000000,2.346
1749263389,2.37300000,1431.00000000,2.346
1749263389,2.37400000,905.90000000,2.346
1749263389,2.37500000,13.40000000,2.346
1749263389,2.37600000,1200.50000000,2.346
1749263389,2.37700000,63.60000000,2.346
1749263389,2.37800000,692.00000000,2.346
1749263389,2.37900000,1438.10000000,2.346
1749263389,2.38000000,8757.10000000,2.346
1749263389,2.38100000,3417.70000000,2.346
1749263389,2.38200000,6530.90000000,2.346
1749263389,2.38300000,21.80000000,2.346
1749263389,2.38400000,751.50000000,2.346
1749263389,2.38500000,38.70000000,2.346
1749263389,2.38600000,750.60000000,2.346
1749263389,2.38700000,22.20000000,2.346
1749263389,2.38800000,24.30000000,2.346
1749263389,2.38900000,2999.00000000,2.346
1749263389,2.39000000,181.40000000,2.346
1749263389,2.39100000,180.90000000,2.346
1749263389,2.39200000,31221.60000000,2.346
1749263389,2.39300000,60.10000000,2.346
1749263389,2.39400000,49.10000000,2.346
1749263389,2.39500000,65.90000000,2.346
1749263389,2.39600000,1317.40000000,2.346
1749263389,2.39700000,744.10000000,2.346
1749263389,2.39800000,52.40000000,2.346
1749263389,2.39900000,48.70000000,2.346
1749263389,2.40000000,23040.50000000,2.346
1749263389,2.40100000,1865.70000000,2.346
1749263389,2.40200000,45.10000000,2.346
1749263389,2.40300000,379.30000000,2.346
1749263389,2.40400000,4.40000000,2.346
1749263389,2.40500000,1185.30000000,2.346
1749263389,2.40600000,31.20000000,2.346
1749263389,2.40700000,3859.10000000,2.346
1749263389,2.40800000,14105.40000000,2.346
1749263389,2.40900000,179.40000000,2.346
1749263389,2.41000000,15.90000000,2.346
1749263389,2.41100000,150.60000000,2.346
1749263389,2.41200000,16.50000000,2.346
1749263389,2.41300000,112.80000000,2.346
1749263389,2.41400000,794.70000000,2.346
1749263389,2.41500000,236.20000000,2.346
1749263389,2.41600000,203.10000000,2.346
1749263389,2.41700000,4.30000000,2.346
1749263389,2.41800000,151.20000000,2.346
1749263389,2.41900000,40.00000000,2.346
1749263389,2.42000000,739.70000000,2.346
1749263389,2.42100000,98.90000000,2.346
1749263389,2.42200000,15.30000000,2.346
1749263389,2.42300000,9.60000000,2.346
1749263389,2.42400000,5.80000000,2.346
1749263389,2.42500000,230.60000000,2.346
1749263389,2.42600000,442.20000000,2.346
1749263389,2.42700000,4.70000000,2.346
1749263389,2.42800000,286.70000000,2.346
1749263389,2.42900000,14.90000000,2.346
1749263389,2.43000000,285.20000000,2.346
1749263389,2.43100000,52.30000000,2.346
1749263389,2.43200000,79.30000000,2.346
1749263389,2.43300000,83.70000000,2.346
1749263389,2.43400000,4.40000000,2.346
1749263389,2.43500000,55.40000000,2.346
1749263389,2.43600000,84.20000000,2.346
1749263389,2.43700000,360.20000000,2.346
1749263389,2.43800000,428.90000000,2.346
1749263389,2.43900000,4.70000000,2.346
1749263389,2.44000000,241.10000000,2.346
1749263389,2.44100000,3.30000000,2.346
1749263389,2.44200000,499.80000000,2.346
1749263389,2.44300000,61.40000000,2.346
1749263389,2.44400000,9.00000000,2.346
1749263389,2.44500000,39.90000000,2.346
1749263691,2.34500000,1631.50000000,2.344
1749263691,2.34600000,7253.30000000,2.344
1749263691,2.34700000,13805.60000000,2.344
1749263691,2.34800000,30115.20000000,2.344
1749263691,2.34900000,17718.80000000,2.344
1749263691,2.35000000,24102.40000000,2.344
1749263691,2.35100000,6882.10000000,2.344
1749263691,2.35200000,11820.00000000,2.344
1749263691,2.35300000,2550.90000000,2.344
1749263691,2.35400000,23596.90000000,2.344
1749263691,2.35500000,9445.30000000,2.344
1749263691,2.35600000,11644.00000000,2.344
1749263691,2.35700000,5457.10000000,2.344
1749263691,2.35800000,1789.20000000,2.344
1749263691,2.35900000,2935.20000000,2.344
1749263691,2.36000000,9782.60000000,2.344
1749263691,2.36100000,2454.30000000,2.344
1749263691,2.36200000,1131.00000000,2.344
1749263691,2.36300000,2489.10000000,2.344
1749263691,2.36400000,1542.80000000,2.344
1749263691,2.36500000,22297.70000000,2.344
1749263691,2.36600000,1575.00000000,2.344
1749263691,2.36700000,1265.40000000,2.344
1749263691,2.36800000,1733.60000000,2.344
1749263691,2.36900000,1405.60000000,2.344
1749263691,2.37000000,6517.10000000,2.344
1749263691,2.37100000,687.10000000,2.344
1749263691,2.37200000,1903.40000000,2.344
1749263691,2.37300000,1431.00000000,2.344
1749263691,2.37400000,1643.00000000,2.344
1749263691,2.37500000,7113.20000000,2.344
1749263691,2.37600000,705.20000000,2.344
1749263691,2.37700000,63.60000000,2.344
1749263691,2.37800000,692.00000000,2.344
1749263691,2.37900000,1438.10000000,2.344
1749263691,2.38000000,928.40000000,2.344
1749263691,2.38100000,3417.70000000,2.344
1749263691,2.38200000,6530.90000000,2.344
1749263691,2.38300000,21.80000000,2.344
1749263691,2.38400000,751.50000000,2.344
1749263691,2.38500000,38.70000000,2.344
1749263691,2.38600000,750.60000000,2.344
1749263691,2.38700000,22.20000000,2.344
1749263691,2.38800000,20.90000000,2.344
1749263691,2.38900000,33524.00000000,2.344
1749263691,2.39000000,181.40000000,2.344
1749263691,2.39100000,180.90000000,2.344
1749263691,2.39200000,21.60000000,2.344
1749263691,2.39300000,60.10000000,2.344
1749263691,2.39400000,49.10000000,2.344
1749263691,2.39500000,65.90000000,2.344
1749263691,2.39600000,1317.40000000,2.344
1749263691,2.39700000,744.10000000,2.344
1749263691,2.39800000,42.90000000,2.344
1749263691,2.39900000,48.70000000,2.344
1749263691,2.40000000,23031.90000000,2.344
1749263691,2.40100000,1865.70000000,2.344
1749263691,2.40200000,45.10000000,2.344
1749263691,2.40300000,379.30000000,2.344
1749263691,2.40400000,15236.70000000,2.344
1749263691,2.40500000,1185.30000000,2.344
1749263691,2.40600000,31.20000000,2.344
1749263691,2.40700000,2614.90000000,2.344
1749263691,2.40800000,118.90000000,2.344
1749263691,2.40900000,179.40000000,2.344
1749263691,2.41000000,15.90000000,2.344
1749263691,2.41100000,146.50000000,2.344
1749263691,2.41200000,16.50000000,2.344
1749263691,2.41300000,112.80000000,2.344
1749263691,2.41400000,794.70000000,2.344
1749263691,2.41500000,236.20000000,2.344
1749263691,2.41600000,203.10000000,2.344
1749263691,2.41700000,4.30000000,2.344
1749263691,2.41800000,151.20000000,2.344
1749263691,2.41900000,40.00000000,2.344
1749263691,2.42000000,739.70000000,2.344
1749263691,2.42100000,94.60000000,2.344
1749263691,2.42200000,15.30000000,2.344
1749263691,2.42300000,9.60000000,2.344
1749263691,2.42400000,5.80000000,2.344
1749263691,2.42500000,230.60000000,2.344
1749263691,2.42600000,442.20000000,2.344
1749263691,2.42700000,4.70000000,2.344
1749263691,2.42800000,286.70000000,2.344
1749263691,2.42900000,14.90000000,2.344
1749263691,2.43000000,285.20000000,2.344
1749263691,2.43100000,52.30000000,2.344
1749263691,2.43200000,79.30000000,2.344
1749263691,2.43300000,83.70000000,2.344
1749263691,2.43400000,4.40000000,2.344
1749263691,2.43500000,55.40000000,2.344
1749263691,2.43600000,84.20000000,2.344
1749263691,2.43700000,360.20000000,2.344
1749263691,2.43800000,428.90000000,2.344
1749263691,2.43900000,4.70000000,2.344
1749263691,2.44000000,241.10000000,2.344
1749263691,2.44100000,3.30000000,2.344
1749263691,2.44200000,499.80000000,2.344
1749263691,2.44300000,61.40000000,2.344
1749263691,2.44400000,4.90000000,2.344
1749263992,2.34900000,5989.60000000,2.349
1749263992,2.35000000,8125.90000000,2.349
1749263992,2.35100000,10745.70000000,2.349
1749263992,2.35200000,25073.20000000,2.349
1749263992,2.35300000,15313.20000000,2.349
1749263992,2.35400000,38884.70000000,2.349
1749263992,2.35500000,6556.00000000,2.349
1749263992,2.35600000,14279.20000000,2.349
1749263992,2.35700000,5459.80000000,2.349
1749263992,2.35800000,2724.20000000,2.349
1749263992,2.35900000,9372.10000000,2.349
1749263992,2.36000000,11266.60000000,2.349
1749263992,2.36100000,5861.90000000,2.349
1749263992,2.36200000,1209.60000000,2.349
1749263992,2.36300000,2678.90000000,2.349
1749263992,2.36400000,8585.30000000,2.349
1749263992,2.36500000,7177.10000000,2.349
1749263992,2.36600000,1575.00000000,2.349
1749263992,2.36700000,1687.90000000,2.349
1749263992,2.36800000,1733.60000000,2.349
1749263992,2.36900000,17005.60000000,2.349
1749263992,2.37000000,6517.10000000,2.349
1749263992,2.37100000,687.10000000,2.349
1749263992,2.37200000,1903.40000000,2.349
1749263992,2.37300000,1431.00000000,2.349
1749263992,2.37400000,905.90000000,2.349
1749263992,2.37500000,7788.20000000,2.349
1749263992,2.37600000,1198.70000000,2.349
1749263992,2.37700000,63.60000000,2.349
1749263992,2.37800000,692.00000000,2.349
1749263992,2.37900000,1438.10000000,2.349
1749263992,2.38000000,1671.30000000,2.349
1749263992,2.38100000,3417.70000000,2.349
1749263992,2.38200000,6530.90000000,2.349
1749263992,2.38300000,21.80000000,2.349
1749263992,2.38400000,751.50000000,2.349
1749263992,2.38500000,38.70000000,2.349
1749263992,2.38600000,750.60000000,2.349
1749263992,2.38700000,22.20000000,2.349
1749263992,2.38800000,20.90000000,2.349
1749263992,2.38900000,2324.00000000,2.349
1749263992,2.39000000,181.40000000,2.349
1749263992,2.39100000,180.90000000,2.349
1749263992,2.39200000,21.60000000,2.349
1749263992,2.39300000,31260.10000000,2.349
1749263992,2.39400000,49.10000000,2.349
1749263992,2.39500000,65.90000000,2.349
1749263992,2.39600000,1317.40000000,2.349
1749263992,2.39700000,106.90000000,2.349
1749263992,2.39800000,42.90000000,2.349
1749263992,2.39900000,48.70000000,2.349
1749263992,2.40000000,23031.90000000,2.349
1749263992,2.40100000,1865.70000000,2.349
1749263992,2.40200000,45.10000000,2.349
1749263992,2.40300000,379.30000000,2.349
1749263992,2.40400000,15873.90000000,2.349
1749263992,2.40500000,1185.30000000,2.349
1749263992,2.40600000,31.20000000,2.349
1749263992,2.40700000,2614.90000000,2.349
1749263992,2.40800000,118.90000000,2.349
1749263992,2.40900000,179.40000000,2.349
1749263992,2.41000000,15.90000000,2.349
1749263992,2.41100000,146.50000000,2.349
1749263992,2.41200000,16.50000000,2.349
1749263992,2.41300000,112.80000000,2.349
1749263992,2.41400000,794.70000000,2.349
1749263992,2.41500000,236.20000000,2.349
1749263992,2.41600000,203.10000000,2.349
1749263992,2.41700000,4.30000000,2.349
1749263992,2.41800000,151.20000000,2.349
1749263992,2.41900000,40.00000000,2.349
1749263992,2.42000000,739.70000000,2.349
1749263992,2.42100000,98.90000000,2.349
1749263992,2.42200000,19.60000000,2.349
1749263992,2.42300000,13.90000000,2.349
1749263992,2.42400000,10.10000000,2.349
1749263992,2.42500000,230.60000000,2.349
1749263992,2.42600000,442.20000000,2.349
1749263992,2.42700000,4.70000000,2.349
1749263992,2.42800000,286.70000000,2.349
1749263992,2.42900000,14.90000000,2.349
1749263992,2.43000000,285.20000000,2.349
1749263992,2.43100000,52.30000000,2.349
1749263992,2.43200000,79.30000000,2.349
1749263992,2.43300000,83.70000000,2.349
1749263992,2.43400000,4.40000000,2.349
1749263992,2.43500000,55.40000000,2.349
1749263992,2.43600000,4.30000000,2.349
1749263992,2.43700000,360.20000000,2.349
1749263992,2.43800000,428.90000000,2.349
1749263992,2.43900000,4.70000000,2.349
1749263992,2.44000000,241.10000000,2.349
1749263992,2.44100000,3.30000000,2.349
1749263992,2.44200000,499.80000000,2.349
1749263992,2.44300000,61.40000000,2.349
1749263992,2.44400000,4.90000000,2.349
1749263992,2.44500000,36.60000000,2.349
1749263992,2.44600000,227.10000000,2.349
1749263992,2.44700000,168.10000000,2.349
1749263992,2.44800000,1114.80000000,2.349
1749264294,2.34600000,4540.20000000,2.345
1749264294,2.34700000,8556.50000000,2.345
1749264294,2.34800000,15861.30000000,2.345
1749264294,2.34900000,17233.30000000,2.345
1749264294,2.35000000,21131.70000000,2.345
1749264294,2.35100000,15521.90000000,2.345
1749264294,2.35200000,26782.10000000,2.345
1749264294,2.35300000,2775.60000000,2.345
1749264294,2.35400000,22898.40000000,2.345
1749264294,2.35500000,3960.60000000,2.345
1749264294,2.35600000,11905.00000000,2.345
1749264294,2.35700000,5459.80000000,2.345
1749264294,2.35800000,9636.70000000,2.345
1749264294,2.35900000,2684.30000000,2.345
1749264294,2.36000000,3683.60000000,2.345
1749264294,2.36100000,12435.10000000,2.345
1749264294,2.36200000,1618.80000000,2.345
1749264294,2.36300000,2474.00000000,2.345
1749264294,2.36400000,1542.80000000,2.345
1749264294,2.36500000,6776.40000000,2.345
1749264294,2.36600000,1575.00000000,2.345
1749264294,2.36700000,17287.90000000,2.345
1749264294,2.36800000,1733.60000000,2.345
1749264294,2.36900000,705.60000000,2.345
1749264294,2.37000000,6517.10000000,2.345
1749264294,2.37100000,687.10000000,2.345
1749264294,2.37200000,1903.40000000,2.345
1749264294,2.37300000,1431.00000000,2.345
1749264294,2.37400000,905.90000000,2.345
1749264294,2.37500000,7788.20000000,2.345
1749264294,2.37600000,1198.70000000,2.345
1749264294,2.37700000,63.60000000,2.345
1749264294,2.37800000,692.00000000,2.345
1749264294,2.37900000,1438.10000000,2.345
1749264294,2.38000000,1671.30000000,2.345
1749264294,2.38100000,3417.70000000,2.345
1749264294,2.38200000,6530.90000000,2.345
1749264294,2.38300000,21.80000000,2.345
1749264294,2.38400000,751.50000000,2.345
1749264294,2.38500000,38.70000000,2.345
1749264294,2.38600000,750.60000000,2.345
1749264294,2.38700000,22.20000000,2.345
1749264294,2.38800000,20.90000000,2.345
1749264294,2.38900000,2999.00000000,2.345
1749264294,2.39000000,181.40000000,2.345
1749264294,2.39100000,31380.90000000,2.345
1749264294,2.39200000,21.60000000,2.345
1749264294,2.39300000,60.10000000,2.345
1749264294,2.39400000,49.10000000,2.345
1749264294,2.39500000,65.90000000,2.345
1749264294,2.39600000,1317.40000000,2.345
1749264294,2.39700000,106.90000000,2.345
1749264294,2.39800000,42.90000000,2.345
1749264294,2.39900000,48.70000000,2.345
1749264294,2.40000000,23031.90000000,2.345
1749264294,2.40100000,1865.70000000,2.345
1749264294,2.40200000,45.10000000,2.345
1749264294,2.40300000,379.30000000,2.345
1749264294,2.40400000,14628.10000000,2.345
1749264294,2.40500000,1185.30000000,2.345
1749264294,2.40600000,1275.90000000,2.345
1749264294,2.40700000,2614.90000000,2.345
1749264294,2.40800000,118.90000000,2.345
1749264294,2.40900000,179.40000000,2.345
1749264294,2.41000000,15.90000000,2.345
1749264294,2.41100000,146.50000000,2.345
1749264294,2.41200000,16.50000000,2.345
1749264294,2.41300000,112.80000000,2.345
1749264294,2.41400000,794.70000000,2.345
1749264294,2.41500000,236.20000000,2.345
1749264294,2.41600000,203.10000000,2.345
1749264294,2.41700000,4.30000000,2.345
1749264294,2.41800000,151.20000000,2.345
1749264294,2.41900000,40.00000000,2.345
1749264294,2.42000000,739.70000000,2.345
1749264294,2.42100000,98.90000000,2.345
1749264294,2.42200000,15.30000000,2.345
1749264294,2.42300000,9.60000000,2.345
1749264294,2.42400000,5.80000000,2.345
1749264294,2.42500000,230.60000000,2.345
1749264294,2.42600000,442.20000000,2.345
1749264294,2.42700000,4.70000000,2.345
1749264294,2.42800000,286.70000000,2.345
1749264294,2.42900000,14.90000000,2.345
1749264294,2.43000000,285.20000000,2.345
1749264294,2.43100000,52.30000000,2.345
1749264294,2.43200000,79.30000000,2.345
1749264294,2.43300000,83.70000000,2.345
1749264294,2.43400000,4.40000000,2.345
1749264294,2.43500000,55.40000000,2.345
1749264294,2.43600000,4.30000000,2.345
1749264294,2.43700000,360.20000000,2.345
1749264294,2.43800000,428.90000000,2.345
1749264294,2.43900000,4.70000000,2.345
1749264294,2.44000000,241.10000000,2.345
1749264294,2.44100000,3.30000000,2.345
1749264294,2.44200000,499.80000000,2.345
1749264294,2.44300000,61.40000000,2.345
1749264294,2.44400000,4.90000000,2.345
1749264294,2.44500000,36.60000000,2.345
1749264595,2.35300000,1654.20000000,2.352
1749264595,2.35400000,24292.60000000,2.352
1749264595,2.35500000,14469.30000000,2.352
1749264595,2.35600000,26239.60000000,2.352
1749264595,2.35700000,17642.10000000,2.352
1749264595,2.35800000,27530.40000000,2.352
1749264595,2.35900000,11572.80000000,2.352
1749264595,2.36000000,4407.80000000,2.352
1749264595,2.36100000,8523.50000000,2.352
1749264595,2.36200000,5266.40000000,2.352
1749264595,2.36300000,6983.00000000,2.352
1749264595,2.36400000,10507.30000000,2.352
1749264595,2.36500000,10155.00000000,2.352
1749264595,2.36600000,1806.20000000,2.352
1749264595,2.36700000,1257.30000000,2.352
1749264595,2.36800000,8615.70000000,2.352
1749264595,2.36900000,705.60000000,2.352
1749264595,2.37000000,6939.00000000,2.352
1749264595,2.37100000,687.10000000,2.352
1749264595,2.37200000,1903.40000000,2.352
1749264595,2.37300000,17082.90000000,2.352
1749264595,2.37400000,905.90000000,2.352
1749264595,2.37500000,688.40000000,2.352
1749264595,2.37600000,1723.30000000,2.352
1749264595,2.37700000,63.60000000,2.352
1749264595,2.37800000,692.00000000,2.352
1749264595,2.37900000,1914.20000000,2.352
1749264595,2.38000000,1671.30000000,2.352
1749264595,2.38100000,10553.00000000,2.352
1749264595,2.38200000,6530.90000000,2.352
1749264595,2.38300000,21.80000000,2.352
1749264595,2.38400000,751.50000000,2.352
1749264595,2.38500000,38.70000000,2.352
1749264595,2.38600000,750.60000000,2.352
1749264595,2.38700000,22.20000000,2.352
1749264595,2.38800000,20.90000000,2.352
1749264595,2.38900000,2324.00000000,2.352
1749264595,2.39000000,181.40000000,2.352
1749264595,2.39100000,180.90000000,2.352
1749264595,2.39200000,27.70000000,2.352
1749264595,2.39300000,60.10000000,2.352
1749264595,2.39400000,49.10000000,2.352
1749264595,2.39500000,31265.90000000,2.352
1749264595,2.39600000,1317.40000000,2.352
1749264595,2.39700000,106.90000000,2.352
1749264595,2.39800000,42.90000000,2.352
1749264595,2.39900000,48.70000000,2.352
1749264595,2.40000000,23031.90000000,2.352
1749264595,2.40100000,1865.70000000,2.352
1749264595,2.40200000,45.10000000,2.352
1749264595,2.40300000,379.30000000,2.352
1749264595,2.40400000,641.60000000,2.352
1749264595,2.40500000,31.80000000,2.352
1749264595,2.40600000,1275.90000000,2.352
1749264595,2.40700000,2614.90000000,2.352
1749264595,2.40800000,118.90000000,2.352
1749264595,2.40900000,179.40000000,2.352
1749264595,2.41000000,13972.70000000,2.352
1749264595,2.41100000,146.50000000,2.352
1749264595,2.41200000,1170.00000000,2.352
1749264595,2.41300000,112.80000000,2.352
1749264595,2.41400000,380.50000000,2.352
1749264595,2.41500000,236.20000000,2.352
1749264595,2.41600000,103.10000000,2.352
1749264595,2.41700000,4.30000000,2.352
1749264595,2.41800000,151.20000000,2.352
1749264595,2.41900000,40.00000000,2.352
1749264595,2.42000000,739.70000000,2.352
1749264595,2.42100000,513.10000000,2.352
1749264595,2.42200000,19.60000000,2.352
1749264595,2.42300000,113.90000000,2.352
1749264595,2.42400000,10.10000000,2.352
1749264595,2.42500000,234.90000000,2.352
1749264595,2.42600000,446.50000000,2.352
1749264595,2.42700000,9.00000000,2.352
1749264595,2.42800000,291.00000000,2.352
1749264595,2.42900000,14.90000000,2.352
1749264595,2.43000000,285.20000000,2.352
1749264595,2.43100000,52.30000000,2.352
1749264595,2.43200000,79.30000000,2.352
1749264595,2.43300000,83.70000000,2.352
1749264595,2.43400000,4.40000000,2.352
1749264595,2.43500000,55.40000000,2.352
1749264595,2.43600000,4.30000000,2.352
1749264595,2.43700000,360.20000000,2.352
1749264595,2.43800000,5.90000000,2.352
1749264595,2.43900000,9.60000000,2.352
1749264595,2.44000000,241.10000000,2.352
1749264595,2.44100000,3.30000000,2.352
1749264595,2.44200000,499.80000000,2.352
1749264595,2.44300000,61.40000000,2.352
1749264595,2.44400000,4.90000000,2.352
1749264595,2.44500000,459.60000000,2.352
1749264595,2.44600000,227.10000000,2.352
1749264595,2.44700000,168.10000000,2.352
1749264595,2.44800000,1114.80000000,2.352
1749264595,2.44900000,157.10000000,2.352
1749264595,2.45000000,3769.20000000,2.352
1749264595,2.45100000,14.90000000,2.352
1749264595,2.45300000,81.60000000,2.352
1749264897,2.36100000,3272.30000000,2.36
1749264897,2.36200000,5506.70000000,2.36
1749264897,2.36300000,11668.80000000,2.36
1749264897,2.36400000,16627.00000000,2.36
1749264897,2.36500000,25218.30000000,2.36
1749264897,2.36600000,16983.70000000,2.36
1749264897,2.36700000,22907.30000000,2.36
1749264897,2.36800000,12865.40000000,2.36
1749264897,2.36900000,7017.10000000,2.36
1749264897,2.37000000,9955.20000000,2.36
1749264897,2.37100000,838.60000000,2.36
1749264897,2.37200000,8527.10000000,2.36
1749264897,2.37300000,11540.20000000,2.36
1749264897,2.37400000,2265.00000000,2.36
1749264897,2.37500000,1180.90000000,2.36
1749264897,2.37600000,2773.10000000,2.36
1749264897,2.37700000,12082.30000000,2.36
1749264897,2.37800000,2011.90000000,2.36
1749264897,2.37900000,1171.00000000,2.36
1749264897,2.38000000,973.60000000,2.36
1749264897,2.38100000,3891.50000000,2.36
1749264897,2.38200000,22597.90000000,2.36
1749264897,2.38300000,21.80000000,2.36
1749264897,2.38400000,1276.10000000,2.36
1749264897,2.38500000,1182.10000000,2.36
1749264897,2.38600000,4.40000000,2.36
1749264897,2.38700000,697.20000000,2.36
1749264897,2.38800000,495.90000000,2.36
1749264897,2.38900000,2999.00000000,2.36
1749264897,2.39000000,856.40000000,2.36
1749264897,2.39100000,1589.40000000,2.36
1749264897,2.39200000,772.60000000,2.36
1749264897,2.39300000,735.10000000,2.36
1749264897,2.39400000,49.10000000,2.36
1749264897,2.39500000,751.50000000,2.36
1749264897,2.39600000,708.50000000,2.36
1749264897,2.39700000,852.80000000,2.36
1749264897,2.39800000,34.90000000,2.36
1749264897,2.39900000,723.70000000,2.36
1749264897,2.40000000,23709.20000000,2.36
1749264897,2.40100000,2540.70000000,2.36
1749264897,2.40200000,45.10000000,2.36
1749264897,2.40300000,2244.80000000,2.36
1749264897,2.40400000,679.40000000,2.36
1749264897,2.40500000,31.80000000,2.36
1749264897,2.40600000,31231.20000000,2.36
1749264897,2.40700000,2614.90000000,2.36
1749264897,2.40800000,118.90000000,2.36
1749264897,2.40900000,179.40000000,2.36
1749264897,2.41000000,15.90000000,2.36
1749264897,2.41100000,783.70000000,2.36
1749264897,2.41200000,16.50000000,2.36
1749264897,2.41300000,1449.10000000,2.36
1749264897,2.41400000,380.50000000,2.36
1749264897,2.41500000,236.20000000,2.36
1749264897,2.41600000,103.10000000,2.36
1749264897,2.41700000,4.30000000,2.36
1749264897,2.41800000,151.20000000,2.36
1749264897,2.41900000,1193.50000000,2.36
1749264897,2.42000000,739.70000000,2.36
1749264897,2.42100000,98.90000000,2.36
1749264897,2.42200000,19.60000000,2.36
1749264897,2.42300000,13.90000000,2.36
1749264897,2.42400000,10.10000000,2.36
1749264897,2.42500000,234.90000000,2.36
1749264897,2.42600000,446.50000000,2.36
1749264897,2.42700000,9.00000000,2.36
1749264897,2.42800000,705.20000000,2.36
1749264897,2.42900000,19.20000000,2.36
1749264897,2.43000000,389.50000000,2.36
1749264897,2.43100000,56.60000000,2.36
1749264897,2.43200000,83.60000000,2.36
1749264897,2.43300000,88.00000000,2.36
1749264897,2.43400000,8.70000000,2.36
1749264897,2.43500000,59.70000000,2.36
1749264897,2.43600000,8.60000000,2.36
1749264897,2.43700000,360.20000000,2.36
1749264897,2.43800000,8.40000000,2.36
1749264897,2.43900000,9.60000000,2.36
1749264897,2.44000000,238.50000000,2.36
1749264897,2.44100000,3.30000000,2.36
1749264897,2.44200000,499.80000000,2.36
1749264897,2.44300000,61.40000000,2.36
1749264897,2.44500000,36.60000000,2.36
1749264897,2.44600000,227.10000000,2.36
1749264897,2.44700000,168.10000000,2.36
1749264897,2.44800000,1114.80000000,2.36
1749264897,2.44900000,157.10000000,2.36
1749264897,2.45000000,3769.20000000,2.36
1749264897,2.45100000,14.90000000,2.36
1749264897,2.45200000,423.00000000,2.36
1749264897,2.45300000,81.60000000,2.36
1749264897,2.45400000,5.80000000,2.36
1749264897,2.45500000,1505.80000000,2.36
1749264897,2.45600000,15.80000000,2.36
1749264897,2.45700000,53.60000000,2.36
1749264897,2.45800000,14.50000000,2.36
1749264897,2.45900000,17.40000000,2.36
1749264897,2.46000000,146.60000000,2.36
1749264897,2.46100000,11.20000000,2.36
1749265198,2.36400000,3729.50000000,2.364
1749265198,2.36500000,9687.60000000,2.364
1749265198,2.36600000,20981.50000000,2.364
1749265198,2.36700000,23047.10000000,2.364
1749265198,2.36800000,10746.20000000,2.364
1749265198,2.36900000,24052.00000000,2.364
1749265198,2.37000000,14147.20000000,2.364
1749265198,2.37100000,11309.50000000,2.364
1749265198,2.37200000,3593.30000000,2.364
1749265198,2.37300000,7273.60000000,2.364
1749265198,2.37400000,8082.80000000,2.364
1749265198,2.37500000,8616.40000000,2.364
1749265198,2.37600000,2770.70000000,2.364
1749265198,2.37700000,6590.80000000,2.364
1749265198,2.37800000,2459.90000000,2.364
1749265198,2.37900000,10668.60000000,2.364
1749265198,2.38000000,1393.80000000,2.364
1749265198,2.38100000,3420.90000000,2.364
1749265198,2.38200000,6997.90000000,2.364
1749265198,2.38300000,751.90000000,2.364
1749265198,2.38400000,16879.30000000,2.364
1749265198,2.38500000,1182.10000000,2.364
1749265198,2.38600000,15.70000000,2.364
1749265198,2.38700000,909.40000000,2.364
1749265198,2.38800000,1170.90000000,2.364
1749265198,2.38900000,2999.00000000,2.364
1749265198,2.39000000,856.40000000,2.364
1749265198,2.39100000,1589.40000000,2.364
1749265198,2.39200000,1447.60000000,2.364
1749265198,2.39300000,785.70000000,2.364
1749265198,2.39400000,49.10000000,2.364
1749265198,2.39500000,751.50000000,2.364
1749265198,2.39600000,708.50000000,2.364
1749265198,2.39700000,852.80000000,2.364
1749265198,2.39800000,34.90000000,2.364
1749265198,2.39900000,723.70000000,2.364
1749265198,2.40000000,23709.20000000,2.364
1749265198,2.40100000,2540.70000000,2.364
1749265198,2.40200000,45.10000000,2.364
1749265198,2.40300000,958.60000000,2.364
1749265198,2.40400000,4.40000000,2.364
1749265198,2.40500000,31.80000000,2.364
1749265198,2.40600000,31.20000000,2.364
1749265198,2.40700000,3289.90000000,2.364
1749265198,2.40800000,31318.90000000,2.364
1749265198,2.40900000,179.40000000,2.364
1749265198,2.41000000,1302.10000000,2.364
1749265198,2.41100000,783.70000000,2.364
1749265198,2.41200000,16.50000000,2.364
1749265198,2.41300000,208.00000000,2.364
1749265198,2.41400000,380.50000000,2.364
1749265198,2.41500000,236.20000000,2.364
1749265198,2.41600000,103.10000000,2.364
1749265198,2.41700000,4.30000000,2.364
1749265198,2.41800000,151.20000000,2.364
1749265198,2.41900000,1193.50000000,2.364
1749265198,2.42000000,739.70000000,2.364
1749265198,2.42100000,1335.80000000,2.364
1749265198,2.42200000,19.60000000,2.364
1749265198,2.42300000,13.90000000,2.364
1749265198,2.42400000,10.10000000,2.364
1749265198,2.42500000,234.90000000,2.364
1749265198,2.42600000,446.50000000,2.364
1749265198,2.42700000,9.00000000,2.364
1749265198,2.42800000,705.20000000,2.364
1749265198,2.42900000,19.20000000,2.364
1749265198,2.43000000,389.50000000,2.364
1749265198,2.43100000,56.60000000,2.364
1749265198,2.43200000,83.60000000,2.364
1749265198,2.43300000,88.00000000,2.364
1749265198,2.43400000,8.70000000,2.364
1749265198,2.43500000,59.70000000,2.364
1749265198,2.43600000,8.60000000,2.364
1749265198,2.43700000,364.50000000,2.364
1749265198,2.43800000,12.70000000,2.364
1749265198,2.43900000,13.90000000,2.364
1749265198,2.44000000,238.50000000,2.364
1749265198,2.44100000,3.30000000,2.364
1749265198,2.44200000,499.80000000,2.364
1749265198,2.44300000,61.40000000,2.364
1749265198,2.44500000,36.60000000,2.364
1749265198,2.44600000,227.10000000,2.364
1749265198,2.44700000,168.10000000,2.364
1749265198,2.44800000,1114.80000000,2.364
1749265198,2.44900000,157.10000000,2.364
1749265198,2.45000000,3769.20000000,2.364
1749265198,2.45100000,14.90000000,2.364
1749265198,2.45200000,423.00000000,2.364
1749265198,2.45300000,81.60000000,2.364
1749265198,2.45400000,5.80000000,2.364
1749265198,2.45500000,1505.80000000,2.364
1749265198,2.45600000,15.80000000,2.364
1749265198,2.45700000,53.60000000,2.364
1749265198,2.45800000,14.50000000,2.364
1749265198,2.45900000,17.40000000,2.364
1749265198,2.46000000,146.60000000,2.364
1749265198,2.46100000,11.20000000,2.364
1749265198,2.46200000,12.50000000,2.364
1749265198,2.46300000,7.80000000,2.364
1749265198,2.46400000,31.40000000,2.364
1749265500,2.36900000,2286.30000000,2.368
1749265500,2.37000000,11369.20000000,2.368
1749265500,2.37100000,18392.40000000,2.368
1749265500,2.37200000,24940.70000000,2.368
1749265500,2.37300000,15806.60000000,2.368
1749265500,2.37400000,25074.30000000,2.368
1749265500,2.37500000,12302.20000000,2.368
1749265500,2.37600000,3695.20000000,2.368
1749265500,2.37700000,6135.40000000,2.368
1749265500,2.37800000,2398.20000000,2.368
1749265500,2.37900000,3504.10000000,2.368
1749265500,2.38000000,14136.60000000,2.368
1749265500,2.38100000,10322.80000000,2.368
1749265500,2.38200000,12896.00000000,2.368
1749265500,2.38300000,1498.50000000,2.368
1749265500,2.38400000,2686.60000000,2.368
1749265500,2.38500000,1227.50000000,2.368
1749265500,2.38600000,2595.60000000,2.368
1749265500,2.38700000,7156.70000000,2.368
1749265500,2.38800000,9909.60000000,2.368
1749265500,2.38900000,18602.20000000,2.368
1749265500,2.39000000,1340.30000000,2.368
1749265500,2.39100000,1322.00000000,2.368
1749265500,2.39200000,1673.90000000,2.368
1749265500,2.39300000,1227.80000000,2.368
1749265500,2.39400000,510.80000000,2.368
1749265500,2.39500000,1190.40000000,2.368
1749265500,2.39600000,708.50000000,2.368
1749265500,2.39700000,1682.30000000,2.368
1749265500,2.39800000,34.90000000,2.368
1749265500,2.39900000,1162.60000000,2.368
1749265500,2.40000000,23949.70000000,2.368
1749265500,2.40100000,2979.60000000,2.368
1749265500,2.40200000,45.10000000,2.368
1749265500,2.40300000,2133.60000000,2.368
1749265500,2.40400000,751.90000000,2.368
1749265500,2.40500000,470.70000000,2.368
1749265500,2.40600000,706.20000000,2.368
1749265500,2.40700000,3360.50000000,2.368
1749265500,2.40800000,796.20000000,2.368
1749265500,2.40900000,854.40000000,2.368
1749265500,2.41000000,1977.10000000,2.368
1749265500,2.41100000,821.50000000,2.368
1749265500,2.41200000,16.50000000,2.368
1749265500,2.41300000,787.80000000,2.368
1749265500,2.41400000,31580.50000000,2.368
1749265500,2.41500000,236.20000000,2.368
1749265500,2.41600000,103.10000000,2.368
1749265500,2.41700000,4.30000000,2.368
1749265500,2.41800000,788.40000000,2.368
1749265500,2.41900000,40.00000000,2.368
1749265500,2.42000000,739.70000000,2.368
1749265500,2.42100000,1335.80000000,2.368
1749265500,2.42200000,19.60000000,2.368
1749265500,2.42300000,108.70000000,2.368
1749265500,2.42400000,10.10000000,2.368
1749265500,2.42500000,234.90000000,2.368
1749265500,2.42600000,1600.00000000,2.368
1749265500,2.42700000,9.00000000,2.368
1749265500,2.42800000,291.00000000,2.368
1749265500,2.42900000,19.20000000,2.368
1749265500,2.43000000,289.50000000,2.368
1749265500,2.43100000,56.60000000,2.368
1749265500,2.43200000,83.60000000,2.368
1749265500,2.43300000,88.00000000,2.368
1749265500,2.43400000,8.70000000,2.368
1749265500,2.43500000,59.70000000,2.368
1749265500,2.43600000,422.80000000,2.368
1749265500,2.43700000,364.50000000,2.368
1749265500,2.43800000,112.70000000,2.368
1749265500,2.43900000,13.90000000,2.368
1749265500,2.44000000,242.80000000,2.368
1749265500,2.44100000,7.60000000,2.368
1749265500,2.44200000,504.10000000,2.368
1749265500,2.44300000,65.70000000,2.368
1749265500,2.44400000,4.30000000,2.368
1749265500,2.44500000,36.60000000,2.368
1749265500,2.44600000,227.10000000,2.368
1749265500,2.44700000,168.10000000,2.368
1749265500,2.44800000,1114.80000000,2.368
1749265500,2.44900000,157.10000000,2.368
1749265500,2.45000000,3775.90000000,2.368
1749265500,2.45100000,14.90000000,2.368
1749265500,2.45300000,81.60000000,2.368
1749265500,2.45400000,8.30000000,2.368
1749265500,2.45500000,1505.80000000,2.368
1749265500,2.45600000,15.80000000,2.368
1749265500,2.45700000,53.60000000,2.368
1749265500,2.45800000,14.50000000,2.368
1749265500,2.45900000,440.40000000,2.368
1749265500,2.46000000,146.60000000,2.368
1749265500,2.46100000,11.20000000,2.368
1749265500,2.46200000,12.50000000,2.368
1749265500,2.46300000,7.80000000,2.368
1749265500,2.46400000,31.40000000,2.368
1749265500,2.46500000,768.70000000,2.368
1749265500,2.46600000,4330.40000000,2.368
1749265500,2.46700000,3.40000000,2.368
1749265500,2.46900000,62.20000000,2.368
1749265500,2.47000000,127.10000000,2.368
1749265801,2.37100000,4465.30000000,2.371
1749265801,2.37200000,10860.30000000,2.371
1749265801,2.37300000,13891.80000000,2.371
1749265801,2.37400000,15437.60000000,2.371
1749265801,2.37500000,19425.80000000,2.371
1749265801,2.37600000,20615.40000000,2.371
1749265801,2.37700000,13597.70000000,2.371
1749265801,2.37800000,2744.60000000,2.371
1749265801,2.37900000,5805.80000000,2.371
1749265801,2.38000000,6436.60000000,2.371
1749265801,2.38100000,10237.30000000,2.371
1749265801,2.38200000,4027.80000000,2.371
1749265801,2.38300000,9508.30000000,2.371
1749265801,2.38400000,2699.10000000,2.371
1749265801,2.38500000,2105.30000000,2.371
1749265801,2.38600000,2637.70000000,2.371
1749265801,2.38700000,12300.70000000,2.371
1749265801,2.38800000,2951.70000000,2.371
1749265801,2.38900000,5307.80000000,2.371
1749265801,2.39000000,1440.30000000,2.371
1749265801,2.39100000,1322.00000000,2.371
1749265801,2.39200000,21773.90000000,2.371
1749265801,2.39300000,1227.80000000,2.371
1749265801,2.39400000,1185.80000000,2.371
1749265801,2.39500000,1190.40000000,2.371
1749265801,2.39600000,711.80000000,2.371
1749265801,2.39700000,8682.30000000,2.371
1749265801,2.39800000,34.90000000,2.371
1749265801,2.39900000,1162.60000000,2.371
1749265801,2.40000000,23705.00000000,2.371
1749265801,2.40100000,2979.60000000,2.371
1749265801,2.40200000,45.10000000,2.371
1749265801,2.40300000,2133.60000000,2.371
1749265801,2.40400000,1426.90000000,2.371
1749265801,2.40500000,470.70000000,2.371
1749265801,2.40600000,706.20000000,2.371
1749265801,2.40700000,3360.50000000,2.371
1749265801,2.40800000,796.20000000,2.371
1749265801,2.40900000,854.40000000,2.371
1749265801,2.41000000,690.90000000,2.371
1749265801,2.41100000,821.50000000,2.371
1749265801,2.41200000,18.80000000,2.371
1749265801,2.41300000,112.80000000,2.371
1749265801,2.41400000,380.50000000,2.371
1749265801,2.41500000,236.20000000,2.371
1749265801,2.41600000,103.10000000,2.371
1749265801,2.41700000,32490.50000000,2.371
1749265801,2.41800000,788.40000000,2.371
1749265801,2.41900000,40.00000000,2.371
1749265801,2.42000000,739.70000000,2.371
1749265801,2.42100000,98.90000000,2.371
1749265801,2.42200000,19.60000000,2.371
1749265801,2.42300000,108.70000000,2.371
1749265801,2.42400000,10.10000000,2.371
1749265801,2.42500000,234.90000000,2.371
1749265801,2.42600000,1600.00000000,2.371
1749265801,2.42700000,9.00000000,2.371
1749265801,2.42800000,291.00000000,2.371
1749265801,2.42900000,19.20000000,2.371
1749265801,2.43000000,1521.60000000,2.371
1749265801,2.43100000,56.60000000,2.371
1749265801,2.43200000,83.60000000,2.371
1749265801,2.43300000,88.00000000,2.371
1749265801,2.43400000,8.70000000,2.371
1749265801,2.43500000,59.70000000,2.371
1749265801,2.43600000,422.80000000,2.371
1749265801,2.43700000,364.50000000,2.371
1749265801,2.43800000,112.70000000,2.371
1749265801,2.43900000,13.90000000,2.371
1749265801,2.44000000,242.80000000,2.371
1749265801,2.44100000,7.60000000,2.371
1749265801,2.44200000,504.10000000,2.371
1749265801,2.44300000,65.70000000,2.371
1749265801,2.44400000,4.30000000,2.371
1749265801,2.44500000,40.90000000,2.371
1749265801,2.44600000,231.40000000,2.371
1749265801,2.44700000,168.10000000,2.371
1749265801,2.44800000,1114.80000000,2.371
1749265801,2.44900000,157.10000000,2.371
1749265801,2.45000000,3775.90000000,2.371
1749265801,2.45100000,14.90000000,2.371
1749265801,2.45300000,81.60000000,2.371
1749265801,2.45400000,8.30000000,2.371
1749265801,2.45500000,1505.80000000,2.371
1749265801,2.45600000,15.80000000,2.371
1749265801,2.45700000,53.60000000,2.371
1749265801,2.45800000,14.50000000,2.371
1749265801,2.45900000,440.40000000,2.371
1749265801,2.46000000,146.60000000,2.371
1749265801,2.46100000,11.20000000,2.371
1749265801,2.46200000,12.50000000,2.371
1749265801,2.46300000,7.80000000,2.371
1749265801,2.46400000,31.40000000,2.371
1749265801,2.46500000,768.70000000,2.371
1749265801,2.46600000,4330.40000000,2.371
1749265801,2.46700000,3.40000000,2.371
1749265801,2.46900000,62.20000000,2.371
1749265801,2.47000000,5966.60000000,2.371
1749265801,2.47100000,28.80000000,2.371
1749265801,2.47200000,60.60000000,2.371
1749266103,2.38000000,3304.50000000,2.379
1749266103,2.38100000,9529.30000000,2.379
1749266103,2.38200000,13154.80000000,2.379
1749266103,2.38300000,21548.20000000,2.379
1749266103,2.38400000,11194.40000000,2.379
1749266103,2.38500000,23382.80000000,2.379
1749266103,2.38600000,12668.70000000,2.379
1749266103,2.38700000,5149.60000000,2.379
1749266103,2.38800000,3986.90000000,2.379
1749266103,2.38900000,8579.50000000,2.379
1749266103,2.39000000,7240.00000000,2.379
1749266103,2.39100000,12490.10000000,2.379
1749266103,2.39200000,2853.40000000,2.379
1749266103,2.39300000,5692.10000000,2.379
1749266103,2.39400000,1282.90000000,2.379
1749266103,2.39500000,8637.30000000,2.379
1749266103,2.39600000,1132.40000000,2.379
1749266103,2.39700000,1897.70000000,2.379
1749266103,2.39800000,713.10000000,2.379
1749266103,2.39900000,1168.30000000,2.379
1749266103,2.40000000,39951.70000000,2.379
1749266103,2.40100000,2990.90000000,2.379
1749266103,2.40200000,45.10000000,2.379
1749266103,2.40300000,1806.00000000,2.379
1749266103,2.40400000,681.70000000,2.379
1749266103,2.40500000,1145.70000000,2.379
1749266103,2.40600000,1125.50000000,2.379
1749266103,2.40700000,3289.90000000,2.379
1749266103,2.40800000,7806.40000000,2.379
1749266103,2.40900000,1594.10000000,2.379
1749266103,2.41000000,1428.20000000,2.379
1749266103,2.41100000,821.50000000,2.379
1749266103,2.41200000,18.80000000,2.379
1749266103,2.41300000,787.80000000,2.379
1749266103,2.41400000,1055.50000000,2.379
1749266103,2.41500000,911.20000000,2.379
1749266103,2.41600000,780.40000000,2.379
1749266103,2.41700000,74.60000000,2.379
1749266103,2.41800000,151.20000000,2.379
1749266103,2.41900000,40.00000000,2.379
1749266103,2.42000000,739.70000000,2.379
1749266103,2.42100000,98.90000000,2.379
1749266103,2.42200000,19.60000000,2.379
1749266103,2.42300000,13.90000000,2.379
1749266103,2.42400000,32496.30000000,2.379
1749266103,2.42500000,872.10000000,2.379
1749266103,2.42600000,446.50000000,2.379
1749266103,2.42700000,9.00000000,2.379
1749266103,2.42800000,291.00000000,2.379
1749266103,2.42900000,19.20000000,2.379
1749266103,2.43000000,1521.60000000,2.379
1749266103,2.43100000,56.60000000,2.379
1749266103,2.43200000,83.60000000,2.379
1749266103,2.43300000,1241.50000000,2.379
1749266103,2.43400000,103.10000000,2.379
1749266103,2.43500000,59.70000000,2.379
1749266103,2.43600000,13818.60000000,2.379
1749266103,2.43700000,364.50000000,2.379
1749266103,2.43800000,12.70000000,2.379
1749266103,2.43900000,17.20000000,2.379
1749266103,2.44000000,242.80000000,2.379
1749266103,2.44100000,7.60000000,2.379
1749266103,2.44200000,504.10000000,2.379
1749266103,2.44300000,479.90000000,2.379
1749266103,2.44400000,4.30000000,2.379
1749266103,2.44500000,140.90000000,2.379
1749266103,2.44600000,234.70000000,2.379
1749266103,2.44700000,172.40000000,2.379
1749266103,2.44800000,1119.10000000,2.379
1749266103,2.44900000,161.40000000,2.379
1749266103,2.45000000,3780.20000000,2.379
1749266103,2.45100000,19.20000000,2.379
1749266103,2.45200000,4.30000000,2.379
1749266103,2.45300000,85.90000000,2.379
1749266103,2.45400000,12.60000000,2.379
1749266103,2.45500000,1510.10000000,2.379
1749266103,2.45600000,15.80000000,2.379
1749266103,2.45700000,53.60000000,2.379
1749266103,2.45800000,14.50000000,2.379
1749266103,2.45900000,17.40000000,2.379
1749266103,2.46000000,146.60000000,2.379
1749266103,2.46100000,11.20000000,2.379
1749266103,2.46200000,12.50000000,2.379
1749266103,2.46300000,7.80000000,2.379
1749266103,2.46400000,31.40000000,2.379
1749266103,2.46500000,768.70000000,2.379
1749266103,2.46600000,4753.40000000,2.379
1749266103,2.46700000,3.40000000,2.379
1749266103,2.46900000,62.20000000,2.379
1749266103,2.47000000,6042.20000000,2.379
1749266103,2.47100000,28.80000000,2.379
1749266103,2.47200000,56.70000000,2.379
1749266103,2.47300000,514.30000000,2.379
1749266103,2.47400000,73.00000000,2.379
1749266103,2.47500000,7.60000000,2.379
1749266103,2.47600000,53.10000000,2.379
1749266103,2.47700000,12.40000000,2.379
1749266103,2.47800000,18.00000000,2.379
1749266103,2.47900000,12.20000000,2.379
1749266103,2.48000000,173.60000000,2.379
1749266404,2.37500000,1927.40000000,2.375
1749266404,2.37600000,6265.30000000,2.375
1749266404,2.37700000,8793.00000000,2.375
1749266404,2.37800000,14835.50000000,2.375
1749266404,2.37900000,15817.70000000,2.375
1749266404,2.38000000,9057.80000000,2.375
1749266404,2.38100000,24165.20000000,2.375
1749266404,2.38200000,14618.70000000,2.375
1749266404,2.38300000,4594.00000000,2.375
1749266404,2.38400000,8684.20000000,2.375
1749266404,2.38500000,3016.50000000,2.375
1749266404,2.38600000,7776.20000000,2.375
1749266404,2.38700000,10618.70000000,2.375
1749266404,2.38800000,4006.90000000,2.375
1749266404,2.38900000,7788.80000000,2.375
1749266404,2.39000000,9321.60000000,2.375
1749266404,2.39100000,7628.40000000,2.375
1749266404,2.39200000,2572.30000000,2.375
1749266404,2.39300000,5683.50000000,2.375
1749266404,2.39400000,2118.70000000,2.375
1749266404,2.39500000,1193.60000000,2.375
1749266404,2.39600000,16732.40000000,2.375
1749266404,2.39700000,1897.70000000,2.375
1749266404,2.39800000,713.10000000,2.375
1749266404,2.39900000,1168.30000000,2.375
1749266404,2.40000000,24482.10000000,2.375
1749266404,2.40100000,2994.10000000,2.375
1749266404,2.40200000,723.30000000,2.375
1749266404,2.40300000,1806.00000000,2.375
1749266404,2.40400000,732.30000000,2.375
1749266404,2.40500000,1145.70000000,2.375
1749266404,2.40600000,1125.50000000,2.375
1749266404,2.40700000,3289.90000000,2.375
1749266404,2.40800000,7806.40000000,2.375
1749266404,2.40900000,1594.10000000,2.375
1749266404,2.41000000,753.20000000,2.375
1749266404,2.41100000,146.50000000,2.375
1749266404,2.41200000,18.80000000,2.375
1749266404,2.41300000,112.80000000,2.375
1749266404,2.41400000,380.50000000,2.375
1749266404,2.41500000,236.20000000,2.375
1749266404,2.41600000,105.40000000,2.375
1749266404,2.41700000,74.60000000,2.375
1749266404,2.41800000,151.20000000,2.375
1749266404,2.41900000,40.00000000,2.375
1749266404,2.42000000,31942.00000000,2.375
1749266404,2.42100000,98.90000000,2.375
1749266404,2.42200000,19.60000000,2.375
1749266404,2.42300000,13.90000000,2.375
1749266404,2.42400000,1296.30000000,2.375
1749266404,2.42500000,872.10000000,2.375
1749266404,2.42600000,446.50000000,2.375
1749266404,2.42700000,9.00000000,2.375
1749266404,2.42800000,291.00000000,2.375
1749266404,2.42900000,19.20000000,2.375
1749266404,2.43000000,289.50000000,2.375
1749266404,2.43100000,56.60000000,2.375
1749266404,2.43200000,83.60000000,2.375
1749266404,2.43300000,1241.50000000,2.375
1749266404,2.43400000,103.10000000,2.375
1749266404,2.43500000,59.70000000,2.375
1749266404,2.43600000,8.60000000,2.375
1749266404,2.43700000,14148.40000000,2.375
1749266404,2.43800000,12.70000000,2.375
1749266404,2.43900000,1245.20000000,2.375
1749266404,2.44000000,242.80000000,2.375
1749266404,2.44100000,7.60000000,2.375
1749266404,2.44200000,504.10000000,2.375
1749266404,2.44300000,479.90000000,2.375
1749266404,2.44400000,4.30000000,2.375
1749266404,2.44500000,140.90000000,2.375
1749266404,2.44600000,234.70000000,2.375
1749266404,2.44700000,172.40000000,2.375
1749266404,2.44800000,1119.10000000,2.375
1749266404,2.44900000,161.40000000,2.375
1749266404,2.45000000,3780.20000000,2.375
1749266404,2.45100000,14.90000000,2.375
1749266404,2.45300000,81.60000000,2.375
1749266404,2.45400000,8.30000000,2.375
1749266404,2.45500000,1505.80000000,2.375
1749266404,2.45600000,15.80000000,2.375
1749266404,2.45700000,53.60000000,2.375
1749266404,2.45800000,14.50000000,2.375
1749266404,2.45900000,17.40000000,2.375
1749266404,2.46000000,146.60000000,2.375
1749266404,2.46100000,11.20000000,2.375
1749266404,2.46200000,12.50000000,2.375
1749266404,2.46300000,7.80000000,2.375
1749266404,2.46400000,31.40000000,2.375
1749266404,2.46500000,768.70000000,2.375
1749266404,2.46600000,4753.40000000,2.375
1749266404,2.46700000,3.40000000,2.375
1749266404,2.46900000,62.20000000,2.375
1749266404,2.47000000,6042.20000000,2.375
1749266404,2.47100000,28.80000000,2.375
1749266404,2.47200000,56.70000000,2.375
1749266404,2.47300000,514.30000000,2.375
1749266404,2.47400000,73.00000000,2.375
1749266404,2.47500000,7.60000000,2.375
1749266404,2.47600000,53.10000000,2.375
1749266706,2.38300000,3727.00000000,2.383
1749266706,2.38400000,5734.90000000,2.383
1749266706,2.38500000,8457.70000000,2.383
1749266706,2.38600000,15567.30000000,2.383
1749266706,2.38700000,19654.90000000,2.383
1749266706,2.38800000,11143.90000000,2.383
1749266706,2.38900000,23786.80000000,2.383
1749266706,2.39000000,12861.90000000,2.383
1749266706,2.39100000,6942.50000000,2.383
1749266706,2.39200000,5476.60000000,2.383
1749266706,2.39300000,4871.10000000,2.383
1749266706,2.39400000,7137.80000000,2.383
1749266706,2.39500000,11578.50000000,2.383
1749266706,2.39600000,2054.80000000,2.383
1749266706,2.39700000,1939.60000000,2.383
1749266706,2.39800000,5193.10000000,2.383
1749266706,2.39900000,8613.10000000,2.383
1749266706,2.40000000,24774.80000000,2.383
1749266706,2.40100000,2994.10000000,2.383
1749266706,2.40200000,3010.70000000,2.383
1749266706,2.40300000,1809.20000000,2.383
1749266706,2.40400000,735.50000000,2.383
1749266706,2.40500000,16745.70000000,2.383
1749266706,2.40600000,1125.50000000,2.383
1749266706,2.40700000,3289.90000000,2.383
1749266706,2.40800000,796.20000000,2.383
1749266706,2.40900000,1305.20000000,2.383
1749266706,2.41000000,1428.20000000,2.383
1749266706,2.41100000,821.50000000,2.383
1749266706,2.41200000,18.80000000,2.383
1749266706,2.41300000,787.80000000,2.383
1749266706,2.41400000,8065.70000000,2.383
1749266706,2.41500000,1650.40000000,2.383
1749266706,2.41600000,105.40000000,2.383
1749266706,2.41700000,749.60000000,2.383
1749266706,2.41800000,826.20000000,2.383
1749266706,2.41900000,40.00000000,2.383
1749266706,2.42000000,1420.30000000,2.383
1749266706,2.42100000,98.90000000,2.383
1749266706,2.42200000,19.60000000,2.383
1749266706,2.42300000,13.90000000,2.383
1749266706,2.42400000,1296.30000000,2.383
1749266706,2.42500000,234.90000000,2.383
1749266706,2.42600000,446.50000000,2.383
1749266706,2.42700000,9.00000000,2.383
1749266706,2.42800000,291.00000000,2.383
1749266706,2.42900000,31219.20000000,2.383
1749266706,2.43000000,289.50000000,2.383
1749266706,2.43100000,56.60000000,2.383
1749266706,2.43200000,720.80000000,2.383
1749266706,2.43300000,88.00000000,2.383
1749266706,2.43400000,103.10000000,2.383
1749266706,2.43500000,59.70000000,2.383
1749266706,2.43600000,1238.00000000,2.383
1749266706,2.43700000,364.50000000,2.383
1749266706,2.43800000,12.70000000,2.383
1749266706,2.43900000,17.20000000,2.383
1749266706,2.44000000,1396.30000000,2.383
1749266706,2.44100000,7.60000000,2.383
1749266706,2.44200000,504.10000000,2.383
1749266706,2.44300000,13875.70000000,2.383
1749266706,2.44400000,4.30000000,2.383
1749266706,2.44500000,40.90000000,2.383
1749266706,2.44600000,234.70000000,2.383
1749266706,2.44700000,172.40000000,2.383
1749266706,2.44800000,1119.10000000,2.383
1749266706,2.44900000,161.40000000,2.383
1749266706,2.45000000,4194.40000000,2.383
1749266706,2.45100000,19.20000000,2.383
1749266706,2.45200000,104.30000000,2.383
1749266706,2.45300000,85.90000000,2.383
1749266706,2.45400000,12.60000000,2.383
1749266706,2.45500000,1510.10000000,2.383
1749266706,2.45600000,20.10000000,2.383
1749266706,2.45700000,57.90000000,2.383
1749266706,2.45800000,18.80000000,2.383
1749266706,2.45900000,17.40000000,2.383
1749266706,2.46000000,146.60000000,2.383
1749266706,2.46100000,11.20000000,2.383
1749266706,2.46200000,12.50000000,2.383
1749266706,2.46300000,7.80000000,2.383
1749266706,2.46400000,31.40000000,2.383
1749266706,2.46500000,768.70000000,2.383
1749266706,2.46600000,4330.40000000,2.383
1749266706,2.46700000,3.40000000,2.383
1749266706,2.46900000,62.20000000,2.383
1749266706,2.47000000,6042.20000000,2.383
1749266706,2.47100000,28.80000000,2.383
1749266706,2.47200000,56.70000000,2.383
1749266706,2.47300000,937.30000000,2.383
1749266706,2.47400000,73.00000000,2.383
1749266706,2.47500000,7.60000000,2.383
1749266706,2.47600000,53.10000000,2.383
1749266706,2.47700000,12.40000000,2.383
1749266706,2.47800000,18.00000000,2.383
1749266706,2.47900000,12.20000000,2.383
1749266706,2.48000000,173.60000000,2.383
1749266706,2.48100000,35.90000000,2.383
1749266706,2.48300000,5252.80000000,2.383
1749266706,2.48400000,177.30000000,2.383
1749267007,2.38100000,4637.10000000,2.38
1749267007,2.38200000,8262.60000000,2.38
1749267007,2.38300000,14268.00000000,2.38
1749267007,2.38400000,12598.20000000,2.38
1749267007,2.38500000,21876.90000000,2.38
1749267007,2.38600000,21562.10000000,2.38
1749267007,2.38700000,6127.90000000,2.38
1749267007,2.38800000,7301.70000000,2.38
1749267007,2.38900000,11037.60000000,2.38
1749267007,2.39000000,2560.90000000,2.38
1749267007,2.39100000,11771.50000000,2.38
1749267007,2.39200000,5894.70000000,2.38
1749267007,2.39300000,10863.70000000,2.38
1749267007,2.39400000,3233.20000000,2.38
1749267007,2.39500000,2152.50000000,2.38
1749267007,2.39600000,8634.80000000,2.38
1749267007,2.39700000,4765.80000000,2.38
1749267007,2.39800000,7443.50000000,2.38
1749267007,2.39900000,1168.30000000,2.38
1749267007,2.40000000,24774.80000000,2.38
1749267007,2.40100000,2994.10000000,2.38
1749267007,2.40200000,723.30000000,2.38
1749267007,2.40300000,17409.20000000,2.38
1749267007,2.40400000,735.50000000,2.38
1749267007,2.40500000,1204.10000000,2.38
1749267007,2.40600000,1125.50000000,2.38
1749267007,2.40700000,3502.10000000,2.38
1749267007,2.40800000,796.20000000,2.38
1749267007,2.40900000,1305.20000000,2.38
1749267007,2.41000000,690.90000000,2.38
1749267007,2.41100000,821.50000000,2.38
1749267007,2.41200000,18.80000000,2.38
1749267007,2.41300000,787.80000000,2.38
1749267007,2.41400000,8065.70000000,2.38
1749267007,2.41500000,1650.40000000,2.38
1749267007,2.41600000,845.30000000,2.38
1749267007,2.41700000,749.60000000,2.38
1749267007,2.41800000,826.20000000,2.38
1749267007,2.41900000,40.00000000,2.38
1749267007,2.42000000,1420.30000000,2.38
1749267007,2.42100000,98.90000000,2.38
1749267007,2.42200000,19.60000000,2.38
1749267007,2.42300000,13.90000000,2.38
1749267007,2.42400000,1298.60000000,2.38
1749267007,2.42500000,234.90000000,2.38
1749267007,2.42600000,31646.50000000,2.38
1749267007,2.42700000,9.00000000,2.38
1749267007,2.42800000,291.00000000,2.38
1749267007,2.42900000,19.20000000,2.38
1749267007,2.43000000,289.50000000,2.38
1749267007,2.43100000,56.60000000,2.38
1749267007,2.43200000,720.80000000,2.38
1749267007,2.43300000,88.00000000,2.38
1749267007,2.43400000,103.10000000,2.38
1749267007,2.43500000,59.70000000,2.38
1749267007,2.43600000,1238.00000000,2.38
1749267007,2.43700000,364.50000000,2.38
1749267007,2.43800000,12.70000000,2.38
1749267007,2.43900000,17.20000000,2.38
1749267007,2.44000000,1396.30000000,2.38
1749267007,2.44100000,7.60000000,2.38
1749267007,2.44200000,504.10000000,2.38
1749267007,2.44300000,13875.70000000,2.38
1749267007,2.44400000,4.30000000,2.38
1749267007,2.44500000,40.90000000,2.38
1749267007,2.44600000,234.70000000,2.38
1749267007,2.44700000,172.40000000,2.38
1749267007,2.44800000,1119.10000000,2.38
1749267007,2.44900000,161.40000000,2.38
1749267007,2.45000000,4194.40000000,2.38
1749267007,2.45100000,19.20000000,2.38
1749267007,2.45200000,104.30000000,2.38
1749267007,2.45300000,85.90000000,2.38
1749267007,2.45400000,12.60000000,2.38
1749267007,2.45500000,1510.10000000,2.38
1749267007,2.45600000,20.10000000,2.38
1749267007,2.45700000,53.60000000,2.38
1749267007,2.45800000,14.50000000,2.38
1749267007,2.45900000,17.40000000,2.38
1749267007,2.46000000,146.60000000,2.38
1749267007,2.46100000,11.20000000,2.38
1749267007,2.46200000,12.50000000,2.38
1749267007,2.46300000,7.80000000,2.38
1749267007,2.46400000,31.40000000,2.38
1749267007,2.46500000,768.70000000,2.38
1749267007,2.46600000,4330.40000000,2.38
1749267007,2.46700000,3.40000000,2.38
1749267007,2.46900000,62.20000000,2.38
1749267007,2.47000000,6042.20000000,2.38
1749267007,2.47100000,28.80000000,2.38
1749267007,2.47200000,56.70000000,2.38
1749267007,2.47300000,937.30000000,2.38
1749267007,2.47400000,73.00000000,2.38
1749267007,2.47500000,7.60000000,2.38
1749267007,2.47600000,53.10000000,2.38
1749267007,2.47700000,12.40000000,2.38
1749267007,2.47800000,18.00000000,2.38
1749267007,2.47900000,12.20000000,2.38
1749267007,2.48000000,173.60000000,2.38
1749267007,2.48100000,35.90000000,2.38
1749267309,2.37900000,3536.20000000,2.378
1749267309,2.38000000,9351.90000000,2.378
1749267309,2.38100000,10001.50000000,2.378
1749267309,2.38200000,17910.40000000,2.378
1749267309,2.38300000,20406.00000000,2.378
1749267309,2.38400000,23111.40000000,2.378
1749267309,2.38500000,6519.30000000,2.378
1749267309,2.38600000,11576.30000000,2.378
1749267309,2.38700000,2562.50000000,2.378
1749267309,2.38800000,5575.60000000,2.378
1749267309,2.38900000,4526.50000000,2.378
1749267309,2.39000000,2483.90000000,2.378
1749267309,2.39100000,11112.00000000,2.378
1749267309,2.39200000,5232.70000000,2.378
1749267309,2.39300000,9355.80000000,2.378
1749267309,2.39400000,5209.60000000,2.378
1749267309,2.39500000,2484.40000000,2.378
1749267309,2.39600000,1132.40000000,2.378
1749267309,2.39700000,1685.50000000,2.378
1749267309,2.39800000,9248.60000000,2.378
1749267309,2.39900000,1168.30000000,2.378
1749267309,2.40000000,39958.10000000,2.378
1749267309,2.40100000,2994.10000000,2.378
1749267309,2.40200000,723.30000000,2.378
1749267309,2.40300000,8809.20000000,2.378
1749267309,2.40400000,735.50000000,2.378
1749267309,2.40500000,1204.10000000,2.378
1749267309,2.40600000,8135.70000000,2.378
1749267309,2.40700000,3502.10000000,2.378
1749267309,2.40800000,1537.60000000,2.378
1749267309,2.40900000,1305.20000000,2.378
1749267309,2.41000000,1440.30000000,2.378
1749267309,2.41100000,821.50000000,2.378
1749267309,2.41200000,18.80000000,2.378
1749267309,2.41300000,787.80000000,2.378
1749267309,2.41400000,1055.50000000,2.378
1749267309,2.41500000,911.20000000,2.378
1749267309,2.41600000,780.40000000,2.378
1749267309,2.41700000,74.60000000,2.378
1749267309,2.41800000,151.20000000,2.378
1749267309,2.41900000,40.00000000,2.378
1749267309,2.42000000,745.30000000,2.378
1749267309,2.42100000,98.90000000,2.378
1749267309,2.42200000,19.60000000,2.378
1749267309,2.42300000,31213.90000000,2.378
1749267309,2.42400000,1296.30000000,2.378
1749267309,2.42500000,872.10000000,2.378
1749267309,2.42600000,446.50000000,2.378
1749267309,2.42700000,9.00000000,2.378
1749267309,2.42800000,291.00000000,2.378
1749267309,2.42900000,19.20000000,2.378
1749267309,2.43000000,289.50000000,2.378
1749267309,2.43100000,56.60000000,2.378
1749267309,2.43200000,83.60000000,2.378
1749267309,2.43300000,1241.50000000,2.378
1749267309,2.43400000,103.10000000,2.378
1749267309,2.43500000,59.70000000,2.378
1749267309,2.43600000,8.60000000,2.378
1749267309,2.43700000,364.50000000,2.378
1749267309,2.43800000,15016.50000000,2.378
1749267309,2.43900000,17.20000000,2.378
1749267309,2.44000000,242.80000000,2.378
1749267309,2.44100000,7.60000000,2.378
1749267309,2.44200000,504.10000000,2.378
1749267309,2.44300000,479.90000000,2.378
1749267309,2.44400000,4.30000000,2.378
1749267309,2.44500000,140.90000000,2.378
1749267309,2.44600000,234.70000000,2.378
1749267309,2.44700000,172.40000000,2.378
1749267309,2.44800000,1119.10000000,2.378
1749267309,2.44900000,161.40000000,2.378
1749267309,2.45000000,3826.00000000,2.378
1749267309,2.45100000,19.20000000,2.378
1749267309,2.45200000,4.30000000,2.378
1749267309,2.45300000,85.90000000,2.378
1749267309,2.45400000,12.60000000,2.378
1749267309,2.45500000,1505.80000000,2.378
1749267309,2.45600000,15.80000000,2.378
1749267309,2.45700000,53.60000000,2.378
1749267309,2.45800000,14.50000000,2.378
1749267309,2.45900000,17.40000000,2.378
1749267309,2.46000000,146.60000000,2.378
1749267309,2.46100000,11.20000000,2.378
1749267309,2.46200000,12.50000000,2.378
1749267309,2.46300000,7.80000000,2.378
1749267309,2.46400000,31.40000000,2.378
1749267309,2.46500000,768.70000000,2.378
1749267309,2.46600000,4753.40000000,2.378
1749267309,2.46700000,3.40000000,2.378
1749267309,2.46900000,62.20000000,2.378
1749267309,2.47000000,6042.20000000,2.378
1749267309,2.47100000,28.80000000,2.378
1749267309,2.47200000,56.70000000,2.378
1749267309,2.47300000,514.30000000,2.378
1749267309,2.47400000,73.00000000,2.378
1749267309,2.47500000,7.60000000,2.378
1749267309,2.47600000,53.10000000,2.378
1749267309,2.47700000,12.40000000,2.378
1749267309,2.47800000,18.00000000,2.378
1749267309,2.47900000,12.20000000,2.378
1749267611,2.38500000,4219.70000000,2.384
1749267611,2.38600000,7291.30000000,2.384
1749267611,2.38700000,13157.40000000,2.384
1749267611,2.38800000,17889.70000000,2.384
1749267611,2.38900000,22508.00000000,2.384
1749267611,2.39000000,26937.70000000,2.384
1749267611,2.39100000,5149.60000000,2.384
1749267611,2.39200000,5049.80000000,2.384
1749267611,2.39300000,8159.10000000,2.384
1749267611,2.39400000,8033.80000000,2.384
1749267611,2.39500000,2570.10000000,2.384
1749267611,2.39600000,757.00000000,2.384
1749267611,2.39700000,9737.20000000,2.384
1749267611,2.39800000,6053.20000000,2.384
1749267611,2.39900000,8309.00000000,2.384
1749267611,2.40000000,23856.80000000,2.384
1749267611,2.40100000,2994.10000000,2.384
1749267611,2.40200000,3010.20000000,2.384
1749267611,2.40300000,2225.30000000,2.384
1749267611,2.40400000,735.50000000,2.384
1749267611,2.40500000,1204.10000000,2.384
1749267611,2.40600000,16725.50000000,2.384
1749267611,2.40700000,3502.10000000,2.384
1749267611,2.40800000,1320.80000000,2.384
1749267611,2.40900000,1305.20000000,2.384
1749267611,2.41000000,690.90000000,2.384
1749267611,2.41100000,821.50000000,2.384
1749267611,2.41200000,7692.20000000,2.384
1749267611,2.41300000,787.80000000,2.384
1749267611,2.41400000,1805.00000000,2.384
1749267611,2.41500000,911.20000000,2.384
1749267611,2.41600000,780.40000000,2.384
1749267611,2.41700000,808.30000000,2.384
1749267611,2.41800000,826.20000000,2.384
1749267611,2.41900000,40.00000000,2.384
1749267611,2.42000000,1420.30000000,2.384
1749267611,2.42100000,773.90000000,2.384
1749267611,2.42200000,19.60000000,2.384
1749267611,2.42300000,13.90000000,2.384
1749267611,2.42400000,1973.60000000,2.384
1749267611,2.42500000,872.10000000,2.384
1749267611,2.42600000,446.50000000,2.384
1749267611,2.42700000,9.00000000,2.384
1749267611,2.42800000,291.00000000,2.384
1749267611,2.42900000,19.20000000,2.384
1749267611,2.43000000,31489.50000000,2.384
1749267611,2.43100000,56.60000000,2.384
1749267611,2.43200000,83.60000000,2.384
1749267611,2.43300000,1241.50000000,2.384
1749267611,2.43400000,103.10000000,2.384
1749267611,2.43500000,59.70000000,2.384
1749267611,2.43600000,8.60000000,2.384
1749267611,2.43700000,364.50000000,2.384
1749267611,2.43800000,1241.20000000,2.384
1749267611,2.43900000,17.20000000,2.384
1749267611,2.44000000,242.80000000,2.384
1749267611,2.44100000,7.60000000,2.384
1749267611,2.44200000,504.10000000,2.384
1749267611,2.44300000,479.90000000,2.384
1749267611,2.44400000,13779.60000000,2.384
1749267611,2.44500000,140.90000000,2.384
1749267611,2.44600000,234.70000000,2.384
1749267611,2.44700000,172.40000000,2.384
1749267611,2.44800000,1119.10000000,2.384
1749267611,2.44900000,161.40000000,2.384
1749267611,2.45000000,3826.00000000,2.384
1749267611,2.45100000,19.20000000,2.384
1749267611,2.45200000,4.30000000,2.384
1749267611,2.45300000,85.90000000,2.384
1749267611,2.45400000,12.60000000,2.384
1749267611,2.45500000,1510.10000000,2.384
1749267611,2.45600000,20.10000000,2.384
1749267611,2.45700000,57.90000000,2.384
1749267611,2.45800000,18.80000000,2.384
1749267611,2.45900000,21.70000000,2.384
1749267611,2.46000000,150.90000000,2.384
1749267611,2.46100000,11.20000000,2.384
1749267611,2.46200000,12.50000000,2.384
1749267611,2.46300000,7.80000000,2.384
1749267611,2.46400000,31.40000000,2.384
1749267611,2.46500000,768.70000000,2.384
