timestamp,price,volume,current_price
1749254472,2.31600000,3090.40000000,2.315
1749254472,2.31700000,8738.10000000,2.315
1749254472,2.31800000,18473.00000000,2.315
1749254472,2.31900000,29165.50000000,2.315
1749254472,2.32000000,13374.10000000,2.315
1749254472,2.32100000,27523.20000000,2.315
1749254472,2.32200000,11315.90000000,2.315
1749254472,2.32300000,5628.90000000,2.315
1749254472,2.32400000,8385.30000000,2.315
1749254472,2.32500000,5874.70000000,2.315
1749254472,2.32600000,12983.20000000,2.315
1749254472,2.32700000,2124.40000000,2.315
1749254472,2.32800000,10019.70000000,2.315
1749254472,2.32900000,2476.80000000,2.315
1749254472,2.33000000,2549.00000000,2.315
1749254472,2.33100000,5746.40000000,2.315
1749254472,2.33200000,5976.00000000,2.315
1749254472,2.33300000,2431.30000000,2.315
1749254472,2.33400000,2485.30000000,2.315
1749254472,2.33500000,1211.90000000,2.315
1749254472,2.33600000,1366.90000000,2.315
1749254472,2.33700000,17306.40000000,2.315
1749254472,2.33800000,1121.60000000,2.315
1749254472,2.33900000,1124.10000000,2.315
1749254472,2.34000000,1617.00000000,2.315
1749254472,2.34100000,2199.60000000,2.315
1749254472,2.34200000,1218.00000000,2.315
1749254472,2.34300000,2192.90000000,2.315
1749254472,2.34400000,1135.70000000,2.315
1749254472,2.34500000,1121.60000000,2.315
1749254472,2.34600000,1885.00000000,2.315
1749254472,2.34700000,1884.50000000,2.315
1749254472,2.34800000,1134.70000000,2.315
1749254472,2.34900000,1202.30000000,2.315
1749254472,2.35000000,3250.80000000,2.315
1749254472,2.35100000,693.90000000,2.315
1749254472,2.35200000,691.40000000,2.315
1749254472,2.35300000,1347.80000000,2.315
1749254472,2.35400000,899.00000000,2.315
1749254472,2.35500000,91.80000000,2.315
1749254472,2.35600000,108.30000000,2.315
1749254472,2.35700000,79.90000000,2.315
1749254472,2.35800000,15.00000000,2.315
1749254472,2.35900000,10.80000000,2.315
1749254472,2.36000000,31380.10000000,2.315
1749254472,2.36100000,25.20000000,2.315
1749254472,2.36200000,1941.10000000,2.315
1749254472,2.36300000,19.00000000,2.315
1749254472,2.36400000,11.30000000,2.315
1749254472,2.36500000,767.30000000,2.315
1749254472,2.36600000,32.50000000,2.315
1749254472,2.36700000,32.40000000,2.315
1749254472,2.36800000,89.50000000,2.315
1749254472,2.36900000,27.40000000,2.315
1749254472,2.37000000,4857.10000000,2.315
1749254472,2.37100000,8.90000000,2.315
1749254472,2.37200000,1208.20000000,2.315
1749254472,2.37300000,351.00000000,2.315
1749254472,2.37400000,2642.60000000,2.315
1749254472,2.37500000,13.40000000,2.315
1749254472,2.37600000,27.80000000,2.315
1749254472,2.37700000,1358.10000000,2.315
1749254472,2.37800000,17.00000000,2.315
1749254472,2.37900000,16.70000000,2.315
1749254472,2.38000000,151.00000000,2.315
1749254472,2.38100000,29.00000000,2.315
1749254472,2.38200000,231.40000000,2.315
1749254472,2.38300000,21.80000000,2.315
1749254472,2.38400000,74.10000000,2.315
1749254472,2.38500000,38.70000000,2.315
1749254472,2.38600000,4.40000000,2.315
1749254472,2.38700000,436.40000000,2.315
1749254472,2.38800000,21.90000000,2.315
1749254472,2.38900000,2424.00000000,2.315
1749254472,2.39000000,191.40000000,2.315
1749254472,2.39100000,184.70000000,2.315
1749254472,2.39200000,17.20000000,2.315
1749254472,2.39300000,55.70000000,2.315
1749254472,2.39400000,44.70000000,2.315
1749254472,2.39500000,61.50000000,2.315
1749254472,2.39600000,22.50000000,2.315
1749254472,2.39700000,102.50000000,2.315
1749254472,2.39800000,48.00000000,2.315
1749254472,2.39900000,44.30000000,2.315
1749254472,2.40000000,23036.10000000,2.315
1749254472,2.40100000,1861.30000000,2.315
1749254472,2.40200000,40.70000000,2.315
1749254472,2.40300000,279.20000000,2.315
1749254472,2.40500000,1964.20000000,2.315
1749254472,2.40600000,26.80000000,2.315
1749254472,2.40700000,26.90000000,2.315
1749254472,2.40800000,114.50000000,2.315
1749254472,2.40900000,598.10000000,2.315
1749254472,2.41000000,11.60000000,2.315
1749254472,2.41100000,146.30000000,2.315
1749254472,2.41200000,12.20000000,2.315
1749254472,2.41300000,108.50000000,2.315
1749254472,2.41400000,376.20000000,2.315
1749254472,2.41500000,231.90000000,2.315
1749254472,2.41600000,98.80000000,2.315
1749254773,2.31400000,1788.40000000,2.314
1749254773,2.31500000,8655.50000000,2.314
1749254773,2.31600000,16766.90000000,2.314
1749254773,2.31700000,25545.70000000,2.314
1749254773,2.31800000,16197.90000000,2.314
1749254773,2.31900000,23569.40000000,2.314
1749254773,2.32000000,12574.50000000,2.314
1749254773,2.32100000,5287.70000000,2.314
1749254773,2.32200000,9744.90000000,2.314
1749254773,2.32300000,3116.90000000,2.314
1749254773,2.32400000,12356.30000000,2.314
1749254773,2.32500000,5626.40000000,2.314
1749254773,2.32600000,11491.60000000,2.314
1749254773,2.32700000,2788.90000000,2.314
1749254773,2.32800000,3858.00000000,2.314
1749254773,2.32900000,2045.90000000,2.314
1749254773,2.33000000,2101.80000000,2.314
1749254773,2.33100000,5196.80000000,2.314
1749254773,2.33200000,5976.00000000,2.314
1749254773,2.33300000,1550.20000000,2.314
1749254773,2.33400000,17207.50000000,2.314
1749254773,2.33500000,1211.90000000,2.314
1749254773,2.33600000,1356.10000000,2.314
1749254773,2.33700000,1706.40000000,2.314
1749254773,2.33800000,1121.60000000,2.314
1749254773,2.33900000,2013.80000000,2.314
1749254773,2.34000000,1617.00000000,2.314
1749254773,2.34100000,2199.60000000,2.314
1749254773,2.34200000,1218.00000000,2.314
1749254773,2.34300000,2192.90000000,2.314
1749254773,2.34400000,1135.70000000,2.314
1749254773,2.34500000,1121.60000000,2.314
1749254773,2.34600000,1885.00000000,2.314
1749254773,2.34700000,1884.50000000,2.314
1749254773,2.34800000,1134.70000000,2.314
1749254773,2.34900000,1202.30000000,2.314
1749254773,2.35000000,3250.80000000,2.314
1749254773,2.35100000,693.90000000,2.314
1749254773,2.35200000,16.40000000,2.314
1749254773,2.35300000,22.90000000,2.314
1749254773,2.35400000,224.00000000,2.314
1749254773,2.35500000,91.80000000,2.314
1749254773,2.35600000,108.30000000,2.314
1749254773,2.35700000,31279.90000000,2.314
1749254773,2.35800000,15.00000000,2.314
1749254773,2.35900000,10.80000000,2.314
1749254773,2.36000000,177.70000000,2.314
1749254773,2.36100000,1752.70000000,2.314
1749254773,2.36200000,1941.10000000,2.314
1749254773,2.36300000,19.00000000,2.314
1749254773,2.36400000,11.30000000,2.314
1749254773,2.36500000,767.30000000,2.314
1749254773,2.36600000,32.50000000,2.314
1749254773,2.36700000,32.40000000,2.314
1749254773,2.36800000,89.50000000,2.314
1749254773,2.36900000,27.40000000,2.314
1749254773,2.37000000,4857.10000000,2.314
1749254773,2.37100000,8.90000000,2.314
1749254773,2.37200000,1208.20000000,2.314
1749254773,2.37300000,351.00000000,2.314
1749254773,2.37400000,2642.60000000,2.314
1749254773,2.37500000,13.40000000,2.314
1749254773,2.37600000,27.80000000,2.314
1749254773,2.37700000,63.60000000,2.314
1749254773,2.37800000,17.00000000,2.314
1749254773,2.37900000,16.70000000,2.314
1749254773,2.38000000,151.00000000,2.314
1749254773,2.38100000,29.00000000,2.314
1749254773,2.38200000,231.40000000,2.314
1749254773,2.38300000,21.80000000,2.314
1749254773,2.38400000,2639.40000000,2.314
1749254773,2.38500000,38.70000000,2.314
1749254773,2.38600000,4.40000000,2.314
1749254773,2.38700000,436.40000000,2.314
1749254773,2.38800000,21.90000000,2.314
1749254773,2.38900000,2424.00000000,2.314
1749254773,2.39000000,187.00000000,2.314
1749254773,2.39100000,180.30000000,2.314
1749254773,2.39200000,17.20000000,2.314
1749254773,2.39300000,55.70000000,2.314
1749254773,2.39400000,44.70000000,2.314
1749254773,2.39500000,61.50000000,2.314
1749254773,2.39600000,22.50000000,2.314
1749254773,2.39700000,102.50000000,2.314
1749254773,2.39800000,48.00000000,2.314
1749254773,2.39900000,44.30000000,2.314
1749254773,2.40000000,23036.10000000,2.314
1749254773,2.40100000,1861.30000000,2.314
1749254773,2.40200000,40.70000000,2.314
1749254773,2.40300000,279.20000000,2.314
1749254773,2.40500000,27.40000000,2.314
1749254773,2.40600000,26.80000000,2.314
1749254773,2.40700000,3430.10000000,2.314
1749254773,2.40800000,114.50000000,2.314
1749254773,2.40900000,598.10000000,2.314
1749254773,2.41000000,11.60000000,2.314
1749254773,2.41100000,146.30000000,2.314
1749254773,2.41200000,12.20000000,2.314
1749254773,2.41300000,108.50000000,2.314
1749254773,2.41400000,376.20000000,2.314
