timestamp,price,volume,current_price
1749254632,5.82000000,460.23000000,5.82
1749254632,5.83000000,7004.23000000,5.82
1749254632,5.84000000,7853.02000000,5.82
1749254632,5.85000000,4141.78000000,5.82
1749254632,5.86000000,1822.09000000,5.82
1749254632,5.87000000,1051.45000000,5.82
1749254632,5.88000000,1578.14000000,5.82
1749254632,5.89000000,2223.79000000,5.82
1749254632,5.90000000,1150.44000000,5.82
1749254632,5.91000000,338.17000000,5.82
1749254632,5.92000000,339.72000000,5.82
1749254632,5.93000000,351.93000000,5.82
1749254632,5.94000000,360.69000000,5.82
1749254632,5.95000000,338.36000000,5.82
1749254632,5.96000000,1084.60000000,5.82
1749254632,5.97000000,329.99000000,5.82
1749254632,5.98000000,563.16000000,5.82
1749254632,5.99000000,331.55000000,5.82
1749254632,6.00000000,347.35000000,5.82
1749254632,6.01000000,244.61000000,5.82
1749254632,6.02000000,250.76000000,5.82
1749254632,6.03000000,253.73000000,5.82
1749254632,6.04000000,257.68000000,5.82
1749254632,6.05000000,254.05000000,5.82
1749254632,6.06000000,256.37000000,5.82
1749254632,6.07000000,160.50000000,5.82
1749254632,6.08000000,10.73000000,5.82
1749254632,6.09000000,193.00000000,5.82
1749254632,6.10000000,79.22000000,5.82
1749254632,6.11000000,171.39000000,5.82
1749254632,6.12000000,4.74000000,5.82
1749254632,6.13000000,6.04000000,5.82
1749254632,6.14000000,197.53000000,5.82
1749254632,6.15000000,10.03000000,5.82
1749254632,6.16000000,6.94000000,5.82
1749254632,6.17000000,174.55000000,5.82
1749254632,6.18000000,165.86000000,5.82
1749254632,6.19000000,2679.79000000,5.82
1749254632,6.20000000,1691.88000000,5.82
1749254632,6.21000000,249.34000000,5.82
1749254632,6.22000000,10.47000000,5.82
1749254632,6.23000000,7.44000000,5.82
1749254632,6.24000000,177.05000000,5.82
1749254632,6.25000000,982.58000000,5.82
1749254632,6.26000000,4.10000000,5.82
1749254632,6.27000000,15.36000000,5.82
1749254632,6.28000000,22.29000000,5.82
1749254632,6.29000000,172.82000000,5.82
1749254632,6.30000000,45.12000000,5.82
1749254632,6.31000000,8.53000000,5.82
1749254632,6.32000000,9.51000000,5.82
1749254632,6.33000000,10.60000000,5.82
1749254632,6.34000000,1.72000000,5.82
1749254632,6.35000000,9.34000000,5.82
1749254632,6.36000000,137.92000000,5.82
1749254632,6.37000000,482.44000000,5.82
1749254632,6.38000000,7.58000000,5.82
1749254632,6.39000000,15.14000000,5.82
1749254632,6.40000000,72.10000000,5.82
1749254632,6.41000000,3351.75000000,5.82
1749254632,6.42000000,13112.80000000,5.82
1749254632,6.43000000,4.19000000,5.82
1749254632,6.44000000,13.33000000,5.82
1749254632,6.45000000,1.26000000,5.82
1749254632,6.46000000,26.25000000,5.82
1749254632,6.47000000,10.11000000,5.82
1749254632,6.48000000,16.23000000,5.82
1749254632,6.50000000,614.88000000,5.82
1749254632,6.51000000,6.30000000,5.82
1749254632,6.53000000,6.25000000,5.82
1749254632,6.54000000,3.90000000,5.82
1749254632,6.55000000,14.01000000,5.82
1749254632,6.56000000,18.86000000,5.82
1749254632,6.57000000,18.44000000,5.82
1749254632,6.59000000,12.72000000,5.82
1749254632,6.60000000,858.31000000,5.82
1749254632,6.61000000,4.25000000,5.82
1749254632,6.62000000,4.76000000,5.82
1749254632,6.63000000,3.68000000,5.82
1749254632,6.64000000,5.77000000,5.82
1749254632,6.65000000,30.55000000,5.82
1749254632,6.66000000,11.75000000,5.82
1749254632,6.67000000,3.82000000,5.82
1749254632,6.68000000,4.72000000,5.82
1749254632,6.70000000,252.36000000,5.82
1749254632,6.71000000,43.60000000,5.82
1749254632,6.72000000,2.39000000,5.82
1749254632,6.73000000,31.72000000,5.82
1749254632,6.75000000,40.29000000,5.82
1749254632,6.76000000,44.41000000,5.82
1749254632,6.77000000,18.37000000,5.82
1749254632,6.78000000,21.25000000,5.82
1749254632,6.79000000,1.00000000,5.82
1749254632,6.80000000,276.62000000,5.82
1749254632,6.81000000,2.84000000,5.82
1749254632,6.82000000,4.03000000,5.82
1749254632,6.83000000,8.72000000,5.82
1749254632,6.84000000,17.34000000,5.82
1749254632,6.85000000,21.32000000,5.82
1749254632,6.86000000,41.20000000,5.82
1749254934,5.83000000,4567.58000000,5.83
1749254934,5.84000000,6887.84000000,5.83
1749254934,5.85000000,6471.89000000,5.83
1749254934,5.86000000,1577.69000000,5.83
1749254934,5.87000000,1972.03000000,5.83
1749254934,5.88000000,1899.46000000,5.83
1749254934,5.89000000,643.17000000,5.83
1749254934,5.90000000,749.79000000,5.83
1749254934,5.91000000,338.17000000,5.83
1749254934,5.92000000,339.72000000,5.83
1749254934,5.93000000,351.93000000,5.83
1749254934,5.94000000,360.69000000,5.83
1749254934,5.95000000,510.04000000,5.83
1749254934,5.96000000,330.00000000,5.83
1749254934,5.97000000,329.99000000,5.83
1749254934,5.98000000,563.16000000,5.83
1749254934,5.99000000,331.55000000,5.83
1749254934,6.00000000,569.02000000,5.83
1749254934,6.01000000,493.55000000,5.83
1749254934,6.02000000,250.76000000,5.83
1749254934,6.03000000,253.73000000,5.83
1749254934,6.04000000,257.68000000,5.83
1749254934,6.05000000,254.05000000,5.83
1749254934,6.06000000,582.56000000,5.83
1749254934,6.07000000,160.50000000,5.83
1749254934,6.08000000,10.73000000,5.83
1749254934,6.09000000,193.00000000,5.83
1749254934,6.10000000,79.22000000,5.83
1749254934,6.11000000,171.39000000,5.83
1749254934,6.12000000,4.74000000,5.83
1749254934,6.13000000,6.04000000,5.83
1749254934,6.14000000,197.53000000,5.83
1749254934,6.15000000,10.03000000,5.83
1749254934,6.16000000,6.94000000,5.83
1749254934,6.17000000,174.55000000,5.83
1749254934,6.18000000,1840.90000000,5.83
1749254934,6.19000000,2679.79000000,5.83
1749254934,6.20000000,1691.88000000,5.83
1749254934,6.21000000,249.34000000,5.83
1749254934,6.22000000,10.47000000,5.83
1749254934,6.23000000,7.44000000,5.83
1749254934,6.24000000,177.05000000,5.83
1749254934,6.25000000,982.58000000,5.83
1749254934,6.26000000,4.10000000,5.83
1749254934,6.27000000,15.36000000,5.83
1749254934,6.28000000,22.29000000,5.83
1749254934,6.29000000,172.82000000,5.83
1749254934,6.30000000,45.12000000,5.83
1749254934,6.31000000,8.53000000,5.83
1749254934,6.32000000,9.51000000,5.83
1749254934,6.33000000,10.60000000,5.83
1749254934,6.34000000,1.72000000,5.83
1749254934,6.35000000,9.34000000,5.83
1749254934,6.36000000,137.92000000,5.83
1749254934,6.37000000,482.44000000,5.83
1749254934,6.38000000,7.58000000,5.83
1749254934,6.39000000,15.14000000,5.83
1749254934,6.40000000,73.83000000,5.83
1749254934,6.41000000,3351.75000000,5.83
1749254934,6.42000000,13112.80000000,5.83
1749254934,6.43000000,4.19000000,5.83
1749254934,6.44000000,13.33000000,5.83
1749254934,6.45000000,1.26000000,5.83
1749254934,6.46000000,26.25000000,5.83
1749254934,6.47000000,10.11000000,5.83
1749254934,6.48000000,16.23000000,5.83
1749254934,6.50000000,614.88000000,5.83
1749254934,6.51000000,6.30000000,5.83
1749254934,6.53000000,6.25000000,5.83
1749254934,6.54000000,3.90000000,5.83
1749254934,6.55000000,14.01000000,5.83
1749254934,6.56000000,18.86000000,5.83
1749254934,6.57000000,18.44000000,5.83
1749254934,6.59000000,12.72000000,5.83
1749254934,6.60000000,858.31000000,5.83
1749254934,6.61000000,4.25000000,5.83
1749254934,6.62000000,4.76000000,5.83
1749254934,6.63000000,3.68000000,5.83
1749254934,6.64000000,5.77000000,5.83
1749254934,6.65000000,30.55000000,5.83
1749254934,6.66000000,11.75000000,5.83
1749254934,6.67000000,3.82000000,5.83
1749254934,6.68000000,4.72000000,5.83
1749254934,6.70000000,252.36000000,5.83
1749254934,6.71000000,43.60000000,5.83
1749254934,6.72000000,2.39000000,5.83
1749254934,6.73000000,31.72000000,5.83
1749254934,6.75000000,40.29000000,5.83
1749254934,6.76000000,44.41000000,5.83
1749254934,6.77000000,18.37000000,5.83
1749254934,6.78000000,21.25000000,5.83
1749254934,6.79000000,1.00000000,5.83
1749254934,6.80000000,276.62000000,5.83
1749254934,6.81000000,2.84000000,5.83
1749254934,6.82000000,4.03000000,5.83
1749254934,6.83000000,8.72000000,5.83
1749254934,6.84000000,17.34000000,5.83
1749254934,6.85000000,21.32000000,5.83
1749254934,6.86000000,41.20000000,5.83
1749254934,6.87000000,22.20000000,5.83
