timestamp,price,volume,current_price
1749258396,5.92000000,610.12000000,5.91
1749258396,5.93000000,7969.97000000,5.91
1749258396,5.94000000,8045.61000000,5.91
1749258396,5.95000000,1651.69000000,5.91
1749258396,5.96000000,1871.61000000,5.91
1749258396,5.97000000,1413.12000000,5.91
1749258396,5.98000000,2560.25000000,5.91
1749258396,5.99000000,1321.77000000,5.91
1749258396,6.00000000,441.28000000,5.91
1749258396,6.01000000,329.99000000,5.91
1749258396,6.02000000,336.13000000,5.91
1749258396,6.03000000,339.10000000,5.91
1749258396,6.04000000,285.56000000,5.91
1749258396,6.05000000,254.05000000,5.91
1749258396,6.06000000,997.29000000,5.91
1749258396,6.07000000,160.50000000,5.91
1749258396,6.08000000,169.51000000,5.91
1749258396,6.09000000,194.28000000,5.91
1749258396,6.10000000,212.90000000,5.91
1749258396,6.11000000,172.67000000,5.91
1749258396,6.12000000,6.01000000,5.91
1749258396,6.13000000,6.04000000,5.91
1749258396,6.14000000,197.53000000,5.91
1749258396,6.15000000,10.03000000,5.91
1749258396,6.16000000,6.94000000,5.91
1749258396,6.17000000,174.55000000,5.91
1749258396,6.18000000,165.86000000,5.91
1749258396,6.19000000,2679.79000000,5.91
1749258396,6.20000000,1691.88000000,5.91
1749258396,6.21000000,249.34000000,5.91
1749258396,6.22000000,10.47000000,5.91
1749258396,6.23000000,164.94000000,5.91
1749258396,6.24000000,19.55000000,5.91
1749258396,6.25000000,982.58000000,5.91
1749258396,6.26000000,4.10000000,5.91
1749258396,6.27000000,15.36000000,5.91
1749258396,6.28000000,179.79000000,5.91
1749258396,6.29000000,330.32000000,5.91
1749258396,6.30000000,202.62000000,5.91
1749258396,6.31000000,8.53000000,5.91
1749258396,6.32000000,9.51000000,5.91
1749258396,6.33000000,168.10000000,5.91
1749258396,6.34000000,1.72000000,5.91
1749258396,6.35000000,9.34000000,5.91
1749258396,6.36000000,295.42000000,5.91
1749258396,6.37000000,639.94000000,5.91
1749258396,6.38000000,7.58000000,5.91
1749258396,6.39000000,172.64000000,5.91
1749258396,6.40000000,231.33000000,5.91
1749258396,6.41000000,3353.47000000,5.91
1749258396,6.42000000,13114.52000000,5.91
1749258396,6.43000000,5.91000000,5.91
1749258396,6.44000000,15.04000000,5.91
1749258396,6.45000000,2.97000000,5.91
1749258396,6.46000000,27.96000000,5.91
1749258396,6.47000000,11.81000000,5.91
1749258396,6.48000000,17.93000000,5.91
1749258396,6.49000000,1.70000000,5.91
1749258396,6.50000000,614.88000000,5.91
1749258396,6.51000000,6.30000000,5.91
1749258396,6.53000000,6.25000000,5.91
1749258396,6.54000000,3.90000000,5.91
1749258396,6.55000000,14.01000000,5.91
1749258396,6.56000000,18.86000000,5.91
1749258396,6.57000000,18.44000000,5.91
1749258396,6.59000000,12.72000000,5.91
1749258396,6.60000000,858.31000000,5.91
1749258396,6.61000000,4.25000000,5.91
1749258396,6.62000000,4.76000000,5.91
1749258396,6.63000000,3.68000000,5.91
1749258396,6.64000000,5.77000000,5.91
1749258396,6.65000000,30.55000000,5.91
1749258396,6.66000000,11.75000000,5.91
1749258396,6.67000000,3.82000000,5.91
1749258396,6.68000000,4.72000000,5.91
1749258396,6.70000000,252.36000000,5.91
1749258396,6.71000000,43.60000000,5.91
1749258396,6.72000000,2.39000000,5.91
1749258396,6.73000000,31.72000000,5.91
1749258396,6.75000000,40.29000000,5.91
1749258396,6.76000000,44.41000000,5.91
1749258396,6.77000000,18.37000000,5.91
1749258396,6.78000000,21.25000000,5.91
1749258396,6.79000000,1.00000000,5.91
1749258396,6.80000000,276.62000000,5.91
1749258396,6.81000000,2.84000000,5.91
1749258396,6.82000000,4.03000000,5.91
1749258396,6.83000000,8.72000000,5.91
1749258396,6.84000000,17.34000000,5.91
1749258396,6.85000000,21.32000000,5.91
1749258396,6.86000000,41.20000000,5.91
1749258396,6.87000000,22.20000000,5.91
1749258396,6.88000000,10.72000000,5.91
1749258396,6.89000000,17.70000000,5.91
1749258396,6.90000000,431.49000000,5.91
1749258396,6.91000000,87.57000000,5.91
1749258396,6.92000000,65.93000000,5.91
1749258396,6.93000000,1.80000000,5.91
1749258396,6.94000000,15.29000000,5.91
1749258396,6.95000000,88.07000000,5.91
1749258717,5.91000000,2300.47000000,5.9
1749258717,5.92000000,6604.74000000,5.9
1749258717,5.93000000,5693.44000000,5.9
1749258717,5.94000000,3467.05000000,5.9
1749258717,5.95000000,1848.91000000,5.9
1749258717,5.96000000,1367.00000000,5.9
1749258717,5.97000000,2409.57000000,5.9
1749258717,5.98000000,885.20000000,5.9
1749258717,5.99000000,1321.76000000,5.9
1749258717,6.00000000,437.06000000,5.9
1749258717,6.01000000,329.99000000,5.9
1749258717,6.02000000,336.13000000,5.9
1749258717,6.03000000,339.10000000,5.9
1749258717,6.04000000,285.56000000,5.9
1749258717,6.05000000,254.05000000,5.9
1749258717,6.06000000,997.56000000,5.9
1749258717,6.07000000,160.50000000,5.9
1749258717,6.08000000,169.51000000,5.9
1749258717,6.09000000,194.28000000,5.9
1749258717,6.10000000,212.90000000,5.9
1749258717,6.11000000,172.67000000,5.9
1749258717,6.12000000,6.01000000,5.9
1749258717,6.13000000,6.04000000,5.9
1749258717,6.14000000,197.53000000,5.9
1749258717,6.15000000,10.03000000,5.9
1749258717,6.16000000,6.94000000,5.9
1749258717,6.17000000,174.55000000,5.9
1749258717,6.18000000,165.86000000,5.9
1749258717,6.19000000,2679.79000000,5.9
1749258717,6.20000000,1691.88000000,5.9
1749258717,6.21000000,249.34000000,5.9
1749258717,6.22000000,10.47000000,5.9
1749258717,6.23000000,164.94000000,5.9
1749258717,6.24000000,19.55000000,5.9
1749258717,6.25000000,982.58000000,5.9
1749258717,6.26000000,4.10000000,5.9
1749258717,6.27000000,15.36000000,5.9
1749258717,6.28000000,179.79000000,5.9
1749258717,6.29000000,330.32000000,5.9
1749258717,6.30000000,202.62000000,5.9
1749258717,6.31000000,8.53000000,5.9
1749258717,6.32000000,9.51000000,5.9
1749258717,6.33000000,168.10000000,5.9
1749258717,6.34000000,1.72000000,5.9
1749258717,6.35000000,9.34000000,5.9
1749258717,6.36000000,295.42000000,5.9
1749258717,6.37000000,639.94000000,5.9
1749258717,6.38000000,7.58000000,5.9
1749258717,6.39000000,172.64000000,5.9
1749258717,6.40000000,231.33000000,5.9
1749258717,6.41000000,3353.47000000,5.9
1749258717,6.42000000,13114.52000000,5.9
1749258717,6.43000000,5.91000000,5.9
1749258717,6.44000000,15.04000000,5.9
1749258717,6.45000000,2.97000000,5.9
1749258717,6.46000000,27.96000000,5.9
1749258717,6.47000000,11.81000000,5.9
1749258717,6.48000000,17.93000000,5.9
1749258717,6.50000000,614.88000000,5.9
1749258717,6.51000000,6.30000000,5.9
1749258717,6.53000000,6.25000000,5.9
1749258717,6.54000000,3.90000000,5.9
1749258717,6.55000000,14.01000000,5.9
1749258717,6.56000000,18.86000000,5.9
1749258717,6.57000000,18.44000000,5.9
1749258717,6.59000000,12.72000000,5.9
1749258717,6.60000000,858.31000000,5.9
1749258717,6.61000000,4.25000000,5.9
1749258717,6.62000000,4.76000000,5.9
1749258717,6.63000000,3.68000000,5.9
1749258717,6.64000000,5.77000000,5.9
1749258717,6.65000000,30.55000000,5.9
1749258717,6.66000000,11.75000000,5.9
1749258717,6.67000000,3.82000000,5.9
1749258717,6.68000000,4.72000000,5.9
1749258717,6.70000000,252.36000000,5.9
1749258717,6.71000000,43.60000000,5.9
1749258717,6.72000000,2.39000000,5.9
1749258717,6.73000000,31.72000000,5.9
1749258717,6.75000000,40.29000000,5.9
1749258717,6.76000000,44.41000000,5.9
1749258717,6.77000000,18.37000000,5.9
1749258717,6.78000000,21.25000000,5.9
1749258717,6.79000000,1.00000000,5.9
1749258717,6.80000000,276.62000000,5.9
1749258717,6.81000000,2.84000000,5.9
1749258717,6.82000000,4.03000000,5.9
1749258717,6.83000000,8.72000000,5.9
1749258717,6.84000000,17.34000000,5.9
1749258717,6.85000000,21.32000000,5.9
1749258717,6.86000000,41.20000000,5.9
1749258717,6.87000000,22.20000000,5.9
1749258717,6.88000000,10.72000000,5.9
1749258717,6.89000000,17.70000000,5.9
1749258717,6.90000000,431.49000000,5.9
1749258717,6.91000000,87.57000000,5.9
1749258717,6.92000000,65.93000000,5.9
1749258717,6.93000000,1.80000000,5.9
1749258717,6.94000000,15.29000000,5.9
1749258717,6.95000000,88.07000000,5.9
1749259018,5.92000000,786.45000000,5.92
1749259018,5.93000000,6591.70000000,5.92
1749259018,5.94000000,6993.92000000,5.92
1749259018,5.95000000,4227.59000000,5.92
1749259018,5.96000000,1854.55000000,5.92
1749259018,5.97000000,1013.66000000,5.92
1749259018,5.98000000,2812.40000000,5.92
1749259018,5.99000000,1321.76000000,5.92
1749259018,6.00000000,682.84000000,5.92
1749259018,6.01000000,334.21000000,5.92
1749259018,6.02000000,462.79000000,5.92
1749259018,6.03000000,339.10000000,5.92
1749259018,6.04000000,285.56000000,5.92
1749259018,6.05000000,254.05000000,5.92
1749259018,6.06000000,256.37000000,5.92
1749259018,6.07000000,903.10000000,5.92
1749259018,6.08000000,169.51000000,5.92
1749259018,6.09000000,194.28000000,5.92
1749259018,6.10000000,212.90000000,5.92
1749259018,6.11000000,172.67000000,5.92
1749259018,6.12000000,6.01000000,5.92
1749259018,6.13000000,7.31000000,5.92
1749259018,6.14000000,197.53000000,5.92
1749259018,6.15000000,10.03000000,5.92
1749259018,6.16000000,6.94000000,5.92
1749259018,6.17000000,174.55000000,5.92
1749259018,6.18000000,165.86000000,5.92
1749259018,6.19000000,2679.79000000,5.92
1749259018,6.20000000,1691.88000000,5.92
1749259018,6.21000000,249.34000000,5.92
1749259018,6.22000000,10.47000000,5.92
1749259018,6.23000000,164.94000000,5.92
1749259018,6.24000000,19.55000000,5.92
1749259018,6.25000000,982.58000000,5.92
1749259018,6.26000000,4.10000000,5.92
1749259018,6.27000000,15.36000000,5.92
1749259018,6.28000000,179.79000000,5.92
1749259018,6.29000000,330.32000000,5.92
1749259018,6.30000000,202.62000000,5.92
1749259018,6.31000000,8.53000000,5.92
1749259018,6.32000000,9.51000000,5.92
1749259018,6.33000000,168.10000000,5.92
1749259018,6.34000000,1.72000000,5.92
1749259018,6.35000000,9.34000000,5.92
1749259018,6.36000000,295.42000000,5.92
1749259018,6.37000000,639.94000000,5.92
1749259018,6.38000000,7.58000000,5.92
1749259018,6.39000000,15.14000000,5.92
1749259018,6.40000000,73.83000000,5.92
1749259018,6.41000000,3353.47000000,5.92
1749259018,6.42000000,13114.52000000,5.92
1749259018,6.43000000,5.91000000,5.92
1749259018,6.44000000,15.04000000,5.92
1749259018,6.45000000,2.97000000,5.92
1749259018,6.46000000,27.96000000,5.92
1749259018,6.47000000,11.81000000,5.92
1749259018,6.48000000,17.93000000,5.92
1749259018,6.49000000,1.70000000,5.92
1749259018,6.50000000,614.88000000,5.92
1749259018,6.51000000,6.30000000,5.92
1749259018,6.53000000,6.25000000,5.92
1749259018,6.54000000,3.90000000,5.92
1749259018,6.55000000,14.01000000,5.92
1749259018,6.56000000,18.86000000,5.92
1749259018,6.57000000,18.44000000,5.92
1749259018,6.59000000,12.72000000,5.92
1749259018,6.60000000,858.31000000,5.92
1749259018,6.61000000,4.25000000,5.92
1749259018,6.62000000,4.76000000,5.92
1749259018,6.63000000,3.68000000,5.92
1749259018,6.64000000,5.77000000,5.92
1749259018,6.65000000,30.55000000,5.92
1749259018,6.66000000,11.75000000,5.92
1749259018,6.67000000,3.82000000,5.92
1749259018,6.68000000,4.72000000,5.92
1749259018,6.70000000,252.36000000,5.92
1749259018,6.71000000,43.60000000,5.92
1749259018,6.72000000,2.39000000,5.92
1749259018,6.73000000,31.72000000,5.92
1749259018,6.75000000,40.29000000,5.92
1749259018,6.76000000,44.41000000,5.92
1749259018,6.77000000,18.37000000,5.92
1749259018,6.78000000,21.25000000,5.92
1749259018,6.79000000,1.00000000,5.92
1749259018,6.80000000,276.62000000,5.92
1749259018,6.81000000,2.84000000,5.92
1749259018,6.82000000,4.03000000,5.92
1749259018,6.83000000,8.72000000,5.92
1749259018,6.84000000,17.34000000,5.92
1749259018,6.85000000,21.32000000,5.92
1749259018,6.86000000,41.20000000,5.92
1749259018,6.87000000,22.20000000,5.92
1749259018,6.88000000,10.72000000,5.92
1749259018,6.89000000,17.70000000,5.92
1749259018,6.90000000,431.49000000,5.92
1749259018,6.91000000,87.57000000,5.92
1749259018,6.92000000,65.93000000,5.92
1749259018,6.93000000,1.80000000,5.92
1749259018,6.94000000,15.29000000,5.92
1749259018,6.95000000,88.07000000,5.92
