timestamp,price,volume,current_price
1749260730,1.21200000,2707.56000000,1.211
1749260730,1.21300000,1972.90000000,1.211
1749260730,1.21400000,3912.87000000,1.211
1749260730,1.21500000,1395.16000000,1.211
1749260730,1.21600000,2280.06000000,1.211
1749260730,1.21700000,2699.89000000,1.211
1749260730,1.21800000,1929.07000000,1.211
1749260730,1.21900000,2891.59000000,1.211
1749260730,1.22000000,2208.15000000,1.211
1749260730,1.22100000,1048.36000000,1.211
1749260730,1.22200000,3431.84000000,1.211
1749260730,1.22300000,881.40000000,1.211
1749260730,1.22400000,1060.61000000,1.211
1749260730,1.22500000,866.08000000,1.211
1749260730,1.22600000,33.03000000,1.211
1749260730,1.22700000,50.75000000,1.211
1749260730,1.22800000,66.40000000,1.211
1749260730,1.22900000,309.33000000,1.211
1749260730,1.23000000,197.10000000,1.211
1749260730,1.23100000,4.29000000,1.211
1749260730,1.23200000,18.05000000,1.211
1749260730,1.23300000,76.74000000,1.211
1749260730,1.23400000,123.83000000,1.211
1749260730,1.23500000,93.08000000,1.211
1749260730,1.23600000,38.97000000,1.211
1749260730,1.23800000,907.47000000,1.211
1749260730,1.23900000,32.77000000,1.211
1749260730,1.24000000,1081.52000000,1.211
1749260730,1.24100000,11.39000000,1.211
1749260730,1.24200000,32.65000000,1.211
1749260730,1.24300000,73.42000000,1.211
1749260730,1.24400000,21.03000000,1.211
1749260730,1.24500000,97.22000000,1.211
1749260730,1.24600000,5.80000000,1.211
1749260730,1.24700000,56.22000000,1.211
1749260730,1.24800000,121.77000000,1.211
1749260730,1.24900000,2926.24000000,1.211
1749260730,1.25000000,136.47000000,1.211
1749260730,1.25100000,111.46000000,1.211
1749260730,1.25200000,295.24000000,1.211
1749260730,1.25300000,490.46000000,1.211
1749260730,1.25400000,3048.30000000,1.211
1749260730,1.25500000,408.84000000,1.211
1749260730,1.25600000,3336.51000000,1.211
1749260730,1.25700000,10.97000000,1.211
1749260730,1.25800000,3531.26000000,1.211
1749260730,1.25900000,45.14000000,1.211
1749260730,1.26000000,272.02000000,1.211
1749260730,1.26100000,3043.97000000,1.211
1749260730,1.26200000,25.76000000,1.211
1749260730,1.26300000,299.64000000,1.211
1749260730,1.26400000,3214.49000000,1.211
1749260730,1.26500000,144.66000000,1.211
1749260730,1.26600000,12.75000000,1.211
1749260730,1.26700000,14.30000000,1.211
1749260730,1.26800000,3954.73000000,1.211
1749260730,1.26900000,808.04000000,1.211
1749260730,1.27000000,77.92000000,1.211
1749260730,1.27100000,56.95000000,1.211
1749260730,1.27200000,63.21000000,1.211
1749260730,1.27300000,135.76000000,1.211
1749260730,1.27400000,70.35000000,1.211
1749260730,1.27500000,5.80000000,1.211
1749260730,1.27600000,68.33000000,1.211
1749260730,1.27700000,51.27000000,1.211
1749260730,1.27800000,5.43000000,1.211
1749260730,1.27900000,44.85000000,1.211
1749260730,1.28000000,205.87000000,1.211
1749260730,1.28100000,94.24000000,1.211
1749260730,1.28200000,4.86000000,1.211
1749260730,1.28300000,435.75000000,1.211
1749260730,1.28400000,27.35000000,1.211
1749260730,1.28500000,21.49000000,1.211
1749260730,1.28600000,22.64000000,1.211
1749260730,1.28700000,4.86000000,1.211
1749260730,1.28800000,69.06000000,1.211
1749260730,1.28900000,114.77000000,1.211
1749260730,1.29000000,178.77000000,1.211
1749260730,1.29100000,52.56000000,1.211
1749260730,1.29200000,12620.31000000,1.211
1749260730,1.29300000,47.84000000,1.211
1749260730,1.29400000,72.46000000,1.211
1749260730,1.29500000,413.95000000,1.211
1749260730,1.29600000,200.03000000,1.211
1749260730,1.29700000,928.21000000,1.211
1749260730,1.29800000,221.74000000,1.211
1749260730,1.29900000,1741.42000000,1.211
1749260730,1.30000000,751.91000000,1.211
1749260730,1.30100000,60.23000000,1.211
1749260730,1.30200000,65.64000000,1.211
1749260730,1.30300000,38.19000000,1.211
1749260730,1.30400000,167.46000000,1.211
1749260730,1.30500000,162.25000000,1.211
1749260730,1.30600000,7.19000000,1.211
1749260730,1.30700000,864.28000000,1.211
1749260730,1.30800000,35.26000000,1.211
1749260730,1.30900000,877.01000000,1.211
1749260730,1.31000000,559.53000000,1.211
1749260730,1.31100000,36.94000000,1.211
1749260730,1.31200000,177.18000000,1.211
1749261050,1.21200000,2652.26000000,1.212
1749261050,1.21300000,1643.23000000,1.212
1749261050,1.21400000,4732.92000000,1.212
1749261050,1.21500000,1339.93000000,1.212
1749261050,1.21600000,1101.70000000,1.212
1749261050,1.21700000,2254.78000000,1.212
1749261050,1.21800000,2985.98000000,1.212
1749261050,1.21900000,1833.30000000,1.212
1749261050,1.22000000,3893.97000000,1.212
1749261050,1.22100000,912.50000000,1.212
1749261050,1.22200000,896.27000000,1.212
1749261050,1.22300000,881.40000000,1.212
1749261050,1.22400000,1060.61000000,1.212
1749261050,1.22500000,866.08000000,1.212
1749261050,1.22600000,2568.60000000,1.212
1749261050,1.22700000,50.75000000,1.212
1749261050,1.22800000,66.40000000,1.212
1749261050,1.22900000,309.33000000,1.212
1749261050,1.23000000,197.10000000,1.212
1749261050,1.23100000,4.29000000,1.212
1749261050,1.23200000,18.05000000,1.212
1749261050,1.23300000,76.74000000,1.212
1749261050,1.23400000,41.26000000,1.212
1749261050,1.23500000,175.06000000,1.212
1749261050,1.23600000,38.97000000,1.212
1749261050,1.23800000,907.47000000,1.212
1749261050,1.23900000,32.77000000,1.212
1749261050,1.24000000,1081.52000000,1.212
1749261050,1.24100000,11.39000000,1.212
1749261050,1.24200000,32.65000000,1.212
1749261050,1.24300000,73.42000000,1.212
1749261050,1.24400000,21.03000000,1.212
1749261050,1.24500000,97.22000000,1.212
1749261050,1.24600000,5.80000000,1.212
1749261050,1.24700000,56.22000000,1.212
1749261050,1.24800000,121.77000000,1.212
1749261050,1.24900000,2926.24000000,1.212
1749261050,1.25000000,136.47000000,1.212
1749261050,1.25100000,111.46000000,1.212
1749261050,1.25200000,295.24000000,1.212
1749261050,1.25300000,490.46000000,1.212
1749261050,1.25400000,3048.30000000,1.212
1749261050,1.25500000,544.70000000,1.212
1749261050,1.25600000,3336.51000000,1.212
1749261050,1.25700000,10.97000000,1.212
1749261050,1.25800000,3449.40000000,1.212
1749261050,1.25900000,127.41000000,1.212
1749261050,1.26000000,272.02000000,1.212
1749261050,1.26100000,3043.97000000,1.212
1749261050,1.26200000,25.76000000,1.212
1749261050,1.26300000,299.64000000,1.212
1749261050,1.26400000,3214.49000000,1.212
1749261050,1.26500000,144.66000000,1.212
1749261050,1.26600000,12.75000000,1.212
1749261050,1.26700000,14.30000000,1.212
1749261050,1.26800000,3954.73000000,1.212
1749261050,1.26900000,808.04000000,1.212
1749261050,1.27000000,77.92000000,1.212
1749261050,1.27100000,56.95000000,1.212
1749261050,1.27200000,63.21000000,1.212
1749261050,1.27300000,135.76000000,1.212
1749261050,1.27400000,70.35000000,1.212
1749261050,1.27500000,5.80000000,1.212
1749261050,1.27600000,68.33000000,1.212
1749261050,1.27700000,51.27000000,1.212
1749261050,1.27800000,5.43000000,1.212
1749261050,1.27900000,44.85000000,1.212
1749261050,1.28000000,205.87000000,1.212
1749261050,1.28100000,94.24000000,1.212
1749261050,1.28200000,4.86000000,1.212
1749261050,1.28300000,435.75000000,1.212
1749261050,1.28400000,27.35000000,1.212
1749261050,1.28500000,21.49000000,1.212
1749261050,1.28600000,22.64000000,1.212
1749261050,1.28700000,4.86000000,1.212
1749261050,1.28800000,69.06000000,1.212
1749261050,1.28900000,114.77000000,1.212
1749261050,1.29000000,178.77000000,1.212
1749261050,1.29100000,52.56000000,1.212
1749261050,1.29200000,12620.31000000,1.212
1749261050,1.29300000,47.84000000,1.212
1749261050,1.29400000,72.46000000,1.212
1749261050,1.29500000,413.95000000,1.212
1749261050,1.29600000,200.03000000,1.212
1749261050,1.29700000,928.21000000,1.212
1749261050,1.29800000,221.74000000,1.212
1749261050,1.29900000,1741.42000000,1.212
1749261050,1.30000000,751.91000000,1.212
1749261050,1.30100000,60.23000000,1.212
1749261050,1.30200000,65.64000000,1.212
1749261050,1.30300000,38.19000000,1.212
1749261050,1.30400000,167.46000000,1.212
1749261050,1.30500000,162.25000000,1.212
1749261050,1.30600000,7.19000000,1.212
1749261050,1.30700000,864.28000000,1.212
1749261050,1.30800000,35.26000000,1.212
1749261050,1.30900000,877.01000000,1.212
1749261050,1.31000000,559.53000000,1.212
1749261050,1.31100000,36.94000000,1.212
1749261050,1.31200000,177.18000000,1.212
1749261355,1.21100000,290.05000000,1.21
1749261355,1.21200000,2778.19000000,1.21
1749261355,1.21300000,1434.27000000,1.21
1749261355,1.21400000,1003.72000000,1.21
1749261355,1.21500000,1517.68000000,1.21
1749261355,1.21600000,4010.81000000,1.21
1749261355,1.21700000,2240.57000000,1.21
1749261355,1.21800000,2985.98000000,1.21
1749261355,1.21900000,1833.04000000,1.21
1749261355,1.22000000,3893.97000000,1.21
1749261355,1.22100000,912.50000000,1.21
1749261355,1.22200000,896.27000000,1.21
1749261355,1.22300000,881.40000000,1.21
1749261355,1.22400000,1060.61000000,1.21
1749261355,1.22500000,866.08000000,1.21
1749261355,1.22600000,2568.60000000,1.21
1749261355,1.22700000,50.75000000,1.21
1749261355,1.22800000,66.40000000,1.21
1749261355,1.22900000,309.33000000,1.21
1749261355,1.23000000,197.10000000,1.21
1749261355,1.23100000,4.29000000,1.21
1749261355,1.23200000,18.05000000,1.21
1749261355,1.23300000,76.74000000,1.21
1749261355,1.23400000,41.26000000,1.21
1749261355,1.23500000,176.17000000,1.21
1749261355,1.23600000,38.97000000,1.21
1749261355,1.23800000,907.47000000,1.21
1749261355,1.23900000,32.77000000,1.21
1749261355,1.24000000,1081.52000000,1.21
1749261355,1.24100000,11.39000000,1.21
1749261355,1.24200000,32.65000000,1.21
1749261355,1.24300000,73.42000000,1.21
1749261355,1.24400000,21.03000000,1.21
1749261355,1.24500000,97.22000000,1.21
1749261355,1.24600000,5.80000000,1.21
1749261355,1.24700000,56.22000000,1.21
1749261355,1.24800000,121.77000000,1.21
1749261355,1.24900000,2926.24000000,1.21
1749261355,1.25000000,136.47000000,1.21
1749261355,1.25100000,111.46000000,1.21
1749261355,1.25200000,295.24000000,1.21
1749261355,1.25300000,490.46000000,1.21
1749261355,1.25400000,3048.30000000,1.21
1749261355,1.25500000,544.70000000,1.21
1749261355,1.25600000,3336.51000000,1.21
1749261355,1.25700000,10.97000000,1.21
1749261355,1.25800000,3449.40000000,1.21
1749261355,1.25900000,126.93000000,1.21
1749261355,1.26000000,272.02000000,1.21
1749261355,1.26100000,3043.97000000,1.21
1749261355,1.26200000,25.76000000,1.21
1749261355,1.26300000,299.64000000,1.21
1749261355,1.26400000,3214.49000000,1.21
1749261355,1.26500000,144.66000000,1.21
1749261355,1.26600000,12.75000000,1.21
1749261355,1.26700000,14.30000000,1.21
1749261355,1.26800000,3954.73000000,1.21
1749261355,1.26900000,808.04000000,1.21
1749261355,1.27000000,77.92000000,1.21
1749261355,1.27100000,56.95000000,1.21
1749261355,1.27200000,63.21000000,1.21
1749261355,1.27300000,135.76000000,1.21
1749261355,1.27400000,70.35000000,1.21
1749261355,1.27500000,5.80000000,1.21
1749261355,1.27600000,68.33000000,1.21
1749261355,1.27700000,51.27000000,1.21
1749261355,1.27800000,5.43000000,1.21
1749261355,1.27900000,44.85000000,1.21
1749261355,1.28000000,205.87000000,1.21
1749261355,1.28100000,94.24000000,1.21
1749261355,1.28200000,4.86000000,1.21
1749261355,1.28300000,435.75000000,1.21
1749261355,1.28400000,27.35000000,1.21
1749261355,1.28500000,21.49000000,1.21
1749261355,1.28600000,22.64000000,1.21
1749261355,1.28700000,4.86000000,1.21
1749261355,1.28800000,69.06000000,1.21
1749261355,1.28900000,114.77000000,1.21
1749261355,1.29000000,178.77000000,1.21
1749261355,1.29100000,52.56000000,1.21
1749261355,1.29200000,12620.31000000,1.21
1749261355,1.29300000,47.84000000,1.21
1749261355,1.29400000,72.46000000,1.21
1749261355,1.29500000,413.95000000,1.21
1749261355,1.29600000,200.03000000,1.21
1749261355,1.29700000,928.21000000,1.21
1749261355,1.29800000,221.74000000,1.21
1749261355,1.29900000,1741.42000000,1.21
1749261355,1.30000000,751.91000000,1.21
1749261355,1.30100000,60.23000000,1.21
1749261355,1.30200000,65.64000000,1.21
1749261355,1.30300000,38.19000000,1.21
1749261355,1.30400000,167.46000000,1.21
1749261355,1.30500000,162.25000000,1.21
1749261355,1.30600000,7.19000000,1.21
1749261355,1.30700000,864.28000000,1.21
1749261355,1.30800000,35.26000000,1.21
1749261355,1.30900000,877.01000000,1.21
1749261355,1.31000000,559.53000000,1.21
1749261355,1.31100000,36.94000000,1.21
1749261656,1.21100000,2904.88000000,1.211
1749261656,1.21200000,1165.34000000,1.211
1749261656,1.21300000,2214.22000000,1.211
1749261656,1.21400000,985.84000000,1.211
1749261656,1.21500000,3899.65000000,1.211
1749261656,1.21600000,4031.98000000,1.211
1749261656,1.21700000,1012.47000000,1.211
1749261656,1.21800000,2001.98000000,1.211
1749261656,1.21900000,2818.92000000,1.211
1749261656,1.22000000,2208.15000000,1.211
1749261656,1.22100000,912.50000000,1.211
1749261656,1.22200000,896.27000000,1.211
1749261656,1.22300000,881.40000000,1.211
1749261656,1.22400000,1060.61000000,1.211
1749261656,1.22500000,866.08000000,1.211
1749261656,1.22600000,2568.60000000,1.211
1749261656,1.22700000,50.75000000,1.211
1749261656,1.22800000,66.40000000,1.211
1749261656,1.22900000,309.33000000,1.211
1749261656,1.23000000,197.10000000,1.211
1749261656,1.23100000,4.29000000,1.211
1749261656,1.23200000,18.05000000,1.211
1749261656,1.23300000,76.74000000,1.211
1749261656,1.23400000,123.68000000,1.211
1749261656,1.23500000,93.08000000,1.211
1749261656,1.23600000,38.97000000,1.211
1749261656,1.23800000,907.47000000,1.211
1749261656,1.23900000,32.77000000,1.211
1749261656,1.24000000,1081.52000000,1.211
1749261656,1.24100000,11.39000000,1.211
1749261656,1.24200000,32.65000000,1.211
1749261656,1.24300000,73.42000000,1.211
1749261656,1.24400000,21.03000000,1.211
1749261656,1.24500000,97.22000000,1.211
1749261656,1.24600000,5.80000000,1.211
1749261656,1.24700000,56.22000000,1.211
1749261656,1.24800000,121.77000000,1.211
1749261656,1.24900000,2926.24000000,1.211
1749261656,1.25000000,136.47000000,1.211
1749261656,1.25100000,111.46000000,1.211
1749261656,1.25200000,295.24000000,1.211
1749261656,1.25300000,490.46000000,1.211
1749261656,1.25400000,3048.30000000,1.211
1749261656,1.25500000,544.70000000,1.211
1749261656,1.25600000,3336.51000000,1.211
1749261656,1.25700000,10.97000000,1.211
1749261656,1.25800000,3531.52000000,1.211
1749261656,1.25900000,45.14000000,1.211
1749261656,1.26000000,272.02000000,1.211
1749261656,1.26100000,3043.97000000,1.211
1749261656,1.26200000,25.76000000,1.211
1749261656,1.26300000,299.64000000,1.211
1749261656,1.26400000,3214.49000000,1.211
1749261656,1.26500000,144.66000000,1.211
1749261656,1.26600000,12.75000000,1.211
1749261656,1.26700000,14.30000000,1.211
1749261656,1.26800000,3954.73000000,1.211
1749261656,1.26900000,808.04000000,1.211
1749261656,1.27000000,77.92000000,1.211
1749261656,1.27100000,56.95000000,1.211
1749261656,1.27200000,63.21000000,1.211
1749261656,1.27300000,135.76000000,1.211
1749261656,1.27400000,70.35000000,1.211
1749261656,1.27500000,5.80000000,1.211
1749261656,1.27600000,68.33000000,1.211
1749261656,1.27700000,51.27000000,1.211
1749261656,1.27800000,5.43000000,1.211
1749261656,1.27900000,44.85000000,1.211
1749261656,1.28000000,205.87000000,1.211
1749261656,1.28100000,94.24000000,1.211
1749261656,1.28200000,4.86000000,1.211
1749261656,1.28300000,435.75000000,1.211
1749261656,1.28400000,27.35000000,1.211
1749261656,1.28500000,21.49000000,1.211
1749261656,1.28600000,22.64000000,1.211
1749261656,1.28700000,4.86000000,1.211
1749261656,1.28800000,69.06000000,1.211
1749261656,1.28900000,114.77000000,1.211
1749261656,1.29000000,178.77000000,1.211
1749261656,1.29100000,52.56000000,1.211
1749261656,1.29200000,12620.31000000,1.211
1749261656,1.29300000,47.84000000,1.211
1749261656,1.29400000,72.46000000,1.211
1749261656,1.29500000,413.95000000,1.211
1749261656,1.29600000,200.03000000,1.211
1749261656,1.29700000,928.21000000,1.211
1749261656,1.29800000,221.74000000,1.211
1749261656,1.29900000,1741.42000000,1.211
1749261656,1.30000000,751.91000000,1.211
1749261656,1.30100000,60.23000000,1.211
1749261656,1.30200000,65.64000000,1.211
1749261656,1.30300000,38.19000000,1.211
1749261656,1.30400000,167.46000000,1.211
1749261656,1.30500000,162.25000000,1.211
1749261656,1.30600000,7.19000000,1.211
1749261656,1.30700000,864.28000000,1.211
1749261656,1.30800000,35.26000000,1.211
1749261656,1.30900000,877.01000000,1.211
1749261656,1.31000000,559.53000000,1.211
1749261656,1.31100000,36.94000000,1.211
1749261963,1.21100000,2885.47000000,1.211
1749261963,1.21200000,1296.45000000,1.211
1749261963,1.21300000,2169.52000000,1.211
1749261963,1.21400000,2910.18000000,1.211
1749261963,1.21500000,3899.65000000,1.211
1749261963,1.21600000,2294.50000000,1.211
1749261963,1.21700000,1642.18000000,1.211
1749261963,1.21800000,3061.99000000,1.211
1749261963,1.21900000,1131.44000000,1.211
1749261963,1.22000000,2208.15000000,1.211
1749261963,1.22100000,912.50000000,1.211
1749261963,1.22200000,896.27000000,1.211
1749261963,1.22300000,881.40000000,1.211
1749261963,1.22400000,1060.61000000,1.211
1749261963,1.22500000,866.08000000,1.211
1749261963,1.22600000,2568.60000000,1.211
1749261963,1.22700000,50.75000000,1.211
1749261963,1.22800000,66.40000000,1.211
1749261963,1.22900000,309.33000000,1.211
1749261963,1.23000000,197.10000000,1.211
1749261963,1.23100000,4.29000000,1.211
1749261963,1.23200000,18.05000000,1.211
1749261963,1.23300000,76.74000000,1.211
1749261963,1.23400000,124.51000000,1.211
1749261963,1.23500000,93.08000000,1.211
1749261963,1.23600000,38.97000000,1.211
1749261963,1.23800000,907.47000000,1.211
1749261963,1.23900000,32.77000000,1.211
1749261963,1.24000000,1081.52000000,1.211
1749261963,1.24100000,11.39000000,1.211
1749261963,1.24200000,32.65000000,1.211
1749261963,1.24300000,73.42000000,1.211
1749261963,1.24400000,21.03000000,1.211
1749261963,1.24500000,97.22000000,1.211
1749261963,1.24600000,5.80000000,1.211
1749261963,1.24700000,56.22000000,1.211
1749261963,1.24800000,121.77000000,1.211
1749261963,1.24900000,2926.24000000,1.211
1749261963,1.25000000,136.47000000,1.211
1749261963,1.25100000,111.46000000,1.211
1749261963,1.25200000,295.24000000,1.211
1749261963,1.25300000,490.46000000,1.211
1749261963,1.25400000,3048.30000000,1.211
1749261963,1.25500000,544.70000000,1.211
1749261963,1.25600000,3336.51000000,1.211
1749261963,1.25700000,10.97000000,1.211
1749261963,1.25800000,3531.32000000,1.211
1749261963,1.25900000,45.14000000,1.211
1749261963,1.26000000,272.02000000,1.211
1749261963,1.26100000,3043.97000000,1.211
1749261963,1.26200000,25.76000000,1.211
1749261963,1.26300000,299.64000000,1.211
1749261963,1.26400000,3214.49000000,1.211
1749261963,1.26500000,144.66000000,1.211
1749261963,1.26600000,12.75000000,1.211
1749261963,1.26700000,14.30000000,1.211
1749261963,1.26800000,3954.73000000,1.211
1749261963,1.26900000,808.04000000,1.211
1749261963,1.27000000,77.92000000,1.211
1749261963,1.27100000,56.95000000,1.211
1749261963,1.27200000,63.21000000,1.211
1749261963,1.27300000,135.76000000,1.211
1749261963,1.27400000,70.35000000,1.211
1749261963,1.27500000,5.80000000,1.211
1749261963,1.27600000,68.33000000,1.211
1749261963,1.27700000,51.27000000,1.211
1749261963,1.27800000,5.43000000,1.211
1749261963,1.27900000,44.85000000,1.211
1749261963,1.28000000,205.87000000,1.211
1749261963,1.28100000,94.24000000,1.211
1749261963,1.28200000,4.86000000,1.211
1749261963,1.28300000,435.75000000,1.211
1749261963,1.28400000,27.35000000,1.211
1749261963,1.28500000,21.49000000,1.211
1749261963,1.28600000,22.64000000,1.211
1749261963,1.28700000,4.86000000,1.211
1749261963,1.28800000,69.06000000,1.211
1749261963,1.28900000,114.77000000,1.211
1749261963,1.29000000,178.77000000,1.211
1749261963,1.29100000,52.56000000,1.211
1749261963,1.29200000,12620.31000000,1.211
1749261963,1.29300000,47.84000000,1.211
1749261963,1.29400000,72.46000000,1.211
1749261963,1.29500000,413.95000000,1.211
1749261963,1.29600000,200.03000000,1.211
1749261963,1.29700000,928.21000000,1.211
1749261963,1.29800000,221.74000000,1.211
1749261963,1.29900000,1741.42000000,1.211
1749261963,1.30000000,751.91000000,1.211
1749261963,1.30100000,60.23000000,1.211
1749261963,1.30200000,65.64000000,1.211
1749261963,1.30300000,38.19000000,1.211
1749261963,1.30400000,167.46000000,1.211
1749261963,1.30500000,162.25000000,1.211
1749261963,1.30600000,7.19000000,1.211
1749261963,1.30700000,864.28000000,1.211
1749261963,1.30800000,35.26000000,1.211
1749261963,1.30900000,877.01000000,1.211
1749261963,1.31000000,559.53000000,1.211
1749261963,1.31100000,36.94000000,1.211
1749262265,1.21100000,2895.67000000,1.211
1749262265,1.21200000,1687.79000000,1.211
1749262265,1.21300000,2155.45000000,1.211
1749262265,1.21400000,1163.59000000,1.211
1749262265,1.21500000,3899.65000000,1.211
1749262265,1.21600000,5655.52000000,1.211
1749262265,1.21700000,1697.38000000,1.211
1749262265,1.21800000,1372.79000000,1.211
1749262265,1.21900000,1131.44000000,1.211
1749262265,1.22000000,2208.15000000,1.211
1749262265,1.22100000,912.50000000,1.211
1749262265,1.22200000,896.27000000,1.211
1749262265,1.22300000,881.40000000,1.211
1749262265,1.22400000,1060.61000000,1.211
1749262265,1.22500000,866.08000000,1.211
1749262265,1.22600000,2568.60000000,1.211
1749262265,1.22700000,50.75000000,1.211
1749262265,1.22800000,66.40000000,1.211
1749262265,1.22900000,309.33000000,1.211
1749262265,1.23000000,197.10000000,1.211
1749262265,1.23100000,4.29000000,1.211
1749262265,1.23200000,18.05000000,1.211
1749262265,1.23300000,76.74000000,1.211
1749262265,1.23400000,123.11000000,1.211
1749262265,1.23500000,93.08000000,1.211
1749262265,1.23600000,38.97000000,1.211
1749262265,1.23800000,907.47000000,1.211
1749262265,1.23900000,32.77000000,1.211
1749262265,1.24000000,1081.52000000,1.211
1749262265,1.24100000,11.39000000,1.211
1749262265,1.24200000,32.65000000,1.211
1749262265,1.24300000,73.42000000,1.211
1749262265,1.24400000,21.03000000,1.211
1749262265,1.24500000,97.22000000,1.211
1749262265,1.24600000,5.80000000,1.211
1749262265,1.24700000,56.22000000,1.211
1749262265,1.24800000,121.77000000,1.211
1749262265,1.24900000,2926.24000000,1.211
1749262265,1.25000000,136.47000000,1.211
1749262265,1.25100000,111.46000000,1.211
1749262265,1.25200000,295.24000000,1.211
1749262265,1.25300000,490.46000000,1.211
1749262265,1.25400000,3048.30000000,1.211
1749262265,1.25500000,544.70000000,1.211
1749262265,1.25600000,3336.51000000,1.211
1749262265,1.25700000,10.97000000,1.211
1749262265,1.25800000,3532.25000000,1.211
1749262265,1.25900000,45.14000000,1.211
1749262265,1.26000000,272.02000000,1.211
1749262265,1.26100000,3043.97000000,1.211
1749262265,1.26200000,25.76000000,1.211
1749262265,1.26300000,299.64000000,1.211
1749262265,1.26400000,3214.49000000,1.211
1749262265,1.26500000,144.66000000,1.211
1749262265,1.26600000,12.75000000,1.211
1749262265,1.26700000,14.30000000,1.211
1749262265,1.26800000,3954.73000000,1.211
1749262265,1.26900000,808.04000000,1.211
1749262265,1.27000000,77.92000000,1.211
1749262265,1.27100000,56.95000000,1.211
1749262265,1.27200000,63.21000000,1.211
1749262265,1.27300000,135.76000000,1.211
1749262265,1.27400000,70.35000000,1.211
1749262265,1.27500000,5.80000000,1.211
1749262265,1.27600000,68.33000000,1.211
1749262265,1.27700000,51.27000000,1.211
1749262265,1.27800000,5.43000000,1.211
1749262265,1.27900000,44.85000000,1.211
1749262265,1.28000000,205.87000000,1.211
1749262265,1.28100000,94.24000000,1.211
1749262265,1.28200000,4.86000000,1.211
1749262265,1.28300000,435.75000000,1.211
1749262265,1.28400000,27.35000000,1.211
1749262265,1.28500000,21.49000000,1.211
1749262265,1.28600000,22.64000000,1.211
1749262265,1.28700000,4.86000000,1.211
1749262265,1.28800000,69.06000000,1.211
1749262265,1.28900000,114.77000000,1.211
1749262265,1.29000000,178.77000000,1.211
1749262265,1.29100000,52.56000000,1.211
1749262265,1.29200000,12620.31000000,1.211
1749262265,1.29300000,47.84000000,1.211
1749262265,1.29400000,72.46000000,1.211
1749262265,1.29500000,413.95000000,1.211
1749262265,1.29600000,200.03000000,1.211
1749262265,1.29700000,928.21000000,1.211
1749262265,1.29800000,221.74000000,1.211
1749262265,1.29900000,1741.42000000,1.211
1749262265,1.30000000,751.91000000,1.211
1749262265,1.30100000,60.23000000,1.211
1749262265,1.30200000,65.64000000,1.211
1749262265,1.30300000,38.19000000,1.211
1749262265,1.30400000,167.46000000,1.211
1749262265,1.30500000,162.25000000,1.211
1749262265,1.30600000,7.19000000,1.211
1749262265,1.30700000,864.28000000,1.211
1749262265,1.30800000,35.26000000,1.211
1749262265,1.30900000,877.01000000,1.211
1749262265,1.31000000,559.53000000,1.211
1749262265,1.31100000,36.94000000,1.211
1749262567,1.21100000,48.33000000,1.211
1749262567,1.21200000,2623.20000000,1.211
1749262567,1.21300000,1715.72000000,1.211
1749262567,1.21400000,1811.91000000,1.211
1749262567,1.21500000,4248.79000000,1.211
1749262567,1.21600000,2290.47000000,1.211
1749262567,1.21700000,2755.11000000,1.211
1749262567,1.21800000,3690.97000000,1.211
1749262567,1.21900000,1131.44000000,1.211
1749262567,1.22000000,2208.15000000,1.211
1749262567,1.22100000,912.50000000,1.211
1749262567,1.22200000,896.27000000,1.211
1749262567,1.22300000,881.40000000,1.211
1749262567,1.22400000,1060.61000000,1.211
1749262567,1.22500000,866.08000000,1.211
1749262567,1.22600000,2568.60000000,1.211
1749262567,1.22700000,50.75000000,1.211
1749262567,1.22800000,66.40000000,1.211
1749262567,1.22900000,309.33000000,1.211
1749262567,1.23000000,197.10000000,1.211
1749262567,1.23100000,4.29000000,1.211
1749262567,1.23200000,18.05000000,1.211
1749262567,1.23300000,76.74000000,1.211
1749262567,1.23400000,123.02000000,1.211
1749262567,1.23500000,93.08000000,1.211
1749262567,1.23600000,38.97000000,1.211
1749262567,1.23800000,907.47000000,1.211
1749262567,1.23900000,32.77000000,1.211
1749262567,1.24000000,1081.52000000,1.211
1749262567,1.24100000,11.39000000,1.211
1749262567,1.24200000,32.65000000,1.211
1749262567,1.24300000,73.42000000,1.211
1749262567,1.24400000,21.03000000,1.211
1749262567,1.24500000,97.22000000,1.211
1749262567,1.24600000,5.80000000,1.211
1749262567,1.24700000,56.22000000,1.211
1749262567,1.24800000,121.77000000,1.211
1749262567,1.24900000,2926.24000000,1.211
1749262567,1.25000000,136.47000000,1.211
1749262567,1.25100000,111.46000000,1.211
1749262567,1.25200000,295.24000000,1.211
1749262567,1.25300000,490.46000000,1.211
1749262567,1.25400000,3048.30000000,1.211
1749262567,1.25500000,544.70000000,1.211
1749262567,1.25600000,3336.51000000,1.211
1749262567,1.25700000,10.97000000,1.211
1749262567,1.25800000,3449.40000000,1.211
1749262567,1.25900000,126.87000000,1.211
1749262567,1.26000000,272.02000000,1.211
1749262567,1.26100000,3043.97000000,1.211
1749262567,1.26200000,25.76000000,1.211
1749262567,1.26300000,299.64000000,1.211
1749262567,1.26400000,3214.49000000,1.211
1749262567,1.26500000,144.66000000,1.211
1749262567,1.26600000,12.75000000,1.211
1749262567,1.26700000,14.30000000,1.211
1749262567,1.26800000,3954.73000000,1.211
1749262567,1.26900000,808.04000000,1.211
1749262567,1.27000000,77.92000000,1.211
1749262567,1.27100000,56.95000000,1.211
1749262567,1.27200000,63.21000000,1.211
1749262567,1.27300000,135.76000000,1.211
1749262567,1.27400000,70.35000000,1.211
1749262567,1.27500000,5.80000000,1.211
1749262567,1.27600000,68.33000000,1.211
1749262567,1.27700000,51.27000000,1.211
1749262567,1.27800000,5.43000000,1.211
1749262567,1.27900000,44.85000000,1.211
1749262567,1.28000000,205.87000000,1.211
1749262567,1.28100000,94.24000000,1.211
1749262567,1.28200000,4.86000000,1.211
1749262567,1.28300000,435.75000000,1.211
1749262567,1.28400000,27.35000000,1.211
1749262567,1.28500000,21.49000000,1.211
1749262567,1.28600000,22.64000000,1.211
1749262567,1.28700000,4.86000000,1.211
1749262567,1.28800000,69.06000000,1.211
1749262567,1.28900000,114.77000000,1.211
1749262567,1.29000000,178.77000000,1.211
1749262567,1.29100000,52.56000000,1.211
1749262567,1.29200000,12620.31000000,1.211
1749262567,1.29300000,47.84000000,1.211
1749262567,1.29400000,72.46000000,1.211
1749262567,1.29500000,413.95000000,1.211
1749262567,1.29600000,200.03000000,1.211
1749262567,1.29700000,928.21000000,1.211
1749262567,1.29800000,221.74000000,1.211
1749262567,1.29900000,1741.42000000,1.211
1749262567,1.30000000,751.91000000,1.211
1749262567,1.30100000,60.23000000,1.211
1749262567,1.30200000,65.64000000,1.211
1749262567,1.30300000,38.19000000,1.211
1749262567,1.30400000,167.46000000,1.211
1749262567,1.30500000,162.25000000,1.211
1749262567,1.30600000,7.19000000,1.211
1749262567,1.30700000,864.28000000,1.211
1749262567,1.30800000,35.26000000,1.211
1749262567,1.30900000,877.01000000,1.211
1749262567,1.31000000,559.53000000,1.211
1749262567,1.31100000,36.94000000,1.211
1749262876,1.21100000,3611.83000000,1.211
1749262876,1.21200000,353.60000000,1.211
1749262876,1.21300000,971.00000000,1.211
1749262876,1.21400000,2397.76000000,1.211
1749262876,1.21500000,3899.65000000,1.211
1749262876,1.21600000,3976.99000000,1.211
1749262876,1.21700000,3332.57000000,1.211
1749262876,1.21800000,1372.79000000,1.211
1749262876,1.21900000,1176.56000000,1.211
1749262876,1.22000000,2208.15000000,1.211
1749262876,1.22100000,912.50000000,1.211
1749262876,1.22200000,896.27000000,1.211
1749262876,1.22300000,881.40000000,1.211
1749262876,1.22400000,1060.61000000,1.211
1749262876,1.22500000,866.08000000,1.211
1749262876,1.22600000,2568.60000000,1.211
1749262876,1.22700000,50.75000000,1.211
1749262876,1.22800000,66.40000000,1.211
1749262876,1.22900000,309.33000000,1.211
1749262876,1.23000000,197.10000000,1.211
1749262876,1.23100000,4.29000000,1.211
1749262876,1.23200000,18.05000000,1.211
1749262876,1.23300000,76.74000000,1.211
1749262876,1.23400000,123.69000000,1.211
1749262876,1.23500000,93.08000000,1.211
1749262876,1.23600000,38.97000000,1.211
1749262876,1.23800000,907.47000000,1.211
1749262876,1.23900000,32.77000000,1.211
1749262876,1.24000000,1081.52000000,1.211
1749262876,1.24100000,11.39000000,1.211
1749262876,1.24200000,32.65000000,1.211
1749262876,1.24300000,73.42000000,1.211
1749262876,1.24400000,21.03000000,1.211
1749262876,1.24500000,97.22000000,1.211
1749262876,1.24600000,5.80000000,1.211
1749262876,1.24700000,56.22000000,1.211
1749262876,1.24800000,121.77000000,1.211
1749262876,1.24900000,2926.24000000,1.211
1749262876,1.25000000,136.47000000,1.211
1749262876,1.25100000,111.46000000,1.211
1749262876,1.25200000,295.24000000,1.211
1749262876,1.25300000,445.34000000,1.211
1749262876,1.25400000,3048.30000000,1.211
1749262876,1.25500000,544.70000000,1.211
1749262876,1.25600000,3336.51000000,1.211
1749262876,1.25700000,10.97000000,1.211
1749262876,1.25800000,3532.67000000,1.211
1749262876,1.25900000,45.14000000,1.211
1749262876,1.26000000,272.02000000,1.211
1749262876,1.26100000,3043.97000000,1.211
1749262876,1.26200000,25.76000000,1.211
1749262876,1.26300000,299.64000000,1.211
1749262876,1.26400000,3214.49000000,1.211
1749262876,1.26500000,144.66000000,1.211
1749262876,1.26600000,12.75000000,1.211
1749262876,1.26700000,14.30000000,1.211
1749262876,1.26800000,3954.73000000,1.211
1749262876,1.26900000,808.04000000,1.211
1749262876,1.27000000,77.92000000,1.211
1749262876,1.27100000,56.95000000,1.211
1749262876,1.27200000,63.21000000,1.211
1749262876,1.27300000,135.76000000,1.211
1749262876,1.27400000,70.35000000,1.211
1749262876,1.27500000,5.80000000,1.211
1749262876,1.27600000,68.33000000,1.211
1749262876,1.27700000,51.27000000,1.211
1749262876,1.27800000,5.43000000,1.211
1749262876,1.27900000,44.85000000,1.211
1749262876,1.28000000,205.87000000,1.211
1749262876,1.28100000,94.24000000,1.211
1749262876,1.28200000,4.86000000,1.211
1749262876,1.28300000,435.75000000,1.211
1749262876,1.28400000,27.35000000,1.211
1749262876,1.28500000,21.49000000,1.211
1749262876,1.28600000,22.64000000,1.211
1749262876,1.28700000,4.86000000,1.211
1749262876,1.28800000,69.06000000,1.211
1749262876,1.28900000,114.77000000,1.211
1749262876,1.29000000,178.77000000,1.211
1749262876,1.29100000,52.56000000,1.211
1749262876,1.29200000,12620.31000000,1.211
1749262876,1.29300000,47.84000000,1.211
1749262876,1.29400000,72.46000000,1.211
1749262876,1.29500000,413.95000000,1.211
1749262876,1.29600000,200.03000000,1.211
1749262876,1.29700000,928.21000000,1.211
1749262876,1.29800000,221.74000000,1.211
1749262876,1.29900000,1741.42000000,1.211
1749262876,1.30000000,751.91000000,1.211
1749262876,1.30100000,60.23000000,1.211
1749262876,1.30200000,65.64000000,1.211
1749262876,1.30300000,38.19000000,1.211
1749262876,1.30400000,167.46000000,1.211
1749262876,1.30500000,162.25000000,1.211
1749262876,1.30600000,7.19000000,1.211
1749262876,1.30700000,864.28000000,1.211
1749262876,1.30800000,35.26000000,1.211
1749262876,1.30900000,877.01000000,1.211
1749262876,1.31000000,559.53000000,1.211
1749262876,1.31100000,36.94000000,1.211
1749263178,1.20900000,1070.34000000,1.208
1749263178,1.21000000,2722.73000000,1.208
1749263178,1.21100000,1429.06000000,1.208
1749263178,1.21200000,2122.50000000,1.208
1749263178,1.21300000,4208.42000000,1.208
1749263178,1.21400000,986.20000000,1.208
1749263178,1.21500000,2236.99000000,1.208
1749263178,1.21600000,1202.83000000,1.208
1749263178,1.21700000,2699.21000000,1.208
1749263178,1.21800000,3617.57000000,1.208
1749263178,1.21900000,1048.16000000,1.208
1749263178,1.22000000,2208.15000000,1.208
1749263178,1.22100000,912.50000000,1.208
1749263178,1.22200000,896.27000000,1.208
1749263178,1.22300000,881.40000000,1.208
1749263178,1.22400000,1060.61000000,1.208
1749263178,1.22500000,17.67000000,1.208
1749263178,1.22600000,2568.60000000,1.208
1749263178,1.22700000,50.75000000,1.208
1749263178,1.22800000,66.40000000,1.208
1749263178,1.22900000,309.33000000,1.208
1749263178,1.23000000,197.10000000,1.208
1749263178,1.23100000,4.29000000,1.208
1749263178,1.23200000,18.05000000,1.208
1749263178,1.23300000,158.72000000,1.208
1749263178,1.23400000,41.26000000,1.208
1749263178,1.23500000,93.08000000,1.208
1749263178,1.23600000,38.97000000,1.208
1749263178,1.23800000,907.47000000,1.208
1749263178,1.23900000,32.77000000,1.208
1749263178,1.24000000,1081.52000000,1.208
1749263178,1.24100000,11.39000000,1.208
1749263178,1.24200000,32.65000000,1.208
1749263178,1.24300000,73.42000000,1.208
1749263178,1.24400000,21.03000000,1.208
1749263178,1.24500000,97.22000000,1.208
1749263178,1.24600000,5.80000000,1.208
1749263178,1.24700000,56.22000000,1.208
1749263178,1.24800000,121.77000000,1.208
1749263178,1.24900000,2926.24000000,1.208
1749263178,1.25000000,136.47000000,1.208
1749263178,1.25100000,111.46000000,1.208
1749263178,1.25200000,295.24000000,1.208
1749263178,1.25300000,490.46000000,1.208
1749263178,1.25400000,3048.30000000,1.208
1749263178,1.25500000,544.70000000,1.208
1749263178,1.25600000,3336.51000000,1.208
1749263178,1.25700000,93.75000000,1.208
1749263178,1.25800000,3449.40000000,1.208
1749263178,1.25900000,45.14000000,1.208
1749263178,1.26000000,272.02000000,1.208
1749263178,1.26100000,3043.97000000,1.208
1749263178,1.26200000,25.76000000,1.208
1749263178,1.26300000,299.64000000,1.208
1749263178,1.26400000,3214.49000000,1.208
1749263178,1.26500000,144.66000000,1.208
1749263178,1.26600000,12.75000000,1.208
1749263178,1.26700000,14.30000000,1.208
1749263178,1.26800000,3954.73000000,1.208
1749263178,1.26900000,808.04000000,1.208
1749263178,1.27000000,77.92000000,1.208
1749263178,1.27100000,56.95000000,1.208
1749263178,1.27200000,63.21000000,1.208
1749263178,1.27300000,135.76000000,1.208
1749263178,1.27400000,70.35000000,1.208
1749263178,1.27500000,5.80000000,1.208
1749263178,1.27600000,68.33000000,1.208
1749263178,1.27700000,51.27000000,1.208
1749263178,1.27800000,5.43000000,1.208
1749263178,1.27900000,44.85000000,1.208
1749263178,1.28000000,205.87000000,1.208
1749263178,1.28100000,94.24000000,1.208
1749263178,1.28200000,4.86000000,1.208
1749263178,1.28300000,435.75000000,1.208
1749263178,1.28400000,27.35000000,1.208
1749263178,1.28500000,21.49000000,1.208
1749263178,1.28600000,22.64000000,1.208
1749263178,1.28700000,4.86000000,1.208
1749263178,1.28800000,69.06000000,1.208
1749263178,1.28900000,114.77000000,1.208
1749263178,1.29000000,178.77000000,1.208
1749263178,1.29100000,52.56000000,1.208
1749263178,1.29200000,12620.31000000,1.208
1749263178,1.29300000,47.84000000,1.208
1749263178,1.29400000,72.46000000,1.208
1749263178,1.29500000,413.95000000,1.208
1749263178,1.29600000,200.03000000,1.208
1749263178,1.29700000,928.21000000,1.208
1749263178,1.29800000,221.74000000,1.208
1749263178,1.29900000,1741.42000000,1.208
1749263178,1.30000000,751.91000000,1.208
1749263178,1.30100000,60.23000000,1.208
1749263178,1.30200000,65.64000000,1.208
1749263178,1.30300000,38.19000000,1.208
1749263178,1.30400000,167.46000000,1.208
1749263178,1.30500000,162.25000000,1.208
1749263178,1.30600000,7.19000000,1.208
1749263178,1.30700000,864.28000000,1.208
1749263178,1.30800000,35.26000000,1.208
1749263178,1.30900000,877.01000000,1.208
1749263484,1.20900000,507.57000000,1.209
1749263484,1.21000000,2902.86000000,1.209
1749263484,1.21100000,1427.88000000,1.209
1749263484,1.21200000,1900.88000000,1.209
1749263484,1.21300000,4262.79000000,1.209
1749263484,1.21400000,2228.41000000,1.209
1749263484,1.21500000,2679.35000000,1.209
1749263484,1.21600000,3524.89000000,1.209
1749263484,1.21700000,1012.47000000,1.209
1749263484,1.21800000,1299.62000000,1.209
1749263484,1.21900000,1048.16000000,1.209
1749263484,1.22000000,2208.15000000,1.209
1749263484,1.22100000,912.50000000,1.209
1749263484,1.22200000,896.27000000,1.209
1749263484,1.22300000,881.40000000,1.209
1749263484,1.22400000,1060.61000000,1.209
1749263484,1.22500000,17.67000000,1.209
1749263484,1.22600000,2568.60000000,1.209
1749263484,1.22700000,50.75000000,1.209
1749263484,1.22800000,66.40000000,1.209
1749263484,1.22900000,309.33000000,1.209
1749263484,1.23000000,197.10000000,1.209
1749263484,1.23100000,4.29000000,1.209
1749263484,1.23200000,101.26000000,1.209
1749263484,1.23300000,76.74000000,1.209
1749263484,1.23400000,41.26000000,1.209
1749263484,1.23500000,93.08000000,1.209
1749263484,1.23600000,38.97000000,1.209
1749263484,1.23800000,907.47000000,1.209
1749263484,1.23900000,32.77000000,1.209
1749263484,1.24000000,1081.52000000,1.209
1749263484,1.24100000,11.39000000,1.209
1749263484,1.24200000,32.65000000,1.209
1749263484,1.24300000,73.42000000,1.209
1749263484,1.24400000,21.03000000,1.209
1749263484,1.24500000,97.22000000,1.209
1749263484,1.24600000,5.80000000,1.209
1749263484,1.24700000,56.22000000,1.209
1749263484,1.24800000,121.77000000,1.209
1749263484,1.24900000,2926.24000000,1.209
1749263484,1.25000000,136.47000000,1.209
1749263484,1.25100000,111.46000000,1.209
1749263484,1.25200000,295.24000000,1.209
1749263484,1.25300000,490.46000000,1.209
1749263484,1.25400000,3048.30000000,1.209
1749263484,1.25500000,544.70000000,1.209
1749263484,1.25600000,3418.65000000,1.209
1749263484,1.25700000,10.97000000,1.209
1749263484,1.25800000,3449.40000000,1.209
1749263484,1.25900000,45.14000000,1.209
1749263484,1.26000000,272.02000000,1.209
1749263484,1.26100000,3043.97000000,1.209
1749263484,1.26200000,25.76000000,1.209
1749263484,1.26300000,299.64000000,1.209
1749263484,1.26400000,3214.49000000,1.209
1749263484,1.26500000,144.66000000,1.209
1749263484,1.26600000,12.75000000,1.209
1749263484,1.26700000,14.30000000,1.209
1749263484,1.26800000,3954.73000000,1.209
1749263484,1.26900000,808.04000000,1.209
1749263484,1.27000000,77.92000000,1.209
1749263484,1.27100000,56.95000000,1.209
1749263484,1.27200000,63.21000000,1.209
1749263484,1.27300000,135.76000000,1.209
1749263484,1.27400000,70.35000000,1.209
1749263484,1.27500000,5.80000000,1.209
1749263484,1.27600000,68.33000000,1.209
1749263484,1.27700000,51.27000000,1.209
1749263484,1.27800000,5.43000000,1.209
1749263484,1.27900000,44.85000000,1.209
1749263484,1.28000000,205.87000000,1.209
1749263484,1.28100000,94.24000000,1.209
1749263484,1.28200000,4.86000000,1.209
1749263484,1.28300000,435.75000000,1.209
1749263484,1.28400000,27.35000000,1.209
1749263484,1.28500000,21.49000000,1.209
1749263484,1.28600000,22.64000000,1.209
1749263484,1.28700000,4.86000000,1.209
1749263484,1.28800000,69.06000000,1.209
1749263484,1.28900000,114.77000000,1.209
1749263484,1.29000000,178.77000000,1.209
1749263484,1.29100000,52.56000000,1.209
1749263484,1.29200000,12620.31000000,1.209
1749263484,1.29300000,47.84000000,1.209
1749263484,1.29400000,72.46000000,1.209
1749263484,1.29500000,413.95000000,1.209
1749263484,1.29600000,200.03000000,1.209
1749263484,1.29700000,928.21000000,1.209
1749263484,1.29800000,221.74000000,1.209
1749263484,1.29900000,1741.42000000,1.209
1749263484,1.30000000,751.91000000,1.209
1749263484,1.30100000,60.23000000,1.209
1749263484,1.30200000,65.64000000,1.209
1749263484,1.30300000,38.19000000,1.209
1749263484,1.30400000,167.46000000,1.209
1749263484,1.30500000,162.25000000,1.209
1749263484,1.30600000,7.19000000,1.209
1749263484,1.30700000,864.28000000,1.209
1749263484,1.30800000,35.26000000,1.209
1749263484,1.30900000,877.01000000,1.209
1749263791,1.21100000,167.80000000,1.211
1749263791,1.21200000,3746.14000000,1.211
1749263791,1.21300000,1097.15000000,1.211
1749263791,1.21400000,2246.56000000,1.211
1749263791,1.21500000,3899.65000000,1.211
1749263791,1.21600000,2734.21000000,1.211
1749263791,1.21700000,3948.79000000,1.211
1749263791,1.21800000,2001.03000000,1.211
1749263791,1.21900000,1130.42000000,1.211
1749263791,1.22000000,2208.15000000,1.211
1749263791,1.22100000,912.50000000,1.211
1749263791,1.22200000,896.27000000,1.211
1749263791,1.22300000,881.40000000,1.211
1749263791,1.22400000,16.46000000,1.211
1749263791,1.22500000,212.93000000,1.211
1749263791,1.22600000,2568.60000000,1.211
1749263791,1.22700000,50.75000000,1.211
1749263791,1.22800000,66.40000000,1.211
1749263791,1.22900000,309.33000000,1.211
1749263791,1.23000000,197.10000000,1.211
1749263791,1.23100000,4.29000000,1.211
1749263791,1.23200000,18.05000000,1.211
1749263791,1.23300000,71.87000000,1.211
1749263791,1.23400000,41.26000000,1.211
1749263791,1.23500000,174.96000000,1.211
1749263791,1.23600000,38.97000000,1.211
1749263791,1.23800000,907.47000000,1.211
1749263791,1.23900000,26.31000000,1.211
1749263791,1.24000000,1081.52000000,1.211
1749263791,1.24100000,11.39000000,1.211
1749263791,1.24200000,32.65000000,1.211
1749263791,1.24300000,73.42000000,1.211
1749263791,1.24400000,21.03000000,1.211
1749263791,1.24500000,90.79000000,1.211
1749263791,1.24600000,5.80000000,1.211
1749263791,1.24700000,56.22000000,1.211
1749263791,1.24800000,121.77000000,1.211
1749263791,1.24900000,2926.24000000,1.211
1749263791,1.25000000,130.87000000,1.211
1749263791,1.25100000,111.46000000,1.211
1749263791,1.25200000,295.24000000,1.211
1749263791,1.25300000,490.46000000,1.211
1749263791,1.25400000,3048.30000000,1.211
1749263791,1.25500000,544.70000000,1.211
1749263791,1.25600000,3336.51000000,1.211
1749263791,1.25700000,10.97000000,1.211
1749263791,1.25800000,3441.45000000,1.211
1749263791,1.25900000,127.81000000,1.211
1749263791,1.26000000,272.02000000,1.211
1749263791,1.26100000,3043.97000000,1.211
1749263791,1.26200000,25.76000000,1.211
1749263791,1.26300000,291.72000000,1.211
1749263791,1.26400000,3214.49000000,1.211
1749263791,1.26500000,144.66000000,1.211
1749263791,1.26600000,12.75000000,1.211
1749263791,1.26700000,14.30000000,1.211
1749263791,1.26800000,3954.73000000,1.211
1749263791,1.26900000,808.04000000,1.211
1749263791,1.27000000,77.92000000,1.211
1749263791,1.27100000,56.95000000,1.211
1749263791,1.27200000,63.21000000,1.211
1749263791,1.27300000,135.76000000,1.211
1749263791,1.27400000,64.07000000,1.211
1749263791,1.27500000,5.80000000,1.211
1749263791,1.27600000,68.33000000,1.211
1749263791,1.27700000,51.27000000,1.211
1749263791,1.27800000,5.43000000,1.211
1749263791,1.27900000,44.85000000,1.211
1749263791,1.28000000,205.87000000,1.211
1749263791,1.28100000,94.24000000,1.211
1749263791,1.28200000,4.86000000,1.211
1749263791,1.28300000,435.75000000,1.211
1749263791,1.28400000,27.35000000,1.211
1749263791,1.28500000,21.49000000,1.211
1749263791,1.28600000,22.64000000,1.211
1749263791,1.28700000,4.86000000,1.211
1749263791,1.28800000,69.06000000,1.211
1749263791,1.28900000,114.77000000,1.211
1749263791,1.29000000,178.77000000,1.211
1749263791,1.29100000,52.56000000,1.211
1749263791,1.29200000,12620.31000000,1.211
1749263791,1.29300000,47.84000000,1.211
1749263791,1.29400000,72.46000000,1.211
1749263791,1.29500000,413.95000000,1.211
1749263791,1.29600000,200.03000000,1.211
1749263791,1.29700000,928.21000000,1.211
1749263791,1.29800000,221.74000000,1.211
1749263791,1.29900000,1741.42000000,1.211
1749263791,1.30000000,751.91000000,1.211
1749263791,1.30100000,60.23000000,1.211
1749263791,1.30200000,65.64000000,1.211
1749263791,1.30300000,38.19000000,1.211
1749263791,1.30400000,167.46000000,1.211
1749263791,1.30500000,162.25000000,1.211
1749263791,1.30600000,7.19000000,1.211
1749263791,1.30700000,864.28000000,1.211
1749263791,1.30800000,35.26000000,1.211
1749263791,1.30900000,877.01000000,1.211
1749263791,1.31000000,559.53000000,1.211
1749263791,1.31100000,36.94000000,1.211
1749264092,1.21100000,14.40000000,1.211
1749264092,1.21200000,3253.04000000,1.211
1749264092,1.21300000,1620.65000000,1.211
1749264092,1.21400000,1827.80000000,1.211
1749264092,1.21500000,4302.98000000,1.211
1749264092,1.21600000,3972.85000000,1.211
1749264092,1.21700000,3332.57000000,1.211
1749264092,1.21800000,1371.58000000,1.211
1749264092,1.21900000,1130.42000000,1.211
1749264092,1.22000000,2208.15000000,1.211
1749264092,1.22100000,912.50000000,1.211
1749264092,1.22200000,896.27000000,1.211
1749264092,1.22300000,881.40000000,1.211
1749264092,1.22400000,16.46000000,1.211
1749264092,1.22500000,212.93000000,1.211
1749264092,1.22600000,2568.60000000,1.211
1749264092,1.22700000,50.75000000,1.211
1749264092,1.22800000,66.40000000,1.211
1749264092,1.22900000,309.33000000,1.211
1749264092,1.23000000,197.10000000,1.211
1749264092,1.23100000,4.29000000,1.211
1749264092,1.23200000,18.05000000,1.211
1749264092,1.23300000,71.87000000,1.211
1749264092,1.23400000,123.81000000,1.211
1749264092,1.23500000,93.08000000,1.211
1749264092,1.23600000,38.97000000,1.211
1749264092,1.23800000,907.47000000,1.211
1749264092,1.23900000,26.31000000,1.211
1749264092,1.24000000,1081.52000000,1.211
1749264092,1.24100000,11.39000000,1.211
1749264092,1.24200000,32.65000000,1.211
1749264092,1.24300000,73.42000000,1.211
1749264092,1.24400000,21.03000000,1.211
1749264092,1.24500000,90.79000000,1.211
1749264092,1.24600000,5.80000000,1.211
1749264092,1.24700000,56.22000000,1.211
1749264092,1.24800000,121.77000000,1.211
1749264092,1.24900000,2926.24000000,1.211
1749264092,1.25000000,130.87000000,1.211
1749264092,1.25100000,111.46000000,1.211
1749264092,1.25200000,295.24000000,1.211
1749264092,1.25300000,490.46000000,1.211
1749264092,1.25400000,3048.30000000,1.211
1749264092,1.25500000,544.70000000,1.211
1749264092,1.25600000,3336.51000000,1.211
1749264092,1.25700000,10.97000000,1.211
1749264092,1.25800000,3441.45000000,1.211
1749264092,1.25900000,128.01000000,1.211
1749264092,1.26000000,272.02000000,1.211
1749264092,1.26100000,3043.97000000,1.211
1749264092,1.26200000,25.76000000,1.211
1749264092,1.26300000,291.72000000,1.211
1749264092,1.26400000,3214.49000000,1.211
1749264092,1.26500000,144.66000000,1.211
1749264092,1.26600000,12.75000000,1.211
1749264092,1.26700000,14.30000000,1.211
1749264092,1.26800000,3954.73000000,1.211
1749264092,1.26900000,808.04000000,1.211
1749264092,1.27000000,77.92000000,1.211
1749264092,1.27100000,56.95000000,1.211
1749264092,1.27200000,63.21000000,1.211
1749264092,1.27300000,135.76000000,1.211
1749264092,1.27400000,64.07000000,1.211
1749264092,1.27500000,5.80000000,1.211
1749264092,1.27600000,68.33000000,1.211
1749264092,1.27700000,51.27000000,1.211
1749264092,1.27800000,5.43000000,1.211
1749264092,1.27900000,44.85000000,1.211
1749264092,1.28000000,205.87000000,1.211
1749264092,1.28100000,94.24000000,1.211
1749264092,1.28200000,4.86000000,1.211
1749264092,1.28300000,435.75000000,1.211
1749264092,1.28400000,27.35000000,1.211
1749264092,1.28500000,21.49000000,1.211
1749264092,1.28600000,22.64000000,1.211
1749264092,1.28700000,4.86000000,1.211
1749264092,1.28800000,69.06000000,1.211
1749264092,1.28900000,114.77000000,1.211
1749264092,1.29000000,178.77000000,1.211
1749264092,1.29100000,52.56000000,1.211
1749264092,1.29200000,12620.31000000,1.211
1749264092,1.29300000,47.84000000,1.211
1749264092,1.29400000,72.46000000,1.211
1749264092,1.29500000,413.95000000,1.211
1749264092,1.29600000,200.03000000,1.211
1749264092,1.29700000,928.21000000,1.211
1749264092,1.29800000,221.74000000,1.211
1749264092,1.29900000,1741.42000000,1.211
1749264092,1.30000000,751.91000000,1.211
1749264092,1.30100000,60.23000000,1.211
1749264092,1.30200000,65.64000000,1.211
1749264092,1.30300000,38.19000000,1.211
1749264092,1.30400000,167.46000000,1.211
1749264092,1.30500000,162.25000000,1.211
1749264092,1.30600000,7.19000000,1.211
1749264092,1.30700000,864.28000000,1.211
1749264092,1.30800000,35.26000000,1.211
1749264092,1.30900000,877.01000000,1.211
1749264092,1.31000000,559.53000000,1.211
1749264092,1.31100000,36.94000000,1.211
1749264399,1.21200000,3248.03000000,1.211
1749264399,1.21300000,1444.24000000,1.211
1749264399,1.21400000,2068.72000000,1.211
1749264399,1.21500000,7631.73000000,1.211
1749264399,1.21600000,1046.42000000,1.211
1749264399,1.21700000,2881.76000000,1.211
1749264399,1.21800000,1371.58000000,1.211
1749264399,1.21900000,1130.42000000,1.211
1749264399,1.22000000,2208.15000000,1.211
1749264399,1.22100000,912.50000000,1.211
1749264399,1.22200000,896.27000000,1.211
1749264399,1.22300000,881.40000000,1.211
1749264399,1.22400000,16.46000000,1.211
1749264399,1.22500000,212.93000000,1.211
1749264399,1.22600000,2568.60000000,1.211
1749264399,1.22700000,50.75000000,1.211
1749264399,1.22800000,66.40000000,1.211
1749264399,1.22900000,309.33000000,1.211
1749264399,1.23000000,197.10000000,1.211
1749264399,1.23100000,4.29000000,1.211
1749264399,1.23200000,18.05000000,1.211
1749264399,1.23300000,71.87000000,1.211
1749264399,1.23400000,41.26000000,1.211
1749264399,1.23500000,176.03000000,1.211
1749264399,1.23600000,38.97000000,1.211
1749264399,1.23800000,907.47000000,1.211
1749264399,1.23900000,26.31000000,1.211
1749264399,1.24000000,1081.52000000,1.211
1749264399,1.24100000,11.39000000,1.211
1749264399,1.24200000,32.65000000,1.211
1749264399,1.24300000,73.42000000,1.211
1749264399,1.24400000,21.03000000,1.211
1749264399,1.24500000,90.79000000,1.211
1749264399,1.24600000,5.80000000,1.211
1749264399,1.24700000,56.22000000,1.211
1749264399,1.24800000,121.77000000,1.211
1749264399,1.24900000,2926.24000000,1.211
1749264399,1.25000000,130.87000000,1.211
1749264399,1.25100000,111.46000000,1.211
1749264399,1.25200000,295.24000000,1.211
1749264399,1.25300000,490.46000000,1.211
1749264399,1.25400000,3048.30000000,1.211
1749264399,1.25500000,544.70000000,1.211
1749264399,1.25600000,3336.51000000,1.211
1749264399,1.25700000,10.97000000,1.211
1749264399,1.25800000,3441.45000000,1.211
1749264399,1.25900000,126.86000000,1.211
1749264399,1.26000000,272.02000000,1.211
1749264399,1.26100000,3043.97000000,1.211
1749264399,1.26200000,25.76000000,1.211
1749264399,1.26300000,291.72000000,1.211
1749264399,1.26400000,3214.49000000,1.211
1749264399,1.26500000,144.66000000,1.211
1749264399,1.26600000,12.75000000,1.211
1749264399,1.26700000,14.30000000,1.211
1749264399,1.26800000,3954.73000000,1.211
1749264399,1.26900000,808.04000000,1.211
1749264399,1.27000000,77.92000000,1.211
1749264399,1.27100000,56.95000000,1.211
1749264399,1.27200000,63.21000000,1.211
1749264399,1.27300000,135.76000000,1.211
1749264399,1.27400000,64.07000000,1.211
1749264399,1.27500000,5.80000000,1.211
1749264399,1.27600000,68.33000000,1.211
1749264399,1.27700000,51.27000000,1.211
1749264399,1.27800000,5.43000000,1.211
1749264399,1.27900000,44.85000000,1.211
1749264399,1.28000000,205.87000000,1.211
1749264399,1.28100000,94.24000000,1.211
1749264399,1.28200000,4.86000000,1.211
1749264399,1.28300000,435.75000000,1.211
1749264399,1.28400000,27.35000000,1.211
1749264399,1.28500000,21.49000000,1.211
1749264399,1.28600000,22.64000000,1.211
1749264399,1.28700000,4.86000000,1.211
1749264399,1.28800000,69.06000000,1.211
1749264399,1.28900000,114.77000000,1.211
1749264399,1.29000000,178.77000000,1.211
1749264399,1.29100000,52.56000000,1.211
1749264399,1.29200000,12620.31000000,1.211
1749264399,1.29300000,47.84000000,1.211
1749264399,1.29400000,72.46000000,1.211
1749264399,1.29500000,413.95000000,1.211
1749264399,1.29600000,200.03000000,1.211
1749264399,1.29700000,928.21000000,1.211
1749264399,1.29800000,221.74000000,1.211
1749264399,1.29900000,1741.42000000,1.211
1749264399,1.30000000,751.91000000,1.211
1749264399,1.30100000,60.23000000,1.211
1749264399,1.30200000,65.64000000,1.211
1749264399,1.30300000,38.19000000,1.211
1749264399,1.30400000,167.46000000,1.211
1749264399,1.30500000,162.25000000,1.211
1749264399,1.30600000,7.19000000,1.211
1749264399,1.30700000,864.28000000,1.211
1749264399,1.30800000,35.26000000,1.211
1749264399,1.30900000,877.01000000,1.211
1749264399,1.31000000,559.53000000,1.211
1749264399,1.31100000,36.94000000,1.211
1749264399,1.31200000,177.18000000,1.211
1749264701,1.21100000,169.06000000,1.211
1749264701,1.21200000,3206.97000000,1.211
1749264701,1.21300000,1769.34000000,1.211
1749264701,1.21400000,1830.29000000,1.211
1749264701,1.21500000,4248.65000000,1.211
1749264701,1.21600000,2340.22000000,1.211
1749264701,1.21700000,1012.47000000,1.211
1749264701,1.21800000,3058.26000000,1.211
1749264701,1.21900000,3446.93000000,1.211
1749264701,1.22000000,2208.15000000,1.211
1749264701,1.22100000,912.50000000,1.211
1749264701,1.22200000,896.27000000,1.211
1749264701,1.22300000,881.40000000,1.211
1749264701,1.22400000,16.46000000,1.211
1749264701,1.22500000,212.93000000,1.211
1749264701,1.22600000,2568.60000000,1.211
1749264701,1.22700000,50.75000000,1.211
1749264701,1.22800000,66.40000000,1.211
1749264701,1.22900000,309.33000000,1.211
1749264701,1.23000000,197.10000000,1.211
1749264701,1.23100000,4.29000000,1.211
1749264701,1.23200000,18.05000000,1.211
1749264701,1.23300000,71.87000000,1.211
1749264701,1.23400000,123.45000000,1.211
1749264701,1.23500000,93.08000000,1.211
1749264701,1.23600000,38.97000000,1.211
1749264701,1.23800000,900.20000000,1.211
1749264701,1.23900000,26.31000000,1.211
1749264701,1.24000000,1081.52000000,1.211
1749264701,1.24100000,11.39000000,1.211
1749264701,1.24200000,32.65000000,1.211
1749264701,1.24300000,73.42000000,1.211
1749264701,1.24400000,21.03000000,1.211
1749264701,1.24500000,90.79000000,1.211
1749264701,1.24600000,5.80000000,1.211
1749264701,1.24700000,56.22000000,1.211
1749264701,1.24800000,121.77000000,1.211
1749264701,1.24900000,2926.24000000,1.211
1749264701,1.25000000,124.47000000,1.211
1749264701,1.25100000,111.46000000,1.211
1749264701,1.25200000,295.24000000,1.211
1749264701,1.25300000,490.46000000,1.211
1749264701,1.25400000,3048.30000000,1.211
1749264701,1.25500000,544.70000000,1.211
1749264701,1.25600000,3336.51000000,1.211
1749264701,1.25700000,10.97000000,1.211
1749264701,1.25800000,3441.45000000,1.211
1749264701,1.25900000,127.01000000,1.211
1749264701,1.26000000,272.02000000,1.211
1749264701,1.26100000,3043.97000000,1.211
1749264701,1.26200000,16.25000000,1.211
1749264701,1.26300000,291.72000000,1.211
1749264701,1.26400000,3214.49000000,1.211
1749264701,1.26500000,144.66000000,1.211
1749264701,1.26600000,12.75000000,1.211
1749264701,1.26700000,14.30000000,1.211
1749264701,1.26800000,3954.73000000,1.211
1749264701,1.26900000,808.04000000,1.211
1749264701,1.27000000,77.92000000,1.211
1749264701,1.27100000,56.95000000,1.211
1749264701,1.27200000,63.21000000,1.211
1749264701,1.27300000,135.76000000,1.211
1749264701,1.27400000,56.22000000,1.211
1749264701,1.27500000,5.80000000,1.211
1749264701,1.27600000,68.33000000,1.211
1749264701,1.27700000,51.27000000,1.211
1749264701,1.27800000,5.43000000,1.211
1749264701,1.27900000,44.85000000,1.211
1749264701,1.28000000,205.87000000,1.211
1749264701,1.28100000,94.24000000,1.211
1749264701,1.28200000,4.86000000,1.211
1749264701,1.28300000,435.75000000,1.211
1749264701,1.28400000,27.35000000,1.211
1749264701,1.28500000,21.49000000,1.211
1749264701,1.28600000,22.64000000,1.211
1749264701,1.28700000,4.86000000,1.211
1749264701,1.28800000,69.06000000,1.211
1749264701,1.28900000,114.77000000,1.211
1749264701,1.29000000,178.77000000,1.211
1749264701,1.29100000,52.56000000,1.211
1749264701,1.29200000,12620.31000000,1.211
1749264701,1.29300000,47.84000000,1.211
1749264701,1.29400000,72.46000000,1.211
1749264701,1.29500000,413.95000000,1.211
1749264701,1.29600000,200.03000000,1.211
1749264701,1.29700000,928.21000000,1.211
1749264701,1.29800000,221.74000000,1.211
1749264701,1.29900000,1741.42000000,1.211
1749264701,1.30000000,751.91000000,1.211
1749264701,1.30100000,60.23000000,1.211
1749264701,1.30200000,65.64000000,1.211
1749264701,1.30300000,38.19000000,1.211
1749264701,1.30400000,167.46000000,1.211
1749264701,1.30500000,162.25000000,1.211
1749264701,1.30600000,7.19000000,1.211
1749264701,1.30700000,864.28000000,1.211
1749264701,1.30800000,35.26000000,1.211
1749264701,1.30900000,877.01000000,1.211
1749264701,1.31000000,559.53000000,1.211
1749264701,1.31100000,36.94000000,1.211
1749265002,1.21200000,194.58000000,1.212
1749265002,1.21300000,3210.05000000,1.212
1749265002,1.21400000,1301.73000000,1.212
1749265002,1.21500000,1829.55000000,1.212
1749265002,1.21600000,1451.20000000,1.212
1749265002,1.21700000,5162.96000000,1.212
1749265002,1.21800000,1299.62000000,1.212
1749265002,1.21900000,2733.45000000,1.212
1749265002,1.22000000,3966.72000000,1.212
1749265002,1.22100000,1623.51000000,1.212
1749265002,1.22200000,896.27000000,1.212
1749265002,1.22300000,881.40000000,1.212
1749265002,1.22400000,16.46000000,1.212
1749265002,1.22500000,212.93000000,1.212
1749265002,1.22600000,2568.60000000,1.212
1749265002,1.22700000,50.75000000,1.212
1749265002,1.22800000,66.40000000,1.212
1749265002,1.22900000,309.33000000,1.212
1749265002,1.23000000,197.10000000,1.212
1749265002,1.23100000,4.29000000,1.212
1749265002,1.23200000,18.05000000,1.212
1749265002,1.23300000,71.87000000,1.212
1749265002,1.23400000,41.26000000,1.212
1749265002,1.23500000,176.25000000,1.212
1749265002,1.23600000,38.97000000,1.212
1749265002,1.23800000,900.20000000,1.212
1749265002,1.23900000,26.31000000,1.212
1749265002,1.24000000,1081.52000000,1.212
1749265002,1.24100000,11.39000000,1.212
1749265002,1.24200000,32.65000000,1.212
1749265002,1.24300000,73.42000000,1.212
1749265002,1.24400000,21.03000000,1.212
1749265002,1.24500000,90.79000000,1.212
1749265002,1.24600000,5.80000000,1.212
1749265002,1.24700000,56.22000000,1.212
1749265002,1.24800000,121.77000000,1.212
1749265002,1.24900000,2926.24000000,1.212
1749265002,1.25000000,124.47000000,1.212
1749265002,1.25100000,111.46000000,1.212
1749265002,1.25200000,295.24000000,1.212
1749265002,1.25300000,490.46000000,1.212
1749265002,1.25400000,3048.30000000,1.212
1749265002,1.25500000,544.70000000,1.212
1749265002,1.25600000,3336.51000000,1.212
1749265002,1.25700000,10.97000000,1.212
1749265002,1.25800000,3441.45000000,1.212
1749265002,1.25900000,45.14000000,1.212
1749265002,1.26000000,355.05000000,1.212
1749265002,1.26100000,3043.97000000,1.212
1749265002,1.26200000,16.25000000,1.212
1749265002,1.26300000,291.72000000,1.212
1749265002,1.26400000,3214.49000000,1.212
1749265002,1.26500000,144.66000000,1.212
1749265002,1.26600000,12.75000000,1.212
1749265002,1.26700000,14.30000000,1.212
1749265002,1.26800000,3954.73000000,1.212
1749265002,1.26900000,808.04000000,1.212
1749265002,1.27000000,77.92000000,1.212
1749265002,1.27100000,56.95000000,1.212
1749265002,1.27200000,63.21000000,1.212
1749265002,1.27300000,135.76000000,1.212
1749265002,1.27400000,56.22000000,1.212
1749265002,1.27500000,5.80000000,1.212
1749265002,1.27600000,68.33000000,1.212
1749265002,1.27700000,51.27000000,1.212
1749265002,1.27800000,5.43000000,1.212
1749265002,1.27900000,44.85000000,1.212
1749265002,1.28000000,205.87000000,1.212
1749265002,1.28100000,94.24000000,1.212
1749265002,1.28200000,4.86000000,1.212
1749265002,1.28300000,83.04000000,1.212
1749265002,1.28400000,27.35000000,1.212
1749265002,1.28500000,21.49000000,1.212
1749265002,1.28600000,22.64000000,1.212
1749265002,1.28700000,4.86000000,1.212
1749265002,1.28800000,69.06000000,1.212
1749265002,1.28900000,114.77000000,1.212
1749265002,1.29000000,178.77000000,1.212
1749265002,1.29100000,52.56000000,1.212
1749265002,1.29200000,12620.31000000,1.212
1749265002,1.29300000,47.84000000,1.212
1749265002,1.29400000,72.46000000,1.212
1749265002,1.29500000,413.95000000,1.212
1749265002,1.29600000,200.03000000,1.212
1749265002,1.29700000,928.21000000,1.212
1749265002,1.29800000,221.74000000,1.212
1749265002,1.29900000,1741.42000000,1.212
1749265002,1.30000000,240.98000000,1.212
1749265002,1.30100000,60.23000000,1.212
1749265002,1.30200000,65.64000000,1.212
1749265002,1.30300000,38.19000000,1.212
1749265002,1.30400000,167.46000000,1.212
1749265002,1.30500000,162.25000000,1.212
1749265002,1.30600000,7.19000000,1.212
1749265002,1.30700000,864.28000000,1.212
1749265002,1.30800000,35.26000000,1.212
1749265002,1.30900000,20.18000000,1.212
1749265002,1.31000000,96.03000000,1.212
1749265002,1.31100000,36.94000000,1.212
1749265002,1.31200000,177.18000000,1.212
1749265304,1.21200000,614.96000000,1.212
1749265304,1.21300000,3174.15000000,1.212
1749265304,1.21400000,1999.62000000,1.212
1749265304,1.21500000,4303.57000000,1.212
1749265304,1.21600000,1046.42000000,1.212
1749265304,1.21700000,3994.77000000,1.212
1749265304,1.21800000,1371.22000000,1.212
1749265304,1.21900000,3364.41000000,1.212
1749265304,1.22000000,2208.15000000,1.212
1749265304,1.22100000,995.09000000,1.212
1749265304,1.22200000,896.27000000,1.212
1749265304,1.22300000,881.40000000,1.212
1749265304,1.22400000,16.46000000,1.212
1749265304,1.22500000,212.93000000,1.212
1749265304,1.22600000,2568.60000000,1.212
1749265304,1.22700000,50.75000000,1.212
1749265304,1.22800000,66.40000000,1.212
1749265304,1.22900000,309.33000000,1.212
1749265304,1.23000000,197.10000000,1.212
1749265304,1.23100000,4.29000000,1.212
1749265304,1.23200000,18.05000000,1.212
1749265304,1.23300000,71.87000000,1.212
1749265304,1.23400000,41.26000000,1.212
1749265304,1.23500000,176.25000000,1.212
1749265304,1.23600000,38.97000000,1.212
1749265304,1.23800000,102.21000000,1.212
1749265304,1.23900000,26.31000000,1.212
1749265304,1.24000000,1081.52000000,1.212
1749265304,1.24100000,11.39000000,1.212
1749265304,1.24200000,32.65000000,1.212
1749265304,1.24300000,73.42000000,1.212
1749265304,1.24400000,21.03000000,1.212
1749265304,1.24500000,90.79000000,1.212
1749265304,1.24600000,5.80000000,1.212
1749265304,1.24700000,56.22000000,1.212
1749265304,1.24800000,121.77000000,1.212
1749265304,1.24900000,2926.24000000,1.212
1749265304,1.25000000,124.47000000,1.212
1749265304,1.25100000,111.46000000,1.212
1749265304,1.25200000,295.24000000,1.212
1749265304,1.25300000,445.34000000,1.212
1749265304,1.25400000,3048.30000000,1.212
1749265304,1.25500000,544.70000000,1.212
1749265304,1.25600000,3336.51000000,1.212
1749265304,1.25700000,10.97000000,1.212
1749265304,1.25800000,3441.45000000,1.212
1749265304,1.25900000,45.14000000,1.212
1749265304,1.26000000,354.66000000,1.212
1749265304,1.26100000,3043.97000000,1.212
1749265304,1.26200000,16.25000000,1.212
1749265304,1.26300000,291.72000000,1.212
1749265304,1.26400000,3214.49000000,1.212
1749265304,1.26500000,144.66000000,1.212
1749265304,1.26600000,12.75000000,1.212
1749265304,1.26700000,14.30000000,1.212
1749265304,1.26800000,3954.73000000,1.212
1749265304,1.26900000,808.04000000,1.212
1749265304,1.27000000,77.92000000,1.212
1749265304,1.27100000,56.95000000,1.212
1749265304,1.27200000,63.21000000,1.212
1749265304,1.27300000,135.76000000,1.212
1749265304,1.27400000,56.22000000,1.212
1749265304,1.27500000,5.80000000,1.212
1749265304,1.27600000,68.33000000,1.212
1749265304,1.27700000,51.27000000,1.212
1749265304,1.27800000,5.43000000,1.212
1749265304,1.27900000,44.85000000,1.212
1749265304,1.28000000,205.87000000,1.212
1749265304,1.28100000,94.24000000,1.212
1749265304,1.28200000,4.86000000,1.212
1749265304,1.28300000,83.04000000,1.212
1749265304,1.28400000,27.35000000,1.212
1749265304,1.28500000,21.49000000,1.212
1749265304,1.28600000,22.64000000,1.212
1749265304,1.28700000,4.86000000,1.212
1749265304,1.28800000,69.06000000,1.212
1749265304,1.28900000,114.77000000,1.212
1749265304,1.29000000,178.77000000,1.212
1749265304,1.29100000,52.56000000,1.212
1749265304,1.29200000,12620.31000000,1.212
1749265304,1.29300000,47.84000000,1.212
1749265304,1.29400000,72.46000000,1.212
1749265304,1.29500000,413.95000000,1.212
1749265304,1.29600000,200.03000000,1.212
1749265304,1.29700000,928.21000000,1.212
1749265304,1.29800000,221.74000000,1.212
1749265304,1.29900000,1741.42000000,1.212
1749265304,1.30000000,240.98000000,1.212
1749265304,1.30100000,60.23000000,1.212
1749265304,1.30200000,65.64000000,1.212
1749265304,1.30300000,38.19000000,1.212
1749265304,1.30400000,167.46000000,1.212
1749265304,1.30500000,162.25000000,1.212
1749265304,1.30600000,7.19000000,1.212
1749265304,1.30700000,864.28000000,1.212
1749265304,1.30800000,35.26000000,1.212
1749265304,1.30900000,20.18000000,1.212
1749265304,1.31000000,96.03000000,1.212
1749265304,1.31100000,36.94000000,1.212
1749265304,1.31200000,177.18000000,1.212
1749265605,1.21400000,696.81000000,1.213
1749265605,1.21500000,2958.83000000,1.213
1749265605,1.21600000,2892.35000000,1.213
1749265605,1.21700000,4273.82000000,1.213
1749265605,1.21800000,1299.62000000,1.213
1749265605,1.21900000,2271.64000000,1.213
1749265605,1.22000000,5650.11000000,1.213
1749265605,1.22100000,995.09000000,1.213
1749265605,1.22200000,1525.21000000,1.213
1749265605,1.22300000,881.40000000,1.213
1749265605,1.22400000,16.46000000,1.213
1749265605,1.22500000,212.93000000,1.213
1749265605,1.22600000,2568.60000000,1.213
1749265605,1.22700000,50.75000000,1.213
1749265605,1.22800000,66.40000000,1.213
1749265605,1.22900000,309.33000000,1.213
1749265605,1.23000000,197.10000000,1.213
1749265605,1.23100000,4.29000000,1.213
1749265605,1.23200000,18.05000000,1.213
1749265605,1.23300000,71.87000000,1.213
1749265605,1.23400000,41.26000000,1.213
1749265605,1.23500000,93.08000000,1.213
1749265605,1.23600000,38.97000000,1.213
1749265605,1.23700000,82.86000000,1.213
1749265605,1.23800000,102.21000000,1.213
1749265605,1.23900000,26.31000000,1.213
1749265605,1.24000000,1081.52000000,1.213
1749265605,1.24100000,11.39000000,1.213
1749265605,1.24200000,32.65000000,1.213
1749265605,1.24300000,73.42000000,1.213
1749265605,1.24400000,21.03000000,1.213
1749265605,1.24500000,90.79000000,1.213
1749265605,1.24600000,5.80000000,1.213
1749265605,1.24700000,56.22000000,1.213
1749265605,1.24800000,121.77000000,1.213
1749265605,1.24900000,2926.24000000,1.213
1749265605,1.25000000,124.47000000,1.213
1749265605,1.25100000,111.46000000,1.213
1749265605,1.25200000,295.24000000,1.213
1749265605,1.25300000,490.46000000,1.213
1749265605,1.25400000,3048.30000000,1.213
1749265605,1.25500000,544.70000000,1.213
1749265605,1.25600000,3336.51000000,1.213
1749265605,1.25700000,10.97000000,1.213
1749265605,1.25800000,3441.45000000,1.213
1749265605,1.25900000,45.14000000,1.213
1749265605,1.26000000,272.02000000,1.213
1749265605,1.26100000,3043.97000000,1.213
1749265605,1.26200000,98.96000000,1.213
1749265605,1.26300000,291.72000000,1.213
1749265605,1.26400000,3214.49000000,1.213
1749265605,1.26500000,144.66000000,1.213
1749265605,1.26600000,12.75000000,1.213
1749265605,1.26700000,14.30000000,1.213
1749265605,1.26800000,3954.73000000,1.213
1749265605,1.26900000,808.04000000,1.213
1749265605,1.27000000,77.92000000,1.213
1749265605,1.27100000,56.95000000,1.213
1749265605,1.27200000,63.21000000,1.213
1749265605,1.27300000,135.76000000,1.213
1749265605,1.27400000,56.22000000,1.213
1749265605,1.27500000,5.80000000,1.213
1749265605,1.27600000,68.33000000,1.213
1749265605,1.27700000,51.27000000,1.213
1749265605,1.27800000,5.43000000,1.213
1749265605,1.27900000,44.85000000,1.213
1749265605,1.28000000,205.87000000,1.213
1749265605,1.28100000,94.24000000,1.213
1749265605,1.28200000,4.86000000,1.213
1749265605,1.28300000,83.04000000,1.213
1749265605,1.28400000,27.35000000,1.213
1749265605,1.28500000,21.49000000,1.213
1749265605,1.28600000,22.64000000,1.213
1749265605,1.28700000,4.86000000,1.213
1749265605,1.28800000,69.06000000,1.213
1749265605,1.28900000,114.77000000,1.213
1749265605,1.29000000,178.77000000,1.213
1749265605,1.29100000,52.56000000,1.213
1749265605,1.29200000,12620.31000000,1.213
1749265605,1.29300000,47.84000000,1.213
1749265605,1.29400000,72.46000000,1.213
1749265605,1.29500000,413.95000000,1.213
1749265605,1.29600000,200.03000000,1.213
1749265605,1.29700000,928.21000000,1.213
1749265605,1.29800000,221.74000000,1.213
1749265605,1.29900000,1741.42000000,1.213
1749265605,1.30000000,240.98000000,1.213
1749265605,1.30100000,60.23000000,1.213
1749265605,1.30200000,65.64000000,1.213
1749265605,1.30300000,38.19000000,1.213
1749265605,1.30400000,167.46000000,1.213
1749265605,1.30500000,162.25000000,1.213
1749265605,1.30600000,7.19000000,1.213
1749265605,1.30700000,864.28000000,1.213
1749265605,1.30800000,35.26000000,1.213
1749265605,1.30900000,20.18000000,1.213
1749265605,1.31000000,96.03000000,1.213
1749265605,1.31100000,36.94000000,1.213
1749265605,1.31200000,177.18000000,1.213
1749265605,1.31300000,18.90000000,1.213
1749265907,1.21400000,670.51000000,1.212
1749265907,1.21500000,455.28000000,1.212
1749265907,1.21600000,2265.13000000,1.212
1749265907,1.21700000,4328.12000000,1.212
1749265907,1.21800000,1299.62000000,1.212
1749265907,1.21900000,1048.16000000,1.212
1749265907,1.22000000,3964.56000000,1.212
1749265907,1.22100000,2678.15000000,1.212
1749265907,1.22200000,896.27000000,1.212
1749265907,1.22300000,1509.57000000,1.212
1749265907,1.22400000,16.46000000,1.212
1749265907,1.22500000,212.93000000,1.212
1749265907,1.22600000,2568.60000000,1.212
1749265907,1.22700000,50.75000000,1.212
1749265907,1.22800000,66.40000000,1.212
1749265907,1.22900000,309.33000000,1.212
1749265907,1.23000000,197.10000000,1.212
1749265907,1.23100000,4.29000000,1.212
1749265907,1.23200000,18.05000000,1.212
1749265907,1.23300000,71.87000000,1.212
1749265907,1.23400000,41.26000000,1.212
1749265907,1.23500000,93.08000000,1.212
1749265907,1.23600000,38.97000000,1.212
1749265907,1.23800000,102.21000000,1.212
1749265907,1.23900000,26.31000000,1.212
1749265907,1.24000000,1081.52000000,1.212
1749265907,1.24100000,11.39000000,1.212
1749265907,1.24200000,32.65000000,1.212
1749265907,1.24300000,73.42000000,1.212
1749265907,1.24400000,21.03000000,1.212
1749265907,1.24500000,90.79000000,1.212
1749265907,1.24600000,5.80000000,1.212
1749265907,1.24700000,56.22000000,1.212
1749265907,1.24800000,121.77000000,1.212
1749265907,1.24900000,2926.24000000,1.212
1749265907,1.25000000,124.47000000,1.212
1749265907,1.25100000,111.46000000,1.212
1749265907,1.25200000,295.24000000,1.212
1749265907,1.25300000,490.46000000,1.212
1749265907,1.25400000,3048.30000000,1.212
1749265907,1.25500000,544.70000000,1.212
1749265907,1.25600000,3336.51000000,1.212
1749265907,1.25700000,10.97000000,1.212
1749265907,1.25800000,3441.45000000,1.212
1749265907,1.25900000,45.14000000,1.212
1749265907,1.26000000,272.02000000,1.212
1749265907,1.26100000,3043.97000000,1.212
1749265907,1.26200000,16.25000000,1.212
1749265907,1.26300000,291.72000000,1.212
1749265907,1.26400000,3214.49000000,1.212
1749265907,1.26500000,144.66000000,1.212
1749265907,1.26600000,12.75000000,1.212
1749265907,1.26700000,14.30000000,1.212
1749265907,1.26800000,3954.73000000,1.212
1749265907,1.26900000,808.04000000,1.212
1749265907,1.27000000,77.92000000,1.212
1749265907,1.27100000,56.95000000,1.212
1749265907,1.27200000,63.21000000,1.212
1749265907,1.27300000,135.76000000,1.212
1749265907,1.27400000,56.22000000,1.212
1749265907,1.27500000,5.80000000,1.212
1749265907,1.27600000,68.33000000,1.212
1749265907,1.27700000,51.27000000,1.212
1749265907,1.27800000,5.43000000,1.212
1749265907,1.27900000,44.85000000,1.212
1749265907,1.28000000,205.87000000,1.212
1749265907,1.28100000,94.24000000,1.212
1749265907,1.28200000,4.86000000,1.212
1749265907,1.28300000,83.04000000,1.212
1749265907,1.28400000,27.35000000,1.212
1749265907,1.28500000,21.49000000,1.212
1749265907,1.28600000,22.64000000,1.212
1749265907,1.28700000,4.86000000,1.212
1749265907,1.28800000,69.06000000,1.212
1749265907,1.28900000,114.77000000,1.212
1749265907,1.29000000,178.77000000,1.212
1749265907,1.29100000,52.56000000,1.212
1749265907,1.29200000,12620.31000000,1.212
1749265907,1.29300000,47.84000000,1.212
1749265907,1.29400000,72.46000000,1.212
1749265907,1.29500000,413.95000000,1.212
1749265907,1.29600000,200.03000000,1.212
1749265907,1.29700000,928.21000000,1.212
1749265907,1.29800000,221.74000000,1.212
1749265907,1.29900000,1741.42000000,1.212
1749265907,1.30000000,240.98000000,1.212
1749265907,1.30100000,60.23000000,1.212
1749265907,1.30200000,65.64000000,1.212
1749265907,1.30300000,38.19000000,1.212
1749265907,1.30400000,167.46000000,1.212
1749265907,1.30500000,162.25000000,1.212
1749265907,1.30600000,7.19000000,1.212
1749265907,1.30700000,864.28000000,1.212
1749265907,1.30800000,35.26000000,1.212
1749265907,1.30900000,20.18000000,1.212
1749265907,1.31000000,96.03000000,1.212
1749265907,1.31100000,36.94000000,1.212
1749265907,1.31200000,177.18000000,1.212
1749265907,1.31300000,18.90000000,1.212
1749265907,1.31400000,44.85000000,1.212
1749266209,1.21500000,609.22000000,1.214
1749266209,1.21600000,3477.62000000,1.214
1749266209,1.21700000,4754.65000000,1.214
1749266209,1.21800000,1025.31000000,1.214
1749266209,1.21900000,1403.27000000,1.214
1749266209,1.22000000,3445.98000000,1.214
1749266209,1.22100000,2679.26000000,1.214
1749266209,1.22200000,2924.63000000,1.214
1749266209,1.22300000,1509.57000000,1.214
1749266209,1.22400000,16.46000000,1.214
1749266209,1.22500000,212.93000000,1.214
1749266209,1.22600000,2568.60000000,1.214
1749266209,1.22700000,50.75000000,1.214
1749266209,1.22800000,66.40000000,1.214
1749266209,1.22900000,309.33000000,1.214
1749266209,1.23000000,16.14000000,1.214
1749266209,1.23100000,4.29000000,1.214
1749266209,1.23200000,18.05000000,1.214
1749266209,1.23300000,71.87000000,1.214
1749266209,1.23400000,221.89000000,1.214
1749266209,1.23500000,93.08000000,1.214
1749266209,1.23600000,38.97000000,1.214
1749266209,1.23800000,184.53000000,1.214
1749266209,1.23900000,26.31000000,1.214
1749266209,1.24000000,1081.52000000,1.214
1749266209,1.24100000,11.39000000,1.214
1749266209,1.24200000,32.65000000,1.214
1749266209,1.24300000,73.42000000,1.214
1749266209,1.24400000,21.03000000,1.214
1749266209,1.24500000,90.79000000,1.214
1749266209,1.24600000,5.80000000,1.214
1749266209,1.24700000,56.22000000,1.214
1749266209,1.24800000,121.77000000,1.214
1749266209,1.24900000,2926.24000000,1.214
1749266209,1.25000000,124.47000000,1.214
1749266209,1.25100000,111.46000000,1.214
1749266209,1.25200000,295.24000000,1.214
1749266209,1.25300000,490.46000000,1.214
1749266209,1.25400000,3048.30000000,1.214
1749266209,1.25500000,544.70000000,1.214
1749266209,1.25600000,3336.51000000,1.214
1749266209,1.25700000,10.97000000,1.214
1749266209,1.25800000,3441.45000000,1.214
1749266209,1.25900000,45.14000000,1.214
1749266209,1.26000000,272.02000000,1.214
1749266209,1.26100000,3043.97000000,1.214
1749266209,1.26200000,16.25000000,1.214
1749266209,1.26300000,373.30000000,1.214
1749266209,1.26400000,3214.49000000,1.214
1749266209,1.26500000,144.66000000,1.214
1749266209,1.26600000,12.75000000,1.214
1749266209,1.26700000,14.30000000,1.214
1749266209,1.26800000,3954.73000000,1.214
1749266209,1.26900000,808.04000000,1.214
1749266209,1.27000000,77.92000000,1.214
1749266209,1.27100000,56.95000000,1.214
1749266209,1.27200000,63.21000000,1.214
1749266209,1.27300000,135.76000000,1.214
1749266209,1.27400000,56.22000000,1.214
1749266209,1.27500000,5.80000000,1.214
1749266209,1.27600000,68.33000000,1.214
1749266209,1.27700000,51.27000000,1.214
1749266209,1.27800000,5.43000000,1.214
1749266209,1.27900000,44.85000000,1.214
1749266209,1.28000000,205.87000000,1.214
1749266209,1.28100000,94.24000000,1.214
1749266209,1.28200000,4.86000000,1.214
1749266209,1.28300000,83.04000000,1.214
1749266209,1.28400000,27.35000000,1.214
1749266209,1.28500000,21.49000000,1.214
1749266209,1.28600000,22.64000000,1.214
1749266209,1.28700000,4.86000000,1.214
1749266209,1.28800000,69.06000000,1.214
1749266209,1.28900000,114.77000000,1.214
1749266209,1.29000000,178.77000000,1.214
1749266209,1.29100000,52.56000000,1.214
1749266209,1.29200000,12620.31000000,1.214
1749266209,1.29300000,47.84000000,1.214
1749266209,1.29400000,72.46000000,1.214
1749266209,1.29500000,413.95000000,1.214
1749266209,1.29600000,200.03000000,1.214
1749266209,1.29700000,928.21000000,1.214
1749266209,1.29800000,221.74000000,1.214
1749266209,1.29900000,1741.42000000,1.214
1749266209,1.30000000,240.98000000,1.214
1749266209,1.30100000,60.23000000,1.214
1749266209,1.30200000,65.64000000,1.214
1749266209,1.30300000,38.19000000,1.214
1749266209,1.30400000,167.46000000,1.214
1749266209,1.30500000,162.25000000,1.214
1749266209,1.30600000,7.19000000,1.214
1749266209,1.30700000,864.28000000,1.214
1749266209,1.30800000,35.26000000,1.214
1749266209,1.30900000,20.18000000,1.214
1749266209,1.31000000,96.03000000,1.214
1749266209,1.31100000,36.94000000,1.214
1749266209,1.31200000,177.18000000,1.214
1749266209,1.31300000,18.90000000,1.214
1749266209,1.31400000,44.85000000,1.214
1749266209,1.31500000,29.97000000,1.214
1749266510,1.21300000,169.20000000,1.212
1749266510,1.21400000,432.96000000,1.212
1749266510,1.21500000,1120.26000000,1.212
1749266510,1.21600000,1062.37000000,1.212
1749266510,1.21700000,4273.24000000,1.212
1749266510,1.21800000,1025.31000000,1.212
1749266510,1.21900000,3364.07000000,1.212
1749266510,1.22000000,3964.49000000,1.212
1749266510,1.22100000,995.09000000,1.212
1749266510,1.22200000,1170.58000000,1.212
1749266510,1.22300000,881.40000000,1.212
1749266510,1.22400000,16.46000000,1.212
1749266510,1.22500000,212.93000000,1.212
1749266510,1.22600000,2568.60000000,1.212
1749266510,1.22700000,50.75000000,1.212
1749266510,1.22800000,66.40000000,1.212
1749266510,1.22900000,309.33000000,1.212
1749266510,1.23000000,16.14000000,1.212
1749266510,1.23100000,4.29000000,1.212
1749266510,1.23200000,18.05000000,1.212
1749266510,1.23300000,71.87000000,1.212
1749266510,1.23400000,221.89000000,1.212
1749266510,1.23500000,93.08000000,1.212
1749266510,1.23600000,38.97000000,1.212
1749266510,1.23800000,102.21000000,1.212
1749266510,1.23900000,26.31000000,1.212
1749266510,1.24000000,1081.52000000,1.212
1749266510,1.24100000,11.39000000,1.212
1749266510,1.24200000,32.65000000,1.212
1749266510,1.24300000,73.42000000,1.212
1749266510,1.24400000,21.03000000,1.212
1749266510,1.24500000,90.79000000,1.212
1749266510,1.24600000,5.80000000,1.212
1749266510,1.24700000,56.22000000,1.212
1749266510,1.24800000,121.77000000,1.212
1749266510,1.24900000,2926.24000000,1.212
1749266510,1.25000000,124.47000000,1.212
1749266510,1.25100000,111.46000000,1.212
1749266510,1.25200000,295.24000000,1.212
1749266510,1.25300000,490.46000000,1.212
1749266510,1.25400000,3048.30000000,1.212
1749266510,1.25500000,544.70000000,1.212
1749266510,1.25600000,3336.51000000,1.212
1749266510,1.25700000,10.97000000,1.212
1749266510,1.25800000,3441.45000000,1.212
1749266510,1.25900000,45.14000000,1.212
1749266510,1.26000000,272.02000000,1.212
1749266510,1.26100000,3043.97000000,1.212
1749266510,1.26200000,16.25000000,1.212
1749266510,1.26300000,291.72000000,1.212
1749266510,1.26400000,3214.49000000,1.212
1749266510,1.26500000,144.66000000,1.212
1749266510,1.26600000,12.75000000,1.212
1749266510,1.26700000,14.30000000,1.212
1749266510,1.26800000,3954.73000000,1.212
1749266510,1.26900000,808.04000000,1.212
1749266510,1.27000000,77.92000000,1.212
1749266510,1.27100000,56.95000000,1.212
1749266510,1.27200000,63.21000000,1.212
1749266510,1.27300000,135.76000000,1.212
1749266510,1.27400000,56.22000000,1.212
1749266510,1.27500000,5.80000000,1.212
1749266510,1.27600000,68.33000000,1.212
1749266510,1.27700000,51.27000000,1.212
1749266510,1.27800000,5.43000000,1.212
1749266510,1.27900000,44.85000000,1.212
1749266510,1.28000000,205.87000000,1.212
1749266510,1.28100000,94.24000000,1.212
1749266510,1.28200000,4.86000000,1.212
1749266510,1.28300000,83.04000000,1.212
1749266510,1.28400000,27.35000000,1.212
1749266510,1.28500000,21.49000000,1.212
1749266510,1.28600000,22.64000000,1.212
1749266510,1.28700000,4.86000000,1.212
1749266510,1.28800000,69.06000000,1.212
1749266510,1.28900000,114.77000000,1.212
1749266510,1.29000000,178.77000000,1.212
1749266510,1.29100000,52.56000000,1.212
1749266510,1.29200000,12620.31000000,1.212
1749266510,1.29300000,47.84000000,1.212
1749266510,1.29400000,72.46000000,1.212
1749266510,1.29500000,413.95000000,1.212
1749266510,1.29600000,200.03000000,1.212
1749266510,1.29700000,928.21000000,1.212
1749266510,1.29800000,221.74000000,1.212
1749266510,1.29900000,1741.42000000,1.212
1749266510,1.30000000,240.98000000,1.212
1749266510,1.30100000,60.23000000,1.212
1749266510,1.30200000,65.64000000,1.212
1749266510,1.30300000,38.19000000,1.212
1749266510,1.30400000,167.46000000,1.212
1749266510,1.30500000,162.25000000,1.212
1749266510,1.30600000,7.19000000,1.212
1749266510,1.30700000,864.28000000,1.212
1749266510,1.30800000,35.26000000,1.212
1749266510,1.30900000,20.18000000,1.212
1749266510,1.31000000,96.03000000,1.212
1749266510,1.31100000,36.94000000,1.212
1749266510,1.31200000,177.18000000,1.212
1749266510,1.31300000,18.90000000,1.212
1749266812,1.21500000,657.99000000,1.215
1749266812,1.21600000,3220.94000000,1.215
1749266812,1.21700000,2075.99000000,1.215
1749266812,1.21800000,1025.31000000,1.215
1749266812,1.21900000,4366.99000000,1.215
1749266812,1.22000000,3445.39000000,1.215
1749266812,1.22100000,2679.59000000,1.215
1749266812,1.22200000,3554.23000000,1.215
1749266812,1.22300000,881.40000000,1.215
1749266812,1.22400000,200.34000000,1.215
1749266812,1.22500000,212.93000000,1.215
1749266812,1.22600000,2568.60000000,1.215
1749266812,1.22700000,50.75000000,1.215
1749266812,1.22800000,66.40000000,1.215
1749266812,1.22900000,309.33000000,1.215
1749266812,1.23000000,16.14000000,1.215
1749266812,1.23100000,4.29000000,1.215
1749266812,1.23200000,18.05000000,1.215
1749266812,1.23300000,71.87000000,1.215
1749266812,1.23400000,221.89000000,1.215
1749266812,1.23500000,93.08000000,1.215
1749266812,1.23600000,38.97000000,1.215
1749266812,1.23800000,183.70000000,1.215
1749266812,1.23900000,26.31000000,1.215
1749266812,1.24000000,1081.52000000,1.215
1749266812,1.24100000,11.39000000,1.215
1749266812,1.24200000,32.65000000,1.215
1749266812,1.24300000,73.42000000,1.215
1749266812,1.24400000,21.03000000,1.215
1749266812,1.24500000,90.79000000,1.215
1749266812,1.24600000,5.80000000,1.215
1749266812,1.24700000,56.22000000,1.215
1749266812,1.24800000,121.77000000,1.215
1749266812,1.24900000,2926.24000000,1.215
1749266812,1.25000000,124.47000000,1.215
1749266812,1.25100000,111.46000000,1.215
1749266812,1.25200000,295.24000000,1.215
1749266812,1.25300000,490.46000000,1.215
1749266812,1.25400000,3048.30000000,1.215
1749266812,1.25500000,544.70000000,1.215
1749266812,1.25600000,3336.51000000,1.215
1749266812,1.25700000,10.97000000,1.215
1749266812,1.25800000,3441.45000000,1.215
1749266812,1.25900000,45.14000000,1.215
1749266812,1.26000000,272.02000000,1.215
1749266812,1.26100000,3043.97000000,1.215
1749266812,1.26200000,16.25000000,1.215
1749266812,1.26300000,373.43000000,1.215
1749266812,1.26400000,3214.49000000,1.215
1749266812,1.26500000,144.66000000,1.215
1749266812,1.26600000,12.75000000,1.215
1749266812,1.26700000,14.30000000,1.215
1749266812,1.26800000,3954.73000000,1.215
1749266812,1.26900000,808.04000000,1.215
1749266812,1.27000000,77.92000000,1.215
1749266812,1.27100000,56.95000000,1.215
1749266812,1.27200000,63.21000000,1.215
1749266812,1.27300000,135.76000000,1.215
1749266812,1.27400000,56.22000000,1.215
1749266812,1.27500000,5.80000000,1.215
1749266812,1.27600000,68.33000000,1.215
1749266812,1.27700000,51.27000000,1.215
1749266812,1.27800000,5.43000000,1.215
1749266812,1.27900000,44.85000000,1.215
1749266812,1.28000000,205.87000000,1.215
1749266812,1.28100000,94.24000000,1.215
1749266812,1.28200000,4.86000000,1.215
1749266812,1.28300000,83.04000000,1.215
1749266812,1.28400000,27.35000000,1.215
1749266812,1.28500000,21.49000000,1.215
1749266812,1.28600000,22.64000000,1.215
1749266812,1.28700000,4.86000000,1.215
1749266812,1.28800000,69.06000000,1.215
1749266812,1.28900000,114.77000000,1.215
1749266812,1.29000000,178.77000000,1.215
1749266812,1.29100000,52.56000000,1.215
1749266812,1.29200000,12620.31000000,1.215
1749266812,1.29300000,47.84000000,1.215
1749266812,1.29400000,72.46000000,1.215
1749266812,1.29500000,413.95000000,1.215
1749266812,1.29600000,200.03000000,1.215
1749266812,1.29700000,928.21000000,1.215
1749266812,1.29800000,221.74000000,1.215
1749266812,1.29900000,1741.42000000,1.215
1749266812,1.30000000,240.98000000,1.215
1749266812,1.30100000,60.23000000,1.215
1749266812,1.30200000,65.64000000,1.215
1749266812,1.30300000,38.19000000,1.215
1749266812,1.30400000,167.46000000,1.215
1749266812,1.30500000,162.25000000,1.215
1749266812,1.30600000,7.19000000,1.215
1749266812,1.30700000,864.28000000,1.215
1749266812,1.30800000,35.26000000,1.215
1749266812,1.30900000,20.18000000,1.215
1749266812,1.31000000,96.03000000,1.215
1749266812,1.31100000,36.94000000,1.215
1749266812,1.31200000,177.18000000,1.215
1749266812,1.31300000,18.90000000,1.215
1749266812,1.31400000,44.85000000,1.215
1749266812,1.31500000,29.97000000,1.215
1749267113,1.21400000,674.64000000,1.213
1749267113,1.21500000,3438.12000000,1.213
1749267113,1.21600000,1062.49000000,1.213
1749267113,1.21700000,1364.38000000,1.213
1749267113,1.21800000,1168.45000000,1.213
1749267113,1.21900000,6876.83000000,1.213
1749267113,1.22000000,4595.00000000,1.213
1749267113,1.22100000,995.09000000,1.213
1749267113,1.22200000,1170.58000000,1.213
1749267113,1.22300000,881.40000000,1.213
1749267113,1.22400000,200.34000000,1.213
1749267113,1.22500000,212.93000000,1.213
1749267113,1.22600000,2568.60000000,1.213
1749267113,1.22700000,50.75000000,1.213
1749267113,1.22800000,66.40000000,1.213
1749267113,1.22900000,309.33000000,1.213
1749267113,1.23000000,16.14000000,1.213
1749267113,1.23100000,4.29000000,1.213
1749267113,1.23200000,18.05000000,1.213
1749267113,1.23300000,71.87000000,1.213
1749267113,1.23400000,221.89000000,1.213
1749267113,1.23500000,93.08000000,1.213
1749267113,1.23600000,38.97000000,1.213
1749267113,1.23700000,82.03000000,1.213
1749267113,1.23800000,102.21000000,1.213
1749267113,1.23900000,26.31000000,1.213
1749267113,1.24000000,1081.52000000,1.213
1749267113,1.24100000,11.39000000,1.213
1749267113,1.24200000,32.65000000,1.213
1749267113,1.24300000,73.42000000,1.213
1749267113,1.24400000,21.03000000,1.213
1749267113,1.24500000,90.79000000,1.213
1749267113,1.24600000,5.80000000,1.213
1749267113,1.24700000,56.22000000,1.213
1749267113,1.24800000,121.77000000,1.213
1749267113,1.24900000,2926.24000000,1.213
1749267113,1.25000000,124.47000000,1.213
1749267113,1.25100000,111.46000000,1.213
1749267113,1.25200000,295.24000000,1.213
1749267113,1.25300000,490.46000000,1.213
1749267113,1.25400000,3048.30000000,1.213
1749267113,1.25500000,544.70000000,1.213
1749267113,1.25600000,3336.51000000,1.213
1749267113,1.25700000,10.97000000,1.213
1749267113,1.25800000,3441.45000000,1.213
1749267113,1.25900000,45.14000000,1.213
1749267113,1.26000000,272.02000000,1.213
1749267113,1.26100000,3043.97000000,1.213
1749267113,1.26200000,99.38000000,1.213
1749267113,1.26300000,291.72000000,1.213
1749267113,1.26400000,3214.49000000,1.213
1749267113,1.26500000,144.66000000,1.213
1749267113,1.26600000,12.75000000,1.213
1749267113,1.26700000,14.30000000,1.213
1749267113,1.26800000,3954.73000000,1.213
1749267113,1.26900000,808.04000000,1.213
1749267113,1.27000000,77.92000000,1.213
1749267113,1.27100000,56.95000000,1.213
1749267113,1.27200000,63.21000000,1.213
1749267113,1.27300000,135.76000000,1.213
1749267113,1.27400000,56.22000000,1.213
1749267113,1.27500000,5.80000000,1.213
1749267113,1.27600000,68.33000000,1.213
1749267113,1.27700000,51.27000000,1.213
1749267113,1.27800000,5.43000000,1.213
1749267113,1.27900000,44.85000000,1.213
1749267113,1.28000000,205.87000000,1.213
1749267113,1.28100000,94.24000000,1.213
1749267113,1.28200000,4.86000000,1.213
1749267113,1.28300000,83.04000000,1.213
1749267113,1.28400000,27.35000000,1.213
1749267113,1.28500000,21.49000000,1.213
1749267113,1.28600000,22.64000000,1.213
1749267113,1.28700000,4.86000000,1.213
1749267113,1.28800000,69.06000000,1.213
1749267113,1.28900000,114.77000000,1.213
1749267113,1.29000000,178.77000000,1.213
1749267113,1.29100000,52.56000000,1.213
1749267113,1.29200000,12620.31000000,1.213
1749267113,1.29300000,47.84000000,1.213
1749267113,1.29400000,72.46000000,1.213
1749267113,1.29500000,413.95000000,1.213
1749267113,1.29600000,200.03000000,1.213
1749267113,1.29700000,928.21000000,1.213
1749267113,1.29800000,221.74000000,1.213
1749267113,1.29900000,1741.42000000,1.213
1749267113,1.30000000,240.98000000,1.213
1749267113,1.30100000,60.23000000,1.213
1749267113,1.30200000,65.64000000,1.213
1749267113,1.30300000,38.19000000,1.213
1749267113,1.30400000,167.46000000,1.213
1749267113,1.30500000,162.25000000,1.213
1749267113,1.30600000,7.19000000,1.213
1749267113,1.30700000,864.28000000,1.213
1749267113,1.30800000,35.26000000,1.213
1749267113,1.30900000,20.18000000,1.213
1749267113,1.31000000,96.03000000,1.213
1749267113,1.31100000,36.94000000,1.213
1749267113,1.31200000,177.18000000,1.213
1749267113,1.31300000,18.90000000,1.213
1749267415,1.21400000,752.33000000,1.213
1749267415,1.21500000,2956.50000000,1.213
1749267415,1.21600000,1891.29000000,1.213
1749267415,1.21700000,4327.87000000,1.213
1749267415,1.21800000,1025.31000000,1.213
1749267415,1.21900000,2277.27000000,1.213
1749267415,1.22000000,3966.08000000,1.213
1749267415,1.22100000,2677.88000000,1.213
1749267415,1.22200000,1799.52000000,1.213
1749267415,1.22300000,881.40000000,1.213
1749267415,1.22400000,200.34000000,1.213
1749267415,1.22500000,212.93000000,1.213
1749267415,1.22600000,2568.60000000,1.213
1749267415,1.22700000,50.75000000,1.213
1749267415,1.22800000,66.40000000,1.213
1749267415,1.22900000,309.33000000,1.213
1749267415,1.23000000,16.14000000,1.213
1749267415,1.23100000,4.29000000,1.213
1749267415,1.23200000,18.05000000,1.213
1749267415,1.23300000,71.87000000,1.213
1749267415,1.23400000,221.89000000,1.213
1749267415,1.23500000,93.08000000,1.213
1749267415,1.23600000,38.97000000,1.213
1749267415,1.23700000,81.99000000,1.213
1749267415,1.23800000,102.21000000,1.213
1749267415,1.23900000,26.31000000,1.213
1749267415,1.24000000,1081.52000000,1.213
1749267415,1.24100000,11.39000000,1.213
1749267415,1.24200000,32.65000000,1.213
1749267415,1.24300000,73.42000000,1.213
1749267415,1.24400000,21.03000000,1.213
1749267415,1.24500000,90.79000000,1.213
1749267415,1.24600000,5.80000000,1.213
1749267415,1.24700000,56.22000000,1.213
1749267415,1.24800000,121.77000000,1.213
1749267415,1.24900000,2926.24000000,1.213
1749267415,1.25000000,124.47000000,1.213
1749267415,1.25100000,111.46000000,1.213
1749267415,1.25200000,295.24000000,1.213
1749267415,1.25300000,490.46000000,1.213
1749267415,1.25400000,3048.30000000,1.213
1749267415,1.25500000,544.70000000,1.213
1749267415,1.25600000,3336.51000000,1.213
1749267415,1.25700000,10.97000000,1.213
1749267415,1.25800000,3441.45000000,1.213
1749267415,1.25900000,45.14000000,1.213
1749267415,1.26000000,272.02000000,1.213
1749267415,1.26100000,3126.23000000,1.213
1749267415,1.26200000,16.25000000,1.213
1749267415,1.26300000,291.72000000,1.213
1749267415,1.26400000,3214.49000000,1.213
1749267415,1.26500000,144.66000000,1.213
1749267415,1.26600000,12.75000000,1.213
1749267415,1.26700000,14.30000000,1.213
1749267415,1.26800000,3954.73000000,1.213
1749267415,1.26900000,808.04000000,1.213
1749267415,1.27000000,77.92000000,1.213
1749267415,1.27100000,56.95000000,1.213
1749267415,1.27200000,63.21000000,1.213
1749267415,1.27300000,135.76000000,1.213
1749267415,1.27400000,56.22000000,1.213
1749267415,1.27500000,5.80000000,1.213
1749267415,1.27600000,68.33000000,1.213
1749267415,1.27700000,51.27000000,1.213
1749267415,1.27800000,5.43000000,1.213
1749267415,1.27900000,44.85000000,1.213
1749267415,1.28000000,205.87000000,1.213
1749267415,1.28100000,94.24000000,1.213
1749267415,1.28200000,4.86000000,1.213
1749267415,1.28300000,83.04000000,1.213
1749267415,1.28400000,27.35000000,1.213
1749267415,1.28500000,21.49000000,1.213
1749267415,1.28600000,22.64000000,1.213
1749267415,1.28700000,4.86000000,1.213
1749267415,1.28800000,69.06000000,1.213
1749267415,1.28900000,114.77000000,1.213
1749267415,1.29000000,178.77000000,1.213
1749267415,1.29100000,52.56000000,1.213
1749267415,1.29200000,12620.31000000,1.213
1749267415,1.29300000,47.84000000,1.213
1749267415,1.29400000,72.46000000,1.213
1749267415,1.29500000,413.95000000,1.213
1749267415,1.29600000,200.03000000,1.213
1749267415,1.29700000,928.21000000,1.213
1749267415,1.29800000,221.74000000,1.213
1749267415,1.29900000,1741.42000000,1.213
1749267415,1.30000000,240.98000000,1.213
1749267415,1.30100000,60.23000000,1.213
1749267415,1.30200000,65.64000000,1.213
1749267415,1.30300000,38.19000000,1.213
1749267415,1.30400000,167.46000000,1.213
1749267415,1.30500000,162.25000000,1.213
1749267415,1.30600000,7.19000000,1.213
1749267415,1.30700000,864.28000000,1.213
1749267415,1.30800000,35.26000000,1.213
1749267415,1.30900000,20.18000000,1.213
1749267415,1.31000000,96.03000000,1.213
1749267415,1.31100000,36.94000000,1.213
1749267415,1.31200000,177.18000000,1.213
1749267415,1.31300000,18.90000000,1.213
1749267716,1.21400000,568.86000000,1.213
1749267716,1.21500000,2679.31000000,1.213
1749267716,1.21600000,2756.53000000,1.213
1749267716,1.21700000,4273.53000000,1.213
1749267716,1.21800000,1025.31000000,1.213
1749267716,1.21900000,2294.21000000,1.213
1749267716,1.22000000,3965.75000000,1.213
1749267716,1.22100000,2678.15000000,1.213
1749267716,1.22200000,1799.52000000,1.213
1749267716,1.22300000,881.40000000,1.213
1749267716,1.22400000,200.34000000,1.213
1749267716,1.22500000,212.93000000,1.213
1749267716,1.22600000,2568.60000000,1.213
1749267716,1.22700000,50.75000000,1.213
1749267716,1.22800000,66.40000000,1.213
1749267716,1.22900000,309.33000000,1.213
1749267716,1.23000000,16.14000000,1.213
1749267716,1.23100000,4.29000000,1.213
1749267716,1.23200000,18.05000000,1.213
1749267716,1.23300000,71.87000000,1.213
1749267716,1.23400000,221.89000000,1.213
1749267716,1.23500000,93.08000000,1.213
1749267716,1.23600000,38.97000000,1.213
1749267716,1.23700000,81.58000000,1.213
1749267716,1.23800000,102.21000000,1.213
1749267716,1.23900000,26.31000000,1.213
1749267716,1.24000000,1081.52000000,1.213
1749267716,1.24100000,11.39000000,1.213
1749267716,1.24200000,32.65000000,1.213
1749267716,1.24300000,73.42000000,1.213
1749267716,1.24400000,21.03000000,1.213
1749267716,1.24500000,90.79000000,1.213
1749267716,1.24600000,5.80000000,1.213
1749267716,1.24700000,56.22000000,1.213
1749267716,1.24800000,121.77000000,1.213
1749267716,1.24900000,2926.24000000,1.213
1749267716,1.25000000,124.47000000,1.213
1749267716,1.25100000,111.46000000,1.213
1749267716,1.25200000,295.24000000,1.213
1749267716,1.25300000,490.46000000,1.213
1749267716,1.25400000,3048.30000000,1.213
1749267716,1.25500000,544.70000000,1.213
1749267716,1.25600000,3336.51000000,1.213
1749267716,1.25700000,10.97000000,1.213
1749267716,1.25800000,3441.45000000,1.213
1749267716,1.25900000,45.14000000,1.213
1749267716,1.26000000,272.02000000,1.213
1749267716,1.26100000,3043.97000000,1.213
1749267716,1.26200000,98.86000000,1.213
1749267716,1.26300000,291.72000000,1.213
1749267716,1.26400000,3214.49000000,1.213
1749267716,1.26500000,144.66000000,1.213
1749267716,1.26600000,12.75000000,1.213
1749267716,1.26700000,14.30000000,1.213
1749267716,1.26800000,3954.73000000,1.213
1749267716,1.26900000,808.04000000,1.213
1749267716,1.27000000,77.92000000,1.213
1749267716,1.27100000,56.95000000,1.213
1749267716,1.27200000,63.21000000,1.213
1749267716,1.27300000,135.76000000,1.213
1749267716,1.27400000,56.22000000,1.213
1749267716,1.27500000,5.80000000,1.213
1749267716,1.27600000,68.33000000,1.213
1749267716,1.27700000,51.27000000,1.213
1749267716,1.27800000,5.43000000,1.213
1749267716,1.27900000,44.85000000,1.213
1749267716,1.28000000,205.87000000,1.213
1749267716,1.28100000,94.24000000,1.213
1749267716,1.28200000,4.86000000,1.213
1749267716,1.28300000,83.04000000,1.213
1749267716,1.28400000,27.35000000,1.213
1749267716,1.28500000,21.49000000,1.213
1749267716,1.28600000,22.64000000,1.213
1749267716,1.28700000,4.86000000,1.213
1749267716,1.28800000,69.06000000,1.213
1749267716,1.28900000,114.77000000,1.213
1749267716,1.29000000,178.77000000,1.213
1749267716,1.29100000,52.56000000,1.213
1749267716,1.29200000,12620.31000000,1.213
1749267716,1.29300000,47.84000000,1.213
1749267716,1.29400000,72.46000000,1.213
1749267716,1.29500000,413.95000000,1.213
1749267716,1.29600000,200.03000000,1.213
1749267716,1.29700000,928.21000000,1.213
1749267716,1.29800000,221.74000000,1.213
1749267716,1.29900000,1741.42000000,1.213
1749267716,1.30000000,240.98000000,1.213
1749267716,1.30100000,60.23000000,1.213
1749267716,1.30200000,65.64000000,1.213
1749267716,1.30300000,38.19000000,1.213
1749267716,1.30400000,167.46000000,1.213
1749267716,1.30500000,162.25000000,1.213
1749267716,1.30600000,7.19000000,1.213
1749267716,1.30700000,864.28000000,1.213
1749267716,1.30800000,35.26000000,1.213
1749267716,1.30900000,20.18000000,1.213
1749267716,1.31000000,96.03000000,1.213
1749267716,1.31100000,36.94000000,1.213
1749267716,1.31200000,177.18000000,1.213
1749267716,1.31300000,18.90000000,1.213
1749268018,1.21500000,724.11000000,1.214
