timestamp,price,volume,current_price
1749258317,1.21700000,2729.44000000,1.217
1749258317,1.21800000,213.34000000,1.217
1749258317,1.21900000,2152.24000000,1.217
1749258317,1.22000000,2585.56000000,1.217
1749258317,1.22100000,5087.95000000,1.217
1749258317,1.22200000,1170.58000000,1.217
1749258317,1.22300000,2564.19000000,1.217
1749258317,1.22400000,1133.61000000,1.217
1749258317,1.22500000,1691.75000000,1.217
1749258317,1.22600000,1789.02000000,1.217
1749258317,1.22700000,246.83000000,1.217
1749258317,1.22800000,284.57000000,1.217
1749258317,1.22900000,2844.90000000,1.217
1749258317,1.23000000,16.14000000,1.217
1749258317,1.23100000,4.29000000,1.217
1749258317,1.23200000,18.05000000,1.217
1749258317,1.23300000,159.13000000,1.217
1749258317,1.23400000,41.26000000,1.217
1749258317,1.23500000,93.08000000,1.217
1749258317,1.23600000,38.97000000,1.217
1749258317,1.23700000,183.52000000,1.217
1749258317,1.23800000,907.47000000,1.217
1749258317,1.23900000,32.77000000,1.217
1749258317,1.24000000,1081.52000000,1.217
1749258317,1.24100000,11.39000000,1.217
1749258317,1.24200000,32.65000000,1.217
1749258317,1.24300000,73.42000000,1.217
1749258317,1.24400000,21.03000000,1.217
1749258317,1.24500000,97.22000000,1.217
1749258317,1.24600000,5.80000000,1.217
1749258317,1.24700000,56.22000000,1.217
1749258317,1.24800000,166.89000000,1.217
1749258317,1.24900000,2926.24000000,1.217
1749258317,1.25000000,136.47000000,1.217
1749258317,1.25100000,111.46000000,1.217
1749258317,1.25200000,295.24000000,1.217
1749258317,1.25300000,113.59000000,1.217
1749258317,1.25400000,3048.30000000,1.217
1749258317,1.25500000,544.70000000,1.217
1749258317,1.25600000,3336.51000000,1.217
1749258317,1.25700000,10.97000000,1.217
1749258317,1.25800000,3531.18000000,1.217
1749258317,1.25900000,45.14000000,1.217
1749258317,1.26000000,604.57000000,1.217
1749258317,1.26100000,3043.97000000,1.217
1749258317,1.26200000,25.76000000,1.217
1749258317,1.26300000,299.64000000,1.217
1749258317,1.26400000,3214.49000000,1.217
1749258317,1.26500000,144.66000000,1.217
1749258317,1.26600000,12.75000000,1.217
1749258317,1.26700000,14.30000000,1.217
1749258317,1.26800000,3954.73000000,1.217
1749258317,1.26900000,808.04000000,1.217
1749258317,1.27000000,77.92000000,1.217
1749258317,1.27100000,56.95000000,1.217
1749258317,1.27200000,63.21000000,1.217
1749258317,1.27300000,135.76000000,1.217
1749258317,1.27400000,70.35000000,1.217
1749258317,1.27500000,5.80000000,1.217
1749258317,1.27600000,68.33000000,1.217
1749258317,1.27700000,51.27000000,1.217
1749258317,1.27800000,5.43000000,1.217
1749258317,1.27900000,44.85000000,1.217
1749258317,1.28000000,205.87000000,1.217
1749258317,1.28100000,94.24000000,1.217
1749258317,1.28200000,4.86000000,1.217
1749258317,1.28300000,435.75000000,1.217
1749258317,1.28400000,27.35000000,1.217
1749258317,1.28500000,21.49000000,1.217
1749258317,1.28600000,22.64000000,1.217
1749258317,1.28700000,4.86000000,1.217
1749258317,1.28800000,69.06000000,1.217
1749258317,1.28900000,114.77000000,1.217
1749258317,1.29000000,178.77000000,1.217
1749258317,1.29100000,52.56000000,1.217
1749258317,1.29200000,12620.31000000,1.217
1749258317,1.29300000,47.84000000,1.217
1749258317,1.29400000,72.46000000,1.217
1749258317,1.29500000,413.95000000,1.217
1749258317,1.29600000,200.03000000,1.217
1749258317,1.29700000,928.21000000,1.217
1749258317,1.29800000,221.74000000,1.217
1749258317,1.29900000,1741.42000000,1.217
1749258317,1.30000000,751.91000000,1.217
1749258317,1.30100000,60.23000000,1.217
1749258317,1.30200000,65.64000000,1.217
1749258317,1.30300000,38.19000000,1.217
1749258317,1.30400000,167.46000000,1.217
1749258317,1.30500000,162.25000000,1.217
1749258317,1.30600000,7.19000000,1.217
1749258317,1.30700000,864.28000000,1.217
1749258317,1.30800000,35.26000000,1.217
1749258317,1.30900000,877.01000000,1.217
1749258317,1.31000000,559.53000000,1.217
1749258317,1.31100000,36.94000000,1.217
1749258317,1.31200000,177.18000000,1.217
1749258317,1.31300000,18.90000000,1.217
1749258317,1.31400000,44.85000000,1.217
1749258317,1.31500000,29.97000000,1.217
1749258317,1.31600000,25.59000000,1.217
1749258626,1.21500000,327.59000000,1.214
1749258626,1.21600000,3198.62000000,1.214
1749258626,1.21700000,1190.22000000,1.214
1749258626,1.21800000,1823.17000000,1.214
1749258626,1.21900000,4329.64000000,1.214
1749258626,1.22000000,3496.87000000,1.214
1749258626,1.22100000,890.48000000,1.214
1749258626,1.22200000,3483.19000000,1.214
1749258626,1.22300000,2643.34000000,1.214
1749258626,1.22400000,1133.61000000,1.214
1749258626,1.22500000,1063.06000000,1.214
1749258626,1.22600000,33.03000000,1.214
1749258626,1.22700000,246.83000000,1.214
1749258626,1.22800000,284.57000000,1.214
1749258626,1.22900000,2844.90000000,1.214
1749258626,1.23000000,16.14000000,1.214
1749258626,1.23100000,4.29000000,1.214
1749258626,1.23200000,18.05000000,1.214
1749258626,1.23300000,76.74000000,1.214
1749258626,1.23400000,41.26000000,1.214
1749258626,1.23500000,93.08000000,1.214
1749258626,1.23600000,38.97000000,1.214
1749258626,1.23700000,183.52000000,1.214
1749258626,1.23800000,989.57000000,1.214
1749258626,1.23900000,32.77000000,1.214
1749258626,1.24000000,1081.52000000,1.214
1749258626,1.24100000,11.39000000,1.214
1749258626,1.24200000,32.65000000,1.214
1749258626,1.24300000,73.42000000,1.214
1749258626,1.24400000,21.03000000,1.214
1749258626,1.24500000,97.22000000,1.214
1749258626,1.24600000,5.80000000,1.214
1749258626,1.24700000,56.22000000,1.214
1749258626,1.24800000,166.89000000,1.214
1749258626,1.24900000,2926.24000000,1.214
1749258626,1.25000000,136.47000000,1.214
1749258626,1.25100000,111.46000000,1.214
1749258626,1.25200000,295.24000000,1.214
1749258626,1.25300000,113.59000000,1.214
1749258626,1.25400000,3048.30000000,1.214
1749258626,1.25500000,544.70000000,1.214
1749258626,1.25600000,3336.51000000,1.214
1749258626,1.25700000,10.97000000,1.214
1749258626,1.25800000,3449.40000000,1.214
1749258626,1.25900000,45.14000000,1.214
1749258626,1.26000000,604.57000000,1.214
1749258626,1.26100000,3043.97000000,1.214
1749258626,1.26200000,25.76000000,1.214
1749258626,1.26300000,382.51000000,1.214
1749258626,1.26400000,3214.49000000,1.214
1749258626,1.26500000,144.66000000,1.214
1749258626,1.26600000,12.75000000,1.214
1749258626,1.26700000,14.30000000,1.214
1749258626,1.26800000,3954.73000000,1.214
1749258626,1.26900000,808.04000000,1.214
1749258626,1.27000000,77.92000000,1.214
1749258626,1.27100000,56.95000000,1.214
1749258626,1.27200000,63.21000000,1.214
1749258626,1.27300000,135.76000000,1.214
1749258626,1.27400000,70.35000000,1.214
1749258626,1.27500000,5.80000000,1.214
1749258626,1.27600000,68.33000000,1.214
1749258626,1.27700000,51.27000000,1.214
1749258626,1.27800000,5.43000000,1.214
1749258626,1.27900000,44.85000000,1.214
1749258626,1.28000000,205.87000000,1.214
1749258626,1.28100000,94.24000000,1.214
1749258626,1.28200000,4.86000000,1.214
1749258626,1.28300000,435.75000000,1.214
1749258626,1.28400000,27.35000000,1.214
1749258626,1.28500000,21.49000000,1.214
1749258626,1.28600000,22.64000000,1.214
1749258626,1.28700000,4.86000000,1.214
1749258626,1.28800000,69.06000000,1.214
1749258626,1.28900000,114.77000000,1.214
1749258626,1.29000000,178.77000000,1.214
1749258626,1.29100000,52.56000000,1.214
1749258626,1.29200000,12620.31000000,1.214
1749258626,1.29300000,47.84000000,1.214
1749258626,1.29400000,72.46000000,1.214
1749258626,1.29500000,413.95000000,1.214
1749258626,1.29600000,200.03000000,1.214
1749258626,1.29700000,928.21000000,1.214
1749258626,1.29800000,221.74000000,1.214
1749258626,1.29900000,1741.42000000,1.214
1749258626,1.30000000,751.91000000,1.214
1749258626,1.30100000,60.23000000,1.214
1749258626,1.30200000,65.64000000,1.214
1749258626,1.30300000,38.19000000,1.214
1749258626,1.30400000,167.46000000,1.214
1749258626,1.30500000,162.25000000,1.214
1749258626,1.30600000,7.19000000,1.214
1749258626,1.30700000,864.28000000,1.214
1749258626,1.30800000,35.26000000,1.214
1749258626,1.30900000,877.01000000,1.214
1749258626,1.31000000,559.53000000,1.214
1749258626,1.31100000,36.94000000,1.214
1749258626,1.31200000,177.18000000,1.214
1749258626,1.31300000,18.90000000,1.214
1749258626,1.31400000,44.85000000,1.214
1749258961,1.21300000,2925.73000000,1.213
1749258961,1.21400000,1434.92000000,1.213
1749258961,1.21500000,1990.64000000,1.213
1749258961,1.21600000,3469.91000000,1.213
1749258961,1.21700000,1012.47000000,1.213
1749258961,1.21800000,2580.35000000,1.213
1749258961,1.21900000,1048.16000000,1.213
1749258961,1.22000000,4047.95000000,1.213
1749258961,1.22100000,1519.16000000,1.213
1749258961,1.22200000,2578.78000000,1.213
1749258961,1.22300000,881.40000000,1.213
1749258961,1.22400000,1060.61000000,1.213
1749258961,1.22500000,1063.06000000,1.213
1749258961,1.22600000,33.03000000,1.213
1749258961,1.22700000,246.83000000,1.213
1749258961,1.22800000,88.49000000,1.213
1749258961,1.22900000,2844.90000000,1.213
1749258961,1.23000000,16.14000000,1.213
1749258961,1.23100000,4.29000000,1.213
1749258961,1.23200000,18.05000000,1.213
1749258961,1.23300000,258.13000000,1.213
1749258961,1.23400000,41.26000000,1.213
1749258961,1.23500000,93.08000000,1.213
1749258961,1.23600000,121.68000000,1.213
1749258961,1.23800000,907.47000000,1.213
1749258961,1.23900000,32.77000000,1.213
1749258961,1.24000000,1081.52000000,1.213
1749258961,1.24100000,11.39000000,1.213
1749258961,1.24200000,32.65000000,1.213
1749258961,1.24300000,73.42000000,1.213
1749258961,1.24400000,21.03000000,1.213
1749258961,1.24500000,97.22000000,1.213
1749258961,1.24600000,5.80000000,1.213
1749258961,1.24700000,56.22000000,1.213
1749258961,1.24800000,121.77000000,1.213
1749258961,1.24900000,2926.24000000,1.213
1749258961,1.25000000,136.47000000,1.213
1749258961,1.25100000,111.46000000,1.213
1749258961,1.25200000,295.24000000,1.213
1749258961,1.25300000,158.71000000,1.213
1749258961,1.25400000,3048.30000000,1.213
1749258961,1.25500000,544.70000000,1.213
1749258961,1.25600000,3669.05000000,1.213
1749258961,1.25700000,10.97000000,1.213
1749258961,1.25800000,3449.40000000,1.213
1749258961,1.25900000,45.14000000,1.213
1749258961,1.26000000,354.72000000,1.213
1749258961,1.26100000,3043.97000000,1.213
1749258961,1.26200000,25.76000000,1.213
1749258961,1.26300000,299.64000000,1.213
1749258961,1.26400000,3214.49000000,1.213
1749258961,1.26500000,144.66000000,1.213
1749258961,1.26600000,12.75000000,1.213
1749258961,1.26700000,14.30000000,1.213
1749258961,1.26800000,3954.73000000,1.213
1749258961,1.26900000,808.04000000,1.213
1749258961,1.27000000,77.92000000,1.213
1749258961,1.27100000,56.95000000,1.213
1749258961,1.27200000,63.21000000,1.213
1749258961,1.27300000,135.76000000,1.213
1749258961,1.27400000,70.35000000,1.213
1749258961,1.27500000,5.80000000,1.213
1749258961,1.27600000,68.33000000,1.213
1749258961,1.27700000,51.27000000,1.213
1749258961,1.27800000,5.43000000,1.213
1749258961,1.27900000,44.85000000,1.213
1749258961,1.28000000,205.87000000,1.213
1749258961,1.28100000,94.24000000,1.213
1749258961,1.28200000,4.86000000,1.213
1749258961,1.28300000,435.75000000,1.213
1749258961,1.28400000,27.35000000,1.213
1749258961,1.28500000,21.49000000,1.213
1749258961,1.28600000,22.64000000,1.213
1749258961,1.28700000,4.86000000,1.213
1749258961,1.28800000,69.06000000,1.213
1749258961,1.28900000,114.77000000,1.213
1749258961,1.29000000,178.77000000,1.213
1749258961,1.29100000,52.56000000,1.213
1749258961,1.29200000,12620.31000000,1.213
1749258961,1.29300000,47.84000000,1.213
1749258961,1.29400000,72.46000000,1.213
1749258961,1.29500000,413.95000000,1.213
1749258961,1.29600000,200.03000000,1.213
1749258961,1.29700000,928.21000000,1.213
1749258961,1.29800000,221.74000000,1.213
1749258961,1.29900000,1741.42000000,1.213
1749258961,1.30000000,751.91000000,1.213
1749258961,1.30100000,60.23000000,1.213
1749258961,1.30200000,65.64000000,1.213
1749258961,1.30300000,38.19000000,1.213
1749258961,1.30400000,167.46000000,1.213
1749258961,1.30500000,162.25000000,1.213
1749258961,1.30600000,7.19000000,1.213
1749258961,1.30700000,864.28000000,1.213
1749258961,1.30800000,35.26000000,1.213
1749258961,1.30900000,877.01000000,1.213
1749258961,1.31000000,559.53000000,1.213
1749258961,1.31100000,36.94000000,1.213
1749258961,1.31200000,177.18000000,1.213
1749258961,1.31300000,18.90000000,1.213
1749259269,1.21100000,3141.78000000,1.211
1749259269,1.21200000,1070.61000000,1.211
1749259269,1.21300000,960.57000000,1.211
1749259269,1.21400000,1158.73000000,1.211
1749259269,1.21500000,2584.58000000,1.211
1749259269,1.21600000,3102.61000000,1.211
1749259269,1.21700000,2755.09000000,1.211
1749259269,1.21800000,1929.07000000,1.211
1749259269,1.21900000,1048.16000000,1.211
1749259269,1.22000000,4049.78000000,1.211
1749259269,1.22100000,890.48000000,1.211
1749259269,1.22200000,896.27000000,1.211
1749259269,1.22300000,881.40000000,1.211
1749259269,1.22400000,1060.61000000,1.211
1749259269,1.22500000,1063.06000000,1.211
1749259269,1.22600000,33.03000000,1.211
1749259269,1.22700000,50.75000000,1.211
1749259269,1.22800000,88.49000000,1.211
1749259269,1.22900000,2844.90000000,1.211
1749259269,1.23000000,16.14000000,1.211
1749259269,1.23100000,4.29000000,1.211
1749259269,1.23200000,18.05000000,1.211
1749259269,1.23300000,258.13000000,1.211
1749259269,1.23400000,41.26000000,1.211
1749259269,1.23500000,93.08000000,1.211
1749259269,1.23600000,120.63000000,1.211
1749259269,1.23800000,907.47000000,1.211
1749259269,1.23900000,32.77000000,1.211
1749259269,1.24000000,1081.52000000,1.211
1749259269,1.24100000,11.39000000,1.211
1749259269,1.24200000,32.65000000,1.211
1749259269,1.24300000,73.42000000,1.211
1749259269,1.24400000,21.03000000,1.211
1749259269,1.24500000,97.22000000,1.211
1749259269,1.24600000,5.80000000,1.211
1749259269,1.24700000,56.22000000,1.211
1749259269,1.24800000,121.77000000,1.211
1749259269,1.24900000,2926.24000000,1.211
1749259269,1.25000000,136.47000000,1.211
1749259269,1.25100000,111.46000000,1.211
1749259269,1.25200000,295.24000000,1.211
1749259269,1.25300000,158.71000000,1.211
1749259269,1.25400000,3048.30000000,1.211
1749259269,1.25500000,544.70000000,1.211
1749259269,1.25600000,3669.05000000,1.211
1749259269,1.25700000,10.97000000,1.211
1749259269,1.25800000,3449.40000000,1.211
1749259269,1.25900000,45.14000000,1.211
1749259269,1.26000000,354.98000000,1.211
1749259269,1.26100000,3043.97000000,1.211
1749259269,1.26200000,25.76000000,1.211
1749259269,1.26300000,299.64000000,1.211
1749259269,1.26400000,3214.49000000,1.211
1749259269,1.26500000,144.66000000,1.211
1749259269,1.26600000,12.75000000,1.211
1749259269,1.26700000,14.30000000,1.211
1749259269,1.26800000,3954.73000000,1.211
1749259269,1.26900000,808.04000000,1.211
1749259269,1.27000000,77.92000000,1.211
1749259269,1.27100000,56.95000000,1.211
1749259269,1.27200000,63.21000000,1.211
1749259269,1.27300000,135.76000000,1.211
1749259269,1.27400000,70.35000000,1.211
1749259269,1.27500000,5.80000000,1.211
1749259269,1.27600000,68.33000000,1.211
1749259269,1.27700000,51.27000000,1.211
1749259269,1.27800000,5.43000000,1.211
1749259269,1.27900000,44.85000000,1.211
1749259269,1.28000000,205.87000000,1.211
1749259269,1.28100000,94.24000000,1.211
1749259269,1.28200000,4.86000000,1.211
1749259269,1.28300000,435.75000000,1.211
1749259269,1.28400000,27.35000000,1.211
1749259269,1.28500000,21.49000000,1.211
1749259269,1.28600000,22.64000000,1.211
1749259269,1.28700000,4.86000000,1.211
1749259269,1.28800000,69.06000000,1.211
1749259269,1.28900000,114.77000000,1.211
1749259269,1.29000000,178.77000000,1.211
1749259269,1.29100000,52.56000000,1.211
1749259269,1.29200000,12620.31000000,1.211
1749259269,1.29300000,47.84000000,1.211
1749259269,1.29400000,72.46000000,1.211
1749259269,1.29500000,413.95000000,1.211
1749259269,1.29600000,200.03000000,1.211
1749259269,1.29700000,928.21000000,1.211
1749259269,1.29800000,221.74000000,1.211
1749259269,1.29900000,1741.42000000,1.211
1749259269,1.30000000,751.91000000,1.211
1749259269,1.30100000,60.23000000,1.211
1749259269,1.30200000,65.64000000,1.211
1749259269,1.30300000,38.19000000,1.211
1749259269,1.30400000,167.46000000,1.211
1749259269,1.30500000,162.25000000,1.211
1749259269,1.30600000,7.19000000,1.211
1749259269,1.30700000,864.28000000,1.211
1749259269,1.30800000,35.26000000,1.211
1749259269,1.30900000,877.01000000,1.211
1749259269,1.31000000,559.53000000,1.211
1749259269,1.31100000,36.94000000,1.211
