timestamp,price,volume,current_price
1749260843,0.00213500,185016.00,0.002134
1749260843,0.00213600,1118591.00,0.002134
1749260843,0.00213700,2925137.00,0.002134
1749260843,0.00213800,2148475.00,0.002134
1749260843,0.00213900,1658109.00,0.002134
1749260843,0.00214000,3596955.00,0.002134
1749260843,0.00214100,1748655.00,0.002134
1749260843,0.00214200,1230449.00,0.002134
1749260843,0.00214300,1050629.00,0.002134
1749260843,0.00214400,444547.00,0.002134
1749260843,0.00214500,2375859.00,0.002134
1749260843,0.00214600,624539.00,0.002134
1749260843,0.00214700,672010.00,0.002134
1749260843,0.00214800,3313880.00,0.002134
1749260843,0.00214900,596845.00,0.002134
1749260843,0.00215000,942029.00,0.002134
1749260843,0.00215100,391282.00,0.002134
1749260843,0.00215200,627541.00,0.002134
1749260843,0.00215300,1094350.00,0.002134
1749260843,0.00215400,2804279.00,0.002134
1749260843,0.00215500,394765.00,0.002134
1749260843,0.00215600,166303.00,0.002134
1749260843,0.00215700,161226.00,0.002134
1749260843,0.00215800,175212.00,0.002134
1749260843,0.00215900,4910498.00,0.002134
1749260843,0.00216000,476520.00,0.002134
1749260843,0.00216100,429452.00,0.002134
1749260843,0.00216200,190003.00,0.002134
1749260843,0.00216300,391635.00,0.002134
1749260843,0.00216400,353899.00,0.002134
1749260843,0.00216500,313705.00,0.002134
1749260843,0.00216600,4717.00,0.002134
1749260843,0.00216700,167653.00,0.002134
1749260843,0.00216800,10038.00,0.002134
1749260843,0.00216900,157717.00,0.002134
1749260843,0.00217000,6330597.00,0.002134
1749260843,0.00217100,7338.00,0.002134
1749260843,0.00217200,165587.00,0.002134
1749260843,0.00217300,157768.00,0.002134
1749260843,0.00217400,295707.00,0.002134
1749260843,0.00217500,8957.00,0.002134
1749260843,0.00217600,8437.00,0.002134
1749260843,0.00217700,27760.00,0.002134
1749260843,0.00217800,36387.00,0.002134
1749260843,0.00217900,113948.00,0.002134
1749260843,0.00218000,56572.00,0.002134
1749260843,0.00218100,4749.00,0.002134
1749260843,0.00218200,7168.00,0.002134
1749260843,0.00218300,4745.00,0.002134
1749260843,0.00218400,4743.00,0.002134
1749260843,0.00218500,4740.00,0.002134
1749260843,0.00218600,7383.00,0.002134
1749260843,0.00218700,49544.00,0.002134
1749260843,0.00218800,17088.00,0.002134
1749260843,0.00218900,508925.00,0.002134
1749260843,0.00219000,10425.00,0.002134
1749260843,0.00219100,4731.00,0.002134
1749260843,0.00219200,4731.00,0.002134
1749260843,0.00219300,11152.00,0.002134
1749260843,0.00219400,454572.00,0.002134
1749260843,0.00219500,12523.00,0.002134
1749260843,0.00219600,115820.00,0.002134
1749260843,0.00219700,4714.00,0.002134
1749260843,0.00219800,4709.00,0.002134
1749260843,0.00219900,9838.00,0.002134
1749260843,0.00220000,465024.00,0.002134
1749260843,0.00220100,4705.00,0.002134
1749260843,0.00220200,4703.00,0.002134
1749260843,0.00220300,11515.00,0.002134
1749260843,0.00220400,9754.00,0.002134
1749260843,0.00220500,4694.00,0.002134
1749260843,0.00220600,4694.00,0.002134
1749260843,0.00220700,10481.00,0.002134
1749260843,0.00220800,4689.00,0.002134
1749260843,0.00220900,11608.00,0.002134
1749260843,0.00221000,4685.00,0.002134
1749260843,0.00221100,9740.00,0.002134
1749260843,0.00221200,22415.00,0.002134
1749260843,0.00221300,541514.00,0.002134
1749260843,0.00221400,50070.00,0.002134
1749260843,0.00221500,7222.00,0.002134
1749260843,0.00221600,448815.00,0.002134
1749260843,0.00221700,4194.00,0.002134
1749260843,0.00221900,402543.00,0.002134
1749260843,0.00222000,7920.00,0.002134
1749260843,0.00222300,114957.00,0.002134
1749260843,0.00222400,11140.00,0.002134
1749260843,0.00222600,13389.00,0.002134
1749260843,0.00222800,2515.00,0.002134
1749260843,0.00223000,9291.00,0.002134
1749260843,0.00223100,4194.00,0.002134
1749260843,0.00223200,40628.00,0.002134
1749260843,0.00223300,20896.00,0.002134
1749260843,0.00223600,5019.00,0.002134
1749260843,0.00223700,2621.00,0.002134
1749260843,0.00223800,466669.00,0.002134
1749260843,0.00223900,113865.00,0.002134
1749260843,0.00224000,936290.00,0.002134
1749260843,0.00224100,40940.00,0.002134
1749260843,0.00224200,5700.00,0.002134
1749261169,0.00213400,438068.00,0.002134
1749261169,0.00213500,2542521.00,0.002134
1749261169,0.00213600,3658256.00,0.002134
1749261169,0.00213700,3528937.00,0.002134
1749261169,0.00213800,4583432.00,0.002134
1749261169,0.00213900,3634838.00,0.002134
1749261169,0.00214000,3260386.00,0.002134
1749261169,0.00214100,1570781.00,0.002134
1749261169,0.00214200,1844049.00,0.002134
1749261169,0.00214300,4582029.00,0.002134
1749261169,0.00214400,2148623.00,0.002134
1749261169,0.00214500,6290047.00,0.002134
1749261169,0.00214600,596372.00,0.002134
1749261169,0.00214700,1257043.00,0.002134
1749261169,0.00214800,3771242.00,0.002134
1749261169,0.00214900,600348.00,0.002134
1749261169,0.00215000,867188.00,0.002134
1749261169,0.00215100,391282.00,0.002134
1749261169,0.00215200,3042229.00,0.002134
1749261169,0.00215300,1094350.00,0.002134
1749261169,0.00215400,391277.00,0.002134
1749261169,0.00215500,409732.00,0.002134
1749261169,0.00215600,1067350.00,0.002134
1749261169,0.00215700,197286.00,0.002134
1749261169,0.00215800,175212.00,0.002134
1749261169,0.00215900,176660.00,0.002134
1749261169,0.00216000,554867.00,0.002134
1749261169,0.00216100,429452.00,0.002134
1749261169,0.00216200,206404.00,0.002134
1749261169,0.00216300,391635.00,0.002134
1749261169,0.00216400,169573.00,0.002134
1749261169,0.00216500,313735.00,0.002134
1749261169,0.00216600,4717.00,0.002134
1749261169,0.00216700,167653.00,0.002134
1749261169,0.00216800,10038.00,0.002134
1749261169,0.00216900,157717.00,0.002134
1749261169,0.00217000,444344.00,0.002134
1749261169,0.00217100,7338.00,0.002134
1749261169,0.00217200,165587.00,0.002134
1749261169,0.00217300,4768.00,0.002134
1749261169,0.00217400,4765.00,0.002134
1749261169,0.00217500,8957.00,0.002134
1749261169,0.00217600,10967.00,0.002134
1749261169,0.00217700,27760.00,0.002134
1749261169,0.00217800,36387.00,0.002134
1749261169,0.00217900,113948.00,0.002134
1749261169,0.00218000,56572.00,0.002134
1749261169,0.00218100,4749.00,0.002134
1749261169,0.00218200,7168.00,0.002134
1749261169,0.00218300,4745.00,0.002134
1749261169,0.00218400,142104.00,0.002134
1749261169,0.00218500,4740.00,0.002134
1749261169,0.00218600,7383.00,0.002134
1749261169,0.00218700,49544.00,0.002134
1749261169,0.00218800,17088.00,0.002134
1749261169,0.00218900,508925.00,0.002134
1749261169,0.00219000,10425.00,0.002134
1749261169,0.00219100,4731.00,0.002134
1749261169,0.00219200,4731.00,0.002134
1749261169,0.00219300,11152.00,0.002134
1749261169,0.00219400,4720.00,0.002134
1749261169,0.00219500,12523.00,0.002134
1749261169,0.00219600,7231.00,0.002134
1749261169,0.00219700,4714.00,0.002134
1749261169,0.00219800,4709.00,0.002134
1749261169,0.00219900,9838.00,0.002134
1749261169,0.00220000,914876.00,0.002134
1749261169,0.00220100,4705.00,0.002134
1749261169,0.00220200,113292.00,0.002134
1749261169,0.00220300,11515.00,0.002134
1749261169,0.00220400,9754.00,0.002134
1749261169,0.00220500,4694.00,0.002134
1749261169,0.00220600,4694.00,0.002134
1749261169,0.00220700,10481.00,0.002134
1749261169,0.00220800,4689.00,0.002134
1749261169,0.00220900,11608.00,0.002134
1749261169,0.00221100,9740.00,0.002134
1749261169,0.00221200,29409.00,0.002134
1749261169,0.00221300,541514.00,0.002134
1749261169,0.00221400,50070.00,0.002134
1749261169,0.00221500,7222.00,0.002134
1749261169,0.00221700,4194.00,0.002134
1749261169,0.00221900,285007.00,0.002134
1749261169,0.00222000,7920.00,0.002134
1749261169,0.00222200,448815.00,0.002134
1749261169,0.00222300,114957.00,0.002134
1749261169,0.00222400,11140.00,0.002134
1749261169,0.00222500,117536.00,0.002134
1749261169,0.00222600,13389.00,0.002134
1749261169,0.00222800,2515.00,0.002134
1749261169,0.00223000,9291.00,0.002134
1749261169,0.00223100,4194.00,0.002134
1749261169,0.00223200,40628.00,0.002134
1749261169,0.00223300,20896.00,0.002134
1749261169,0.00223600,5019.00,0.002134
1749261169,0.00223700,2621.00,0.002134
1749261169,0.00223800,4901.00,0.002134
1749261169,0.00224000,936290.00,0.002134
1749261169,0.00224100,40940.00,0.002134
1749261169,0.00224200,5700.00,0.002134
1749261485,0.00213500,26873.00,0.002135
1749261485,0.00213600,778945.00,0.002135
1749261485,0.00213700,4153670.00,0.002135
1749261485,0.00213800,4327501.00,0.002135
1749261485,0.00213900,5639436.00,0.002135
1749261485,0.00214000,1474661.00,0.002135
1749261485,0.00214100,3601091.00,0.002135
1749261485,0.00214200,1091785.00,0.002135
1749261485,0.00214300,4768717.00,0.002135
1749261485,0.00214400,2148620.00,0.002135
1749261485,0.00214500,6476828.00,0.002135
1749261485,0.00214600,596372.00,0.002135
1749261485,0.00214700,3853563.00,0.002135
1749261485,0.00214800,1174152.00,0.002135
1749261485,0.00214900,1501417.00,0.002135
1749261485,0.00215000,867188.00,0.002135
1749261485,0.00215100,391282.00,0.002135
1749261485,0.00215200,627541.00,0.002135
1749261485,0.00215300,3507956.00,0.002135
1749261485,0.00215400,391277.00,0.002135
1749261485,0.00215500,394765.00,0.002135
1749261485,0.00215600,166303.00,0.002135
1749261485,0.00215700,197286.00,0.002135
1749261485,0.00215800,175212.00,0.002135
1749261485,0.00215900,176660.00,0.002135
1749261485,0.00216000,554867.00,0.002135
1749261485,0.00216100,429452.00,0.002135
1749261485,0.00216200,206404.00,0.002135
1749261485,0.00216300,391635.00,0.002135
1749261485,0.00216400,311153.00,0.002135
1749261485,0.00216500,172095.00,0.002135
1749261485,0.00216600,4717.00,0.002135
1749261485,0.00216700,167653.00,0.002135
1749261485,0.00216800,10038.00,0.002135
1749261485,0.00216900,4717.00,0.002135
1749261485,0.00217000,444344.00,0.002135
1749261485,0.00217100,7338.00,0.002135
1749261485,0.00217200,165587.00,0.002135
1749261485,0.00217300,4768.00,0.002135
1749261485,0.00217400,4765.00,0.002135
1749261485,0.00217500,161957.00,0.002135
1749261485,0.00217600,10967.00,0.002135
1749261485,0.00217700,180760.00,0.002135
1749261485,0.00217800,36387.00,0.002135
1749261485,0.00217900,113948.00,0.002135
1749261485,0.00218000,56572.00,0.002135
1749261485,0.00218100,4749.00,0.002135
1749261485,0.00218200,7168.00,0.002135
1749261485,0.00218300,4745.00,0.002135
1749261485,0.00218400,142104.00,0.002135
1749261485,0.00218500,4740.00,0.002135
1749261485,0.00218600,7383.00,0.002135
1749261485,0.00218700,49544.00,0.002135
1749261485,0.00218800,17088.00,0.002135
1749261485,0.00218900,508925.00,0.002135
1749261485,0.00219000,10425.00,0.002135
1749261485,0.00219100,4731.00,0.002135
1749261485,0.00219200,4731.00,0.002135
1749261485,0.00219300,11152.00,0.002135
1749261485,0.00219400,4720.00,0.002135
1749261485,0.00219500,12523.00,0.002135
1749261485,0.00219600,7231.00,0.002135
1749261485,0.00219700,4714.00,0.002135
1749261485,0.00219800,4709.00,0.002135
1749261485,0.00219900,9838.00,0.002135
1749261485,0.00220000,914876.00,0.002135
1749261485,0.00220100,4705.00,0.002135
1749261485,0.00220200,113292.00,0.002135
1749261485,0.00220300,11515.00,0.002135
1749261485,0.00220400,9754.00,0.002135
1749261485,0.00220500,4694.00,0.002135
1749261485,0.00220600,4694.00,0.002135
1749261485,0.00220700,10481.00,0.002135
1749261485,0.00220800,4689.00,0.002135
1749261485,0.00220900,11608.00,0.002135
1749261485,0.00221000,4683.00,0.002135
1749261485,0.00221100,9740.00,0.002135
1749261485,0.00221200,29409.00,0.002135
1749261485,0.00221300,541514.00,0.002135
1749261485,0.00221400,50070.00,0.002135
1749261485,0.00221500,7222.00,0.002135
1749261485,0.00221700,4194.00,0.002135
1749261485,0.00221900,285007.00,0.002135
1749261485,0.00222000,7920.00,0.002135
1749261485,0.00222200,448815.00,0.002135
1749261485,0.00222300,114957.00,0.002135
1749261485,0.00222400,11140.00,0.002135
1749261485,0.00222500,117536.00,0.002135
1749261485,0.00222600,13389.00,0.002135
1749261485,0.00222800,2515.00,0.002135
1749261485,0.00223000,9291.00,0.002135
1749261485,0.00223100,4194.00,0.002135
1749261485,0.00223200,40628.00,0.002135
1749261485,0.00223300,20896.00,0.002135
1749261485,0.00223600,5019.00,0.002135
1749261485,0.00223700,2621.00,0.002135
1749261485,0.00223800,4901.00,0.002135
1749261485,0.00223900,14967.00,0.002135
1749261485,0.00224000,936290.00,0.002135
1749261485,0.00224100,40940.00,0.002135
1749261795,0.00213200,184891.00,0.002132
1749261795,0.00213300,2428474.00,0.002132
1749261795,0.00213400,1425214.00,0.002132
1749261795,0.00213500,1514986.00,0.002132
1749261795,0.00213600,2406259.00,0.002132
1749261795,0.00213700,1717586.00,0.002132
1749261795,0.00213800,2343236.00,0.002132
1749261795,0.00213900,4015886.00,0.002132
1749261795,0.00214000,2886844.00,0.002132
1749261795,0.00214100,1922247.00,0.002132
1749261795,0.00214200,4566854.00,0.002132
1749261795,0.00214300,2733802.00,0.002132
1749261795,0.00214400,444414.00,0.002132
1749261795,0.00214500,4321669.00,0.002132
1749261795,0.00214600,3194732.00,0.002132
1749261795,0.00214700,1257043.00,0.002132
1749261795,0.00214800,778461.00,0.002132
1749261795,0.00214900,1431000.00,0.002132
1749261795,0.00215000,867188.00,0.002132
1749261795,0.00215100,391282.00,0.002132
1749261795,0.00215200,1111221.00,0.002132
1749261795,0.00215300,3038583.00,0.002132
1749261795,0.00215400,391277.00,0.002132
1749261795,0.00215500,394765.00,0.002132
1749261795,0.00215600,166303.00,0.002132
1749261795,0.00215700,197286.00,0.002132
1749261795,0.00215800,175212.00,0.002132
1749261795,0.00215900,176660.00,0.002132
1749261795,0.00216000,571260.00,0.002132
1749261795,0.00216100,429452.00,0.002132
1749261795,0.00216200,190003.00,0.002132
1749261795,0.00216300,533355.00,0.002132
1749261795,0.00216400,169573.00,0.002132
1749261795,0.00216500,172095.00,0.002132
1749261795,0.00216600,4717.00,0.002132
1749261795,0.00216700,167653.00,0.002132
1749261795,0.00216800,10038.00,0.002132
1749261795,0.00216900,4717.00,0.002132
1749261795,0.00217000,444344.00,0.002132
1749261795,0.00217100,7338.00,0.002132
1749261795,0.00217200,165587.00,0.002132
1749261795,0.00217300,4768.00,0.002132
1749261795,0.00217400,4765.00,0.002132
1749261795,0.00217500,8957.00,0.002132
1749261795,0.00217600,10967.00,0.002132
1749261795,0.00217700,27760.00,0.002132
1749261795,0.00217800,36387.00,0.002132
1749261795,0.00217900,113948.00,0.002132
1749261795,0.00218000,56572.00,0.002132
1749261795,0.00218100,4749.00,0.002132
1749261795,0.00218200,7168.00,0.002132
1749261795,0.00218300,4745.00,0.002132
1749261795,0.00218400,142104.00,0.002132
1749261795,0.00218500,4740.00,0.002132
1749261795,0.00218600,7383.00,0.002132
1749261795,0.00218700,49544.00,0.002132
1749261795,0.00218800,17088.00,0.002132
1749261795,0.00218900,508925.00,0.002132
1749261795,0.00219000,10425.00,0.002132
1749261795,0.00219100,4731.00,0.002132
1749261795,0.00219200,4731.00,0.002132
1749261795,0.00219300,11152.00,0.002132
1749261795,0.00219400,4720.00,0.002132
1749261795,0.00219500,12523.00,0.002132
1749261795,0.00219600,7231.00,0.002132
1749261795,0.00219700,4714.00,0.002132
1749261795,0.00219800,4709.00,0.002132
1749261795,0.00219900,9838.00,0.002132
1749261795,0.00220000,914876.00,0.002132
1749261795,0.00220100,4705.00,0.002132
1749261795,0.00220200,113292.00,0.002132
1749261795,0.00220300,11515.00,0.002132
1749261795,0.00220400,9754.00,0.002132
1749261795,0.00220500,4694.00,0.002132
1749261795,0.00220600,4694.00,0.002132
1749261795,0.00220700,10481.00,0.002132
1749261795,0.00220900,6921.00,0.002132
1749261795,0.00221100,9740.00,0.002132
1749261795,0.00221200,29409.00,0.002132
1749261795,0.00221300,541514.00,0.002132
1749261795,0.00221400,50070.00,0.002132
1749261795,0.00221500,7222.00,0.002132
1749261795,0.00221700,4194.00,0.002132
1749261795,0.00221900,285007.00,0.002132
1749261795,0.00222000,7920.00,0.002132
1749261795,0.00222200,448815.00,0.002132
1749261795,0.00222300,114957.00,0.002132
1749261795,0.00222400,11140.00,0.002132
1749261795,0.00222500,117536.00,0.002132
1749261795,0.00222600,13389.00,0.002132
1749261795,0.00222800,2515.00,0.002132
1749261795,0.00223000,9291.00,0.002132
1749261795,0.00223100,4194.00,0.002132
1749261795,0.00223200,40628.00,0.002132
1749261795,0.00223300,20896.00,0.002132
1749261795,0.00223600,5019.00,0.002132
1749261795,0.00223700,2621.00,0.002132
1749261795,0.00223800,4901.00,0.002132
1749261795,0.00223900,461768.00,0.002132
1749261795,0.00224000,936290.00,0.002132
1749262097,0.00213400,491961.00,0.002132
1749262097,0.00213500,2369285.00,0.002132
1749262097,0.00213600,3136584.00,0.002132
1749262097,0.00213700,2843921.00,0.002132
1749262097,0.00213800,4547444.00,0.002132
1749262097,0.00213900,5713152.00,0.002132
1749262097,0.00214000,887198.00,0.002132
1749262097,0.00214100,9308743.00,0.002132
1749262097,0.00214200,2755705.00,0.002132
1749262097,0.00214300,1451291.00,0.002132
1749262097,0.00214400,1028531.00,0.002132
1749262097,0.00214500,473443.00,0.002132
1749262097,0.00214600,3195272.00,0.002132
1749262097,0.00214700,675521.00,0.002132
1749262097,0.00214800,778467.00,0.002132
1749262097,0.00214900,1431000.00,0.002132
1749262097,0.00215000,945535.00,0.002132
1749262097,0.00215100,391282.00,0.002132
1749262097,0.00215200,627541.00,0.002132
1749262097,0.00215300,3522890.00,0.002132
1749262097,0.00215400,391277.00,0.002132
1749262097,0.00215500,394765.00,0.002132
1749262097,0.00215600,166303.00,0.002132
1749262097,0.00215700,197286.00,0.002132
1749262097,0.00215800,175212.00,0.002132
1749262097,0.00215900,177150.00,0.002132
1749262097,0.00216000,476520.00,0.002132
1749262097,0.00216100,445845.00,0.002132
1749262097,0.00216200,190003.00,0.002132
1749262097,0.00216300,533385.00,0.002132
1749262097,0.00216400,169573.00,0.002132
1749262097,0.00216500,172095.00,0.002132
1749262097,0.00216600,4717.00,0.002132
1749262097,0.00216700,167653.00,0.002132
1749262097,0.00216800,10038.00,0.002132
1749262097,0.00216900,4717.00,0.002132
1749262097,0.00217000,525819.00,0.002132
1749262097,0.00217100,7338.00,0.002132
1749262097,0.00217200,165587.00,0.002132
1749262097,0.00217300,4768.00,0.002132
1749262097,0.00217400,4765.00,0.002132
1749262097,0.00217500,161957.00,0.002132
1749262097,0.00217600,10967.00,0.002132
1749262097,0.00217700,27760.00,0.002132
1749262097,0.00217800,36387.00,0.002132
1749262097,0.00217900,113948.00,0.002132
1749262097,0.00218000,56572.00,0.002132
1749262097,0.00218100,4749.00,0.002132
1749262097,0.00218200,7168.00,0.002132
1749262097,0.00218300,4745.00,0.002132
1749262097,0.00218400,142104.00,0.002132
1749262097,0.00218500,4740.00,0.002132
1749262097,0.00218600,7383.00,0.002132
1749262097,0.00218700,49544.00,0.002132
1749262097,0.00218800,17088.00,0.002132
1749262097,0.00218900,508925.00,0.002132
1749262097,0.00219000,10425.00,0.002132
1749262097,0.00219100,4731.00,0.002132
1749262097,0.00219200,4731.00,0.002132
1749262097,0.00219300,11152.00,0.002132
1749262097,0.00219400,454572.00,0.002132
1749262097,0.00219500,12523.00,0.002132
1749262097,0.00219600,115820.00,0.002132
1749262097,0.00219700,4714.00,0.002132
1749262097,0.00219800,4709.00,0.002132
1749262097,0.00219900,9838.00,0.002132
1749262097,0.00220000,465024.00,0.002132
1749262097,0.00220100,4705.00,0.002132
1749262097,0.00220200,4703.00,0.002132
1749262097,0.00220300,11515.00,0.002132
1749262097,0.00220400,9754.00,0.002132
1749262097,0.00220500,4694.00,0.002132
1749262097,0.00220600,4694.00,0.002132
1749262097,0.00220700,10478.00,0.002132
1749262097,0.00220800,4689.00,0.002132
1749262097,0.00220900,11608.00,0.002132
1749262097,0.00221100,9740.00,0.002132
1749262097,0.00221200,29409.00,0.002132
1749262097,0.00221300,541514.00,0.002132
1749262097,0.00221400,50070.00,0.002132
1749262097,0.00221500,7222.00,0.002132
1749262097,0.00221600,448815.00,0.002132
1749262097,0.00221700,4194.00,0.002132
1749262097,0.00221900,402543.00,0.002132
1749262097,0.00222000,7920.00,0.002132
1749262097,0.00222300,114957.00,0.002132
1749262097,0.00222400,11140.00,0.002132
1749262097,0.00222600,13389.00,0.002132
1749262097,0.00222800,2515.00,0.002132
1749262097,0.00223000,9291.00,0.002132
1749262097,0.00223100,4194.00,0.002132
1749262097,0.00223200,40628.00,0.002132
1749262097,0.00223300,20896.00,0.002132
1749262097,0.00223600,5019.00,0.002132
1749262097,0.00223700,2621.00,0.002132
1749262097,0.00223800,4901.00,0.002132
1749262097,0.00223900,575633.00,0.002132
1749262097,0.00224000,936290.00,0.002132
1749262097,0.00224100,40940.00,0.002132
1749262097,0.00224200,5700.00,0.002132
1749262399,0.00214100,234983.00,0.002141
1749262399,0.00214200,3426145.00,0.002141
1749262399,0.00214300,1965671.00,0.002141
1749262399,0.00214400,3698904.00,0.002141
1749262399,0.00214500,3150871.00,0.002141
1749262399,0.00214600,2664183.00,0.002141
1749262399,0.00214700,8029784.00,0.002141
1749262399,0.00214800,1024897.00,0.002141
1749262399,0.00214900,4548480.00,0.002141
1749262399,0.00215000,869748.00,0.002141
1749262399,0.00215100,677372.00,0.002141
1749262399,0.00215200,5226816.00,0.002141
1749262399,0.00215300,789764.00,0.002141
1749262399,0.00215400,489351.00,0.002141
1749262399,0.00215500,1295812.00,0.002141
1749262399,0.00215600,213335.00,0.002141
1749262399,0.00215700,267464.00,0.002141
1749262399,0.00215800,643925.00,0.002141
1749262399,0.00215900,2583212.00,0.002141
1749262399,0.00216000,554867.00,0.002141
1749262399,0.00216100,451375.00,0.002141
1749262399,0.00216200,190003.00,0.002141
1749262399,0.00216300,391635.00,0.002141
1749262399,0.00216400,169573.00,0.002141
1749262399,0.00216500,172095.00,0.002141
1749262399,0.00216600,4717.00,0.002141
1749262399,0.00216700,167653.00,0.002141
1749262399,0.00216800,10038.00,0.002141
1749262399,0.00216900,189960.00,0.002141
1749262399,0.00217000,239192.00,0.002141
1749262399,0.00217100,7338.00,0.002141
1749262399,0.00217200,306817.00,0.002141
1749262399,0.00217300,4768.00,0.002141
1749262399,0.00217400,4765.00,0.002141
1749262399,0.00217500,161957.00,0.002141
1749262399,0.00217600,10967.00,0.002141
1749262399,0.00217700,180760.00,0.002141
1749262399,0.00217800,483711.00,0.002141
1749262399,0.00217900,157754.00,0.002141
1749262399,0.00218000,212102.00,0.002141
1749262399,0.00218100,4749.00,0.002141
1749262399,0.00218200,7168.00,0.002141
1749262399,0.00218300,157745.00,0.002141
1749262399,0.00218400,295104.00,0.002141
1749262399,0.00218500,113934.00,0.002141
1749262399,0.00218600,7383.00,0.002141
1749262399,0.00218700,202544.00,0.002141
1749262399,0.00218800,17088.00,0.002141
1749262399,0.00218900,508925.00,0.002141
1749262399,0.00219000,10425.00,0.002141
1749262399,0.00219100,4731.00,0.002141
1749262399,0.00219200,4731.00,0.002141
1749262399,0.00219300,11152.00,0.002141
1749262399,0.00219400,4720.00,0.002141
1749262399,0.00219500,12523.00,0.002141
1749262399,0.00219600,7231.00,0.002141
1749262399,0.00219700,4714.00,0.002141
1749262399,0.00219800,4709.00,0.002141
1749262399,0.00219900,9838.00,0.002141
1749262399,0.00220000,914876.00,0.002141
1749262399,0.00220100,4705.00,0.002141
1749262399,0.00220200,113292.00,0.002141
1749262399,0.00220300,11515.00,0.002141
1749262399,0.00220400,9754.00,0.002141
1749262399,0.00220500,4694.00,0.002141
1749262399,0.00220600,4694.00,0.002141
1749262399,0.00220700,10478.00,0.002141
1749262399,0.00220800,4689.00,0.002141
1749262399,0.00220900,11608.00,0.002141
1749262399,0.00221000,4685.00,0.002141
1749262399,0.00221100,14423.00,0.002141
1749262399,0.00221200,34090.00,0.002141
1749262399,0.00221300,546192.00,0.002141
1749262399,0.00221400,54746.00,0.002141
1749262399,0.00221500,11896.00,0.002141
1749262399,0.00221600,4672.00,0.002141
1749262399,0.00221700,4194.00,0.002141
1749262399,0.00221900,285007.00,0.002141
1749262399,0.00222000,7920.00,0.002141
1749262399,0.00222200,448815.00,0.002141
1749262399,0.00222300,114957.00,0.002141
1749262399,0.00222400,11140.00,0.002141
1749262399,0.00222500,117536.00,0.002141
1749262399,0.00222600,13389.00,0.002141
1749262399,0.00222800,2515.00,0.002141
1749262399,0.00223000,9291.00,0.002141
1749262399,0.00223100,4194.00,0.002141
1749262399,0.00223200,40628.00,0.002141
1749262399,0.00223300,20896.00,0.002141
1749262399,0.00223600,5019.00,0.002141
1749262399,0.00223700,2621.00,0.002141
1749262399,0.00223800,4901.00,0.002141
1749262399,0.00224000,936290.00,0.002141
1749262399,0.00224100,40940.00,0.002141
1749262399,0.00224200,5700.00,0.002141
1749262399,0.00224300,4458.00,0.002141
1749262399,0.00224400,2781.00,0.002141
1749262399,0.00224500,582342.00,0.002141
1749262399,0.00224800,3778.00,0.002141
1749262399,0.00224900,500000.00,0.002141
1749262703,0.00214700,208035.00,0.002146
1749262703,0.00214800,3543601.00,0.002146
1749262703,0.00214900,2866563.00,0.002146
1749262703,0.00215000,6019893.00,0.002146
1749262703,0.00215100,3917767.00,0.002146
1749262703,0.00215200,702701.00,0.002146
1749262703,0.00215300,7234875.00,0.002146
1749262703,0.00215400,1137147.00,0.002146
1749262703,0.00215500,816634.00,0.002146
1749262703,0.00215600,2606399.00,0.002146
1749262703,0.00215700,4326039.00,0.002146
1749262703,0.00215800,2806628.00,0.002146
1749262703,0.00215900,469828.00,0.002146
1749262703,0.00216000,483796.00,0.002146
1749262703,0.00216100,1118504.00,0.002146
1749262703,0.00216200,216623.00,0.002146
1749262703,0.00216300,395136.00,0.002146
1749262703,0.00216400,639598.00,0.002146
1749262703,0.00216500,175593.00,0.002146
1749262703,0.00216600,2407983.00,0.002146
1749262703,0.00216700,171148.00,0.002146
1749262703,0.00216800,10038.00,0.002146
1749262703,0.00216900,157717.00,0.002146
1749262703,0.00217000,239192.00,0.002146
1749262703,0.00217100,160338.00,0.002146
1749262703,0.00217200,165587.00,0.002146
1749262703,0.00217300,4768.00,0.002146
1749262703,0.00217400,4765.00,0.002146
1749262703,0.00217500,161957.00,0.002146
1749262703,0.00217600,10967.00,0.002146
1749262703,0.00217700,227823.00,0.002146
1749262703,0.00217800,624561.00,0.002146
1749262703,0.00217900,157754.00,0.002146
1749262703,0.00218000,212102.00,0.002146
1749262703,0.00218100,4749.00,0.002146
1749262703,0.00218200,7168.00,0.002146
1749262703,0.00218300,157745.00,0.002146
1749262703,0.00218400,160263.00,0.002146
1749262703,0.00218500,266934.00,0.002146
1749262703,0.00218600,7383.00,0.002146
1749262703,0.00218700,202544.00,0.002146
1749262703,0.00218800,17088.00,0.002146
1749262703,0.00218900,661925.00,0.002146
1749262703,0.00219000,10425.00,0.002146
1749262703,0.00219100,157731.00,0.002146
1749262703,0.00219200,4731.00,0.002146
1749262703,0.00219300,300937.00,0.002146
1749262703,0.00219400,4720.00,0.002146
1749262703,0.00219500,165523.00,0.002146
1749262703,0.00219600,7231.00,0.002146
1749262703,0.00219700,4714.00,0.002146
1749262703,0.00219800,4709.00,0.002146
1749262703,0.00219900,9838.00,0.002146
1749262703,0.00220000,465024.00,0.002146
1749262703,0.00220100,4705.00,0.002146
1749262703,0.00220200,4703.00,0.002146
1749262703,0.00220300,11515.00,0.002146
1749262703,0.00220400,9754.00,0.002146
1749262703,0.00220500,4694.00,0.002146
1749262703,0.00220600,454546.00,0.002146
1749262703,0.00220700,10478.00,0.002146
1749262703,0.00220800,113278.00,0.002146
1749262703,0.00220900,11608.00,0.002146
1749262703,0.00221000,4685.00,0.002146
1749262703,0.00221100,14423.00,0.002146
1749262703,0.00221200,34090.00,0.002146
1749262703,0.00221300,546192.00,0.002146
1749262703,0.00221400,54746.00,0.002146
1749262703,0.00221500,11896.00,0.002146
1749262703,0.00221600,4672.00,0.002146
1749262703,0.00221700,8864.00,0.002146
1749262703,0.00221800,4667.00,0.002146
1749262703,0.00221900,289672.00,0.002146
1749262703,0.00222000,12583.00,0.002146
1749262703,0.00222100,4661.00,0.002146
1749262703,0.00222200,4659.00,0.002146
1749262703,0.00222300,114957.00,0.002146
1749262703,0.00222400,11140.00,0.002146
1749262703,0.00222600,13389.00,0.002146
1749262703,0.00222800,451330.00,0.002146
1749262703,0.00223000,9291.00,0.002146
1749262703,0.00223100,121730.00,0.002146
1749262703,0.00223200,40628.00,0.002146
1749262703,0.00223300,20896.00,0.002146
1749262703,0.00223600,5019.00,0.002146
1749262703,0.00223700,2621.00,0.002146
1749262703,0.00223800,4901.00,0.002146
1749262703,0.00224000,936290.00,0.002146
1749262703,0.00224100,40940.00,0.002146
1749262703,0.00224200,5700.00,0.002146
1749262703,0.00224300,4458.00,0.002146
1749262703,0.00224400,2781.00,0.002146
1749262703,0.00224500,6709.00,0.002146
1749262703,0.00224800,3778.00,0.002146
1749262703,0.00224900,500000.00,0.002146
1749262703,0.00225000,172322.00,0.002146
1749262703,0.00225100,575633.00,0.002146
1749262703,0.00225300,10115.00,0.002146
1749262703,0.00225400,6781.00,0.002146
1749262703,0.00225500,9549.00,0.002146
1749263012,0.00214700,153000.00,0.002146
1749263012,0.00214800,2096064.00,0.002146
1749263012,0.00214900,4430712.00,0.002146
1749263012,0.00215000,3421306.00,0.002146
1749263012,0.00215100,5712141.00,0.002146
1749263012,0.00215200,4467973.00,0.002146
1749263012,0.00215300,7477723.00,0.002146
1749263012,0.00215400,621891.00,0.002146
1749263012,0.00215500,1280153.00,0.002146
1749263012,0.00215600,1906599.00,0.002146
1749263012,0.00215700,4505712.00,0.002146
1749263012,0.00215800,222200.00,0.002146
1749263012,0.00215900,520869.00,0.002146
1749263012,0.00216000,1984293.00,0.002146
1749263012,0.00216100,2869416.00,0.002146
1749263012,0.00216200,240386.00,0.002146
1749263012,0.00216300,410061.00,0.002146
1749263012,0.00216400,173072.00,0.002146
1749263012,0.00216500,642119.00,0.002146
1749263012,0.00216600,8215.00,0.002146
1749263012,0.00216700,171148.00,0.002146
1749263012,0.00216800,2407366.00,0.002146
1749263012,0.00216900,173583.00,0.002146
1749263012,0.00217000,239192.00,0.002146
1749263012,0.00217100,160338.00,0.002146
1749263012,0.00217200,165587.00,0.002146
1749263012,0.00217300,4768.00,0.002146
1749263012,0.00217400,4765.00,0.002146
1749263012,0.00217500,161957.00,0.002146
1749263012,0.00217600,10967.00,0.002146
1749263012,0.00217700,197069.00,0.002146
1749263012,0.00217800,624481.00,0.002146
1749263012,0.00217900,157754.00,0.002146
1749263012,0.00218000,212102.00,0.002146
1749263012,0.00218100,4749.00,0.002146
1749263012,0.00218200,7168.00,0.002146
1749263012,0.00218300,157745.00,0.002146
1749263012,0.00218400,7263.00,0.002146
1749263012,0.00218500,266934.00,0.002146
1749263012,0.00218600,7383.00,0.002146
1749263012,0.00218700,202544.00,0.002146
1749263012,0.00218800,17088.00,0.002146
1749263012,0.00218900,661925.00,0.002146
1749263012,0.00219000,10425.00,0.002146
1749263012,0.00219100,157731.00,0.002146
1749263012,0.00219200,4731.00,0.002146
1749263012,0.00219300,300937.00,0.002146
1749263012,0.00219400,4720.00,0.002146
1749263012,0.00219500,165523.00,0.002146
1749263012,0.00219600,7231.00,0.002146
1749263012,0.00219700,4714.00,0.002146
1749263012,0.00219800,4709.00,0.002146
1749263012,0.00219900,9838.00,0.002146
1749263012,0.00220000,465024.00,0.002146
1749263012,0.00220100,4705.00,0.002146
1749263012,0.00220200,4703.00,0.002146
1749263012,0.00220300,11515.00,0.002146
1749263012,0.00220400,9754.00,0.002146
1749263012,0.00220500,4694.00,0.002146
1749263012,0.00220600,454546.00,0.002146
1749263012,0.00220700,10478.00,0.002146
1749263012,0.00220800,113278.00,0.002146
1749263012,0.00220900,11608.00,0.002146
1749263012,0.00221000,4685.00,0.002146
1749263012,0.00221100,14423.00,0.002146
1749263012,0.00221200,34090.00,0.002146
1749263012,0.00221300,546192.00,0.002146
1749263012,0.00221400,54746.00,0.002146
1749263012,0.00221500,11896.00,0.002146
1749263012,0.00221600,4672.00,0.002146
1749263012,0.00221700,8864.00,0.002146
1749263012,0.00221800,4667.00,0.002146
1749263012,0.00221900,289672.00,0.002146
1749263012,0.00222000,12583.00,0.002146
1749263012,0.00222100,4661.00,0.002146
1749263012,0.00222200,4659.00,0.002146
1749263012,0.00222300,114957.00,0.002146
1749263012,0.00222400,11140.00,0.002146
1749263012,0.00222600,13389.00,0.002146
1749263012,0.00222800,451330.00,0.002146
1749263012,0.00223000,9291.00,0.002146
1749263012,0.00223100,121730.00,0.002146
1749263012,0.00223200,40628.00,0.002146
1749263012,0.00223300,20896.00,0.002146
1749263012,0.00223600,5019.00,0.002146
1749263012,0.00223700,2621.00,0.002146
1749263012,0.00223800,4901.00,0.002146
1749263012,0.00224000,936290.00,0.002146
1749263012,0.00224100,40940.00,0.002146
1749263012,0.00224200,5700.00,0.002146
1749263012,0.00224300,4458.00,0.002146
1749263012,0.00224400,2781.00,0.002146
1749263012,0.00224500,6709.00,0.002146
1749263012,0.00224800,3778.00,0.002146
1749263012,0.00224900,500000.00,0.002146
1749263012,0.00225000,172322.00,0.002146
1749263012,0.00225100,575633.00,0.002146
1749263012,0.00225300,10115.00,0.002146
1749263012,0.00225400,6781.00,0.002146
1749263012,0.00225500,9549.00,0.002146
1749263320,0.00214900,477143.00,0.002149
1749263320,0.00215000,2867697.00,0.002149
1749263320,0.00215100,1736554.00,0.002149
1749263320,0.00215200,4245478.00,0.002149
1749263320,0.00215300,4655228.00,0.002149
1749263320,0.00215400,2038369.00,0.002149
1749263320,0.00215500,5447369.00,0.002149
1749263320,0.00215600,3909271.00,0.002149
1749263320,0.00215700,4234211.00,0.002149
1749263320,0.00215800,2149662.00,0.002149
1749263320,0.00215900,759826.00,0.002149
1749263320,0.00216000,1028135.00,0.002149
1749263320,0.00216100,494402.00,0.002149
1749263320,0.00216200,3050310.00,0.002149
1749263320,0.00216300,391262.00,0.002149
1749263320,0.00216400,243047.00,0.002149
1749263320,0.00216500,175593.00,0.002149
1749263320,0.00216600,1305130.00,0.002149
1749263320,0.00216700,637674.00,0.002149
1749263320,0.00216800,2425933.00,0.002149
1749263320,0.00216900,161208.00,0.002149
1749263320,0.00217000,317539.00,0.002149
1749263320,0.00217100,160338.00,0.002149
1749263320,0.00217200,165587.00,0.002149
1749263320,0.00217300,4768.00,0.002149
1749263320,0.00217400,4765.00,0.002149
1749263320,0.00217500,161957.00,0.002149
1749263320,0.00217600,163967.00,0.002149
1749263320,0.00217700,180760.00,0.002149
1749263320,0.00217800,221045.00,0.002149
1749263320,0.00217900,298514.00,0.002149
1749263320,0.00218000,212102.00,0.002149
1749263320,0.00218100,4749.00,0.002149
1749263320,0.00218200,7168.00,0.002149
1749263320,0.00218300,157745.00,0.002149
1749263320,0.00218400,7263.00,0.002149
1749263320,0.00218500,157740.00,0.002149
1749263320,0.00218600,454811.00,0.002149
1749263320,0.00218700,202544.00,0.002149
1749263320,0.00218800,19608.00,0.002149
1749263320,0.00218900,661925.00,0.002149
1749263320,0.00219000,10425.00,0.002149
1749263320,0.00219100,266925.00,0.002149
1749263320,0.00219200,4731.00,0.002149
1749263320,0.00219300,300937.00,0.002149
1749263320,0.00219400,4720.00,0.002149
1749263320,0.00219500,12523.00,0.002149
1749263320,0.00219600,7231.00,0.002149
1749263320,0.00219700,4714.00,0.002149
1749263320,0.00219800,4709.00,0.002149
1749263320,0.00219900,9838.00,0.002149
1749263320,0.00220000,465024.00,0.002149
1749263320,0.00220100,4705.00,0.002149
1749263320,0.00220200,4703.00,0.002149
1749263320,0.00220300,11515.00,0.002149
1749263320,0.00220400,9754.00,0.002149
1749263320,0.00220500,4694.00,0.002149
1749263320,0.00220600,454546.00,0.002149
1749263320,0.00220700,10478.00,0.002149
1749263320,0.00220800,113278.00,0.002149
1749263320,0.00220900,11608.00,0.002149
1749263320,0.00221000,4685.00,0.002149
1749263320,0.00221100,14423.00,0.002149
1749263320,0.00221200,34090.00,0.002149
1749263320,0.00221300,546192.00,0.002149
1749263320,0.00221400,54746.00,0.002149
1749263320,0.00221500,11896.00,0.002149
1749263320,0.00221600,4672.00,0.002149
1749263320,0.00221700,8864.00,0.002149
1749263320,0.00221800,4667.00,0.002149
1749263320,0.00221900,289672.00,0.002149
1749263320,0.00222000,12583.00,0.002149
1749263320,0.00222100,4661.00,0.002149
1749263320,0.00222200,4659.00,0.002149
1749263320,0.00222300,119616.00,0.002149
1749263320,0.00222400,15794.00,0.002149
1749263320,0.00222600,13389.00,0.002149
1749263320,0.00222800,451330.00,0.002149
1749263320,0.00223000,9291.00,0.002149
1749263320,0.00223100,121730.00,0.002149
1749263320,0.00223200,40628.00,0.002149
1749263320,0.00223300,20896.00,0.002149
1749263320,0.00223600,5019.00,0.002149
1749263320,0.00223700,2621.00,0.002149
1749263320,0.00223800,4901.00,0.002149
1749263320,0.00224000,936290.00,0.002149
1749263320,0.00224100,40940.00,0.002149
1749263320,0.00224200,5700.00,0.002149
1749263320,0.00224300,4458.00,0.002149
1749263320,0.00224400,2781.00,0.002149
1749263320,0.00224500,6709.00,0.002149
1749263320,0.00224800,3778.00,0.002149
1749263320,0.00224900,500000.00,0.002149
1749263320,0.00225000,172322.00,0.002149
1749263320,0.00225100,575633.00,0.002149
1749263320,0.00225300,10115.00,0.002149
1749263320,0.00225400,6781.00,0.002149
1749263320,0.00225500,9549.00,0.002149
1749263320,0.00225600,13297.00,0.002149
1749263320,0.00225800,37885.00,0.002149
1749263622,0.00214500,228531.00,0.002145
1749263622,0.00214600,1611771.00,0.002145
1749263622,0.00214700,3689300.00,0.002145
1749263622,0.00214800,3362586.00,0.002145
1749263622,0.00214900,3289968.00,0.002145
1749263622,0.00215000,3638144.00,0.002145
1749263622,0.00215100,4720809.00,0.002145
1749263622,0.00215200,1329269.00,0.002145
1749263622,0.00215300,5740163.00,0.002145
1749263622,0.00215400,1944307.00,0.002145
1749263622,0.00215500,1866541.00,0.002145
1749263622,0.00215600,446702.00,0.002145
1749263622,0.00215700,4649139.00,0.002145
1749263622,0.00215800,3272221.00,0.002145
1749263622,0.00215900,524360.00,0.002145
1749263622,0.00216000,541782.00,0.002145
1749263622,0.00216100,447501.00,0.002145
1749263622,0.00216200,423551.00,0.002145
1749263622,0.00216300,391262.00,0.002145
1749263622,0.00216400,3040671.00,0.002145
1749263622,0.00216500,190956.00,0.002145
1749263622,0.00216600,1305130.00,0.002145
1749263622,0.00216700,171148.00,0.002145
1749263622,0.00216800,13531.00,0.002145
1749263622,0.00216900,176564.00,0.002145
1749263622,0.00217000,317539.00,0.002145
1749263622,0.00217100,160338.00,0.002145
1749263622,0.00217200,165587.00,0.002145
1749263622,0.00217300,4768.00,0.002145
1749263622,0.00217400,4765.00,0.002145
1749263622,0.00217500,302887.00,0.002145
1749263622,0.00217600,163967.00,0.002145
1749263622,0.00217700,180760.00,0.002145
1749263622,0.00217800,189387.00,0.002145
1749263622,0.00217900,157754.00,0.002145
1749263622,0.00218000,212102.00,0.002145
1749263622,0.00218100,4749.00,0.002145
1749263622,0.00218200,7168.00,0.002145
1749263622,0.00218300,157745.00,0.002145
1749263622,0.00218400,7263.00,0.002145
1749263622,0.00218500,174034.00,0.002145
1749263622,0.00218600,454811.00,0.002145
1749263622,0.00218700,202544.00,0.002145
1749263622,0.00218800,19608.00,0.002145
1749263622,0.00218900,508925.00,0.002145
1749263622,0.00219000,10425.00,0.002145
1749263622,0.00219100,113925.00,0.002145
1749263622,0.00219200,4731.00,0.002145
1749263622,0.00219300,147937.00,0.002145
1749263622,0.00219400,4720.00,0.002145
1749263622,0.00219500,12523.00,0.002145
1749263622,0.00219600,7231.00,0.002145
1749263622,0.00219700,4714.00,0.002145
1749263622,0.00219800,4709.00,0.002145
1749263622,0.00219900,9838.00,0.002145
1749263622,0.00220000,465024.00,0.002145
1749263622,0.00220100,4705.00,0.002145
1749263622,0.00220200,4703.00,0.002145
1749263622,0.00220300,11515.00,0.002145
1749263622,0.00220400,9754.00,0.002145
1749263622,0.00220500,4694.00,0.002145
1749263622,0.00220600,4694.00,0.002145
1749263622,0.00220700,10478.00,0.002145
1749263622,0.00220800,4689.00,0.002145
1749263622,0.00220900,11608.00,0.002145
1749263622,0.00221000,4685.00,0.002145
1749263622,0.00221100,14423.00,0.002145
1749263622,0.00221200,483942.00,0.002145
1749263622,0.00221300,546192.00,0.002145
1749263622,0.00221400,163335.00,0.002145
1749263622,0.00221500,11896.00,0.002145
1749263622,0.00221600,4672.00,0.002145
1749263622,0.00221700,8864.00,0.002145
1749263622,0.00221800,4667.00,0.002145
1749263622,0.00221900,289672.00,0.002145
1749263622,0.00222000,12583.00,0.002145
1749263622,0.00222300,114957.00,0.002145
1749263622,0.00222400,11140.00,0.002145
1749263622,0.00222600,13389.00,0.002145
1749263622,0.00222800,451330.00,0.002145
1749263622,0.00223000,9291.00,0.002145
1749263622,0.00223100,121730.00,0.002145
1749263622,0.00223200,40628.00,0.002145
1749263622,0.00223300,20896.00,0.002145
1749263622,0.00223600,5019.00,0.002145
1749263622,0.00223700,2621.00,0.002145
1749263622,0.00223800,4901.00,0.002145
1749263622,0.00224000,936290.00,0.002145
1749263622,0.00224100,40940.00,0.002145
1749263622,0.00224200,5700.00,0.002145
1749263622,0.00224300,4458.00,0.002145
1749263622,0.00224400,2781.00,0.002145
1749263622,0.00224500,6709.00,0.002145
1749263622,0.00224800,3778.00,0.002145
1749263622,0.00224900,500000.00,0.002145
1749263622,0.00225000,172322.00,0.002145
1749263622,0.00225100,575633.00,0.002145
1749263622,0.00225300,10115.00,0.002145
1749263622,0.00225400,6781.00,0.002145
1749263622,0.00225500,9549.00,0.002145
1749263929,0.00215000,528070.00,0.002149
1749263929,0.00215100,2631888.00,0.002149
1749263929,0.00215200,4196339.00,0.002149
1749263929,0.00215300,3308651.00,0.002149
1749263929,0.00215400,2508942.00,0.002149
1749263929,0.00215500,4598138.00,0.002149
1749263929,0.00215600,3824240.00,0.002149
1749263929,0.00215700,988710.00,0.002149
1749263929,0.00215800,737018.00,0.002149
1749263929,0.00215900,3715138.00,0.002149
1749263929,0.00216000,5692564.00,0.002149
1749263929,0.00216100,960315.00,0.002149
1749263929,0.00216200,470408.00,0.002149
1749263929,0.00216300,3088468.00,0.002149
1749263929,0.00216400,219907.00,0.002149
1749263929,0.00216500,222385.00,0.002149
1749263929,0.00216600,1328201.00,0.002149
1749263929,0.00216700,171148.00,0.002149
1749263929,0.00216800,632840.00,0.002149
1749263929,0.00216900,2557027.00,0.002149
1749263929,0.00217000,335913.00,0.002149
1749263929,0.00217100,163828.00,0.002149
1749263929,0.00217200,162825.00,0.002149
1749263929,0.00217300,4768.00,0.002149
1749263929,0.00217400,4765.00,0.002149
1749263929,0.00217500,161957.00,0.002149
1749263929,0.00217600,160291.00,0.002149
1749263929,0.00217700,180760.00,0.002149
1749263929,0.00217800,189387.00,0.002149
1749263929,0.00217900,189847.00,0.002149
1749263929,0.00218000,352712.00,0.002149
1749263929,0.00218100,4749.00,0.002149
1749263929,0.00218200,7168.00,0.002149
1749263929,0.00218300,157745.00,0.002149
1749263929,0.00218400,7263.00,0.002149
1749263929,0.00218500,157740.00,0.002149
1749263929,0.00218600,454811.00,0.002149
1749263929,0.00218700,202544.00,0.002149
1749263929,0.00218800,19608.00,0.002149
1749263929,0.00218900,661925.00,0.002149
1749263929,0.00219000,7229.00,0.002149
1749263929,0.00219100,266925.00,0.002149
1749263929,0.00219200,4731.00,0.002149
1749263929,0.00219300,297289.00,0.002149
1749263929,0.00219400,4720.00,0.002149
1749263929,0.00219500,12523.00,0.002149
1749263929,0.00219600,7231.00,0.002149
1749263929,0.00219700,4714.00,0.002149
1749263929,0.00219800,4709.00,0.002149
1749263929,0.00219900,9838.00,0.002149
1749263929,0.00220000,465024.00,0.002149
1749263929,0.00220100,4705.00,0.002149
1749263929,0.00220200,4703.00,0.002149
1749263929,0.00220300,11515.00,0.002149
1749263929,0.00220400,9754.00,0.002149
1749263929,0.00220500,4694.00,0.002149
1749263929,0.00220600,4694.00,0.002149
1749263929,0.00220700,10478.00,0.002149
1749263929,0.00220800,4689.00,0.002149
1749263929,0.00220900,11608.00,0.002149
1749263929,0.00221000,4685.00,0.002149
1749263929,0.00221100,14423.00,0.002149
1749263929,0.00221200,483942.00,0.002149
1749263929,0.00221300,7323.00,0.002149
1749263929,0.00221400,158818.00,0.002149
1749263929,0.00221500,11896.00,0.002149
1749263929,0.00221600,4672.00,0.002149
1749263929,0.00221700,8864.00,0.002149
1749263929,0.00221800,4667.00,0.002149
1749263929,0.00221900,285165.00,0.002149
1749263929,0.00222000,12583.00,0.002149
1749263929,0.00222100,4661.00,0.002149
1749263929,0.00222200,4659.00,0.002149
1749263929,0.00222300,119614.00,0.002149
1749263929,0.00222400,15792.00,0.002149
1749263929,0.00222500,4652.00,0.002149
1749263929,0.00222600,13389.00,0.002149
1749263929,0.00222800,2515.00,0.002149
1749263929,0.00222900,532590.00,0.002149
1749263929,0.00223000,9291.00,0.002149
1749263929,0.00223100,121730.00,0.002149
1749263929,0.00223200,40628.00,0.002149
1749263929,0.00223300,17313.00,0.002149
1749263929,0.00223400,448815.00,0.002149
1749263929,0.00223600,5019.00,0.002149
1749263929,0.00223700,2621.00,0.002149
1749263929,0.00223800,4901.00,0.002149
1749263929,0.00224000,936290.00,0.002149
1749263929,0.00224100,40940.00,0.002149
1749263929,0.00224200,5700.00,0.002149
1749263929,0.00224300,4458.00,0.002149
1749263929,0.00224400,2781.00,0.002149
1749263929,0.00224500,6709.00,0.002149
1749263929,0.00224800,3778.00,0.002149
1749263929,0.00224900,500000.00,0.002149
1749263929,0.00225000,172322.00,0.002149
1749263929,0.00225100,575633.00,0.002149
1749263929,0.00225300,10115.00,0.002149
1749263929,0.00225400,6781.00,0.002149
1749263929,0.00225500,9549.00,0.002149
1749264230,0.00214500,433460.00,0.002145
1749264230,0.00214600,1470265.00,0.002145
1749264230,0.00214700,2342909.00,0.002145
1749264230,0.00214800,5115755.00,0.002145
1749264230,0.00214900,3365179.00,0.002145
1749264230,0.00215000,3237851.00,0.002145
1749264230,0.00215100,2656773.00,0.002145
1749264230,0.00215200,675752.00,0.002145
1749264230,0.00215300,3434926.00,0.002145
1749264230,0.00215400,901000.00,0.002145
1749264230,0.00215500,3632613.00,0.002145
1749264230,0.00215600,7572197.00,0.002145
1749264230,0.00215700,441600.00,0.002145
1749264230,0.00215800,1151694.00,0.002145
1749264230,0.00215900,3223401.00,0.002145
1749264230,0.00216000,474986.00,0.002145
1749264230,0.00216100,450991.00,0.002145
1749264230,0.00216200,423551.00,0.002145
1749264230,0.00216300,391262.00,0.002145
1749264230,0.00216400,173072.00,0.002145
1749264230,0.00216500,3042171.00,0.002145
1749264230,0.00216600,1320014.00,0.002145
1749264230,0.00216700,171148.00,0.002145
1749264230,0.00216800,166531.00,0.002145
1749264230,0.00216900,161208.00,0.002145
1749264230,0.00217000,336378.00,0.002145
1749264230,0.00217100,163828.00,0.002145
1749264230,0.00217200,162825.00,0.002145
1749264230,0.00217300,4768.00,0.002145
1749264230,0.00217400,4765.00,0.002145
1749264230,0.00217500,161957.00,0.002145
1749264230,0.00217600,301181.00,0.002145
1749264230,0.00217700,180760.00,0.002145
1749264230,0.00217800,189387.00,0.002145
1749264230,0.00217900,157754.00,0.002145
1749264230,0.00218000,212102.00,0.002145
1749264230,0.00218100,4749.00,0.002145
1749264230,0.00218200,7168.00,0.002145
1749264230,0.00218300,157745.00,0.002145
1749264230,0.00218400,7263.00,0.002145
1749264230,0.00218500,174012.00,0.002145
1749264230,0.00218600,454811.00,0.002145
1749264230,0.00218700,202544.00,0.002145
1749264230,0.00218800,19608.00,0.002145
1749264230,0.00218900,508925.00,0.002145
1749264230,0.00219000,7229.00,0.002145
1749264230,0.00219100,113925.00,0.002145
1749264230,0.00219200,4731.00,0.002145
1749264230,0.00219300,144289.00,0.002145
1749264230,0.00219400,4720.00,0.002145
1749264230,0.00219500,12523.00,0.002145
1749264230,0.00219600,7231.00,0.002145
1749264230,0.00219700,4714.00,0.002145
1749264230,0.00219800,4709.00,0.002145
1749264230,0.00219900,9838.00,0.002145
1749264230,0.00220000,465024.00,0.002145
1749264230,0.00220100,4705.00,0.002145
1749264230,0.00220200,4703.00,0.002145
1749264230,0.00220300,11515.00,0.002145
1749264230,0.00220400,9754.00,0.002145
1749264230,0.00220500,4694.00,0.002145
1749264230,0.00220600,4694.00,0.002145
1749264230,0.00220700,10478.00,0.002145
1749264230,0.00220800,4689.00,0.002145
1749264230,0.00220900,11608.00,0.002145
1749264230,0.00221000,4685.00,0.002145
1749264230,0.00221100,14423.00,0.002145
1749264230,0.00221200,483942.00,0.002145
1749264230,0.00221300,7323.00,0.002145
1749264230,0.00221400,158818.00,0.002145
1749264230,0.00221500,11896.00,0.002145
1749264230,0.00221600,4672.00,0.002145
1749264230,0.00221700,8864.00,0.002145
1749264230,0.00221800,4667.00,0.002145
1749264230,0.00221900,285165.00,0.002145
1749264230,0.00222000,12583.00,0.002145
1749264230,0.00222300,114957.00,0.002145
1749264230,0.00222400,11140.00,0.002145
1749264230,0.00222600,13389.00,0.002145
1749264230,0.00222800,2515.00,0.002145
1749264230,0.00222900,532590.00,0.002145
1749264230,0.00223000,9291.00,0.002145
1749264230,0.00223100,121730.00,0.002145
1749264230,0.00223200,40628.00,0.002145
1749264230,0.00223300,17313.00,0.002145
1749264230,0.00223400,448815.00,0.002145
1749264230,0.00223600,5019.00,0.002145
1749264230,0.00223700,2621.00,0.002145
1749264230,0.00223800,4901.00,0.002145
1749264230,0.00224000,936290.00,0.002145
1749264230,0.00224100,40940.00,0.002145
1749264230,0.00224200,5700.00,0.002145
1749264230,0.00224300,4458.00,0.002145
1749264230,0.00224400,2781.00,0.002145
1749264230,0.00224500,6709.00,0.002145
1749264230,0.00224800,3778.00,0.002145
1749264230,0.00224900,500000.00,0.002145
1749264230,0.00225000,172322.00,0.002145
1749264230,0.00225100,575633.00,0.002145
1749264230,0.00225300,10115.00,0.002145
1749264532,0.00214900,258285.00,0.002149
1749264532,0.00215000,1408864.00,0.002149
1749264532,0.00215100,4248049.00,0.002149
1749264532,0.00215200,4566026.00,0.002149
1749264532,0.00215300,5949354.00,0.002149
1749264532,0.00215400,6975272.00,0.002149
1749264532,0.00215500,1730957.00,0.002149
1749264532,0.00215600,677815.00,0.002149
1749264532,0.00215700,1948534.00,0.002149
1749264532,0.00215800,643724.00,0.002149
1749264532,0.00215900,992502.00,0.002149
1749264532,0.00216000,5925077.00,0.002149
1749264532,0.00216100,3078167.00,0.002149
1749264532,0.00216200,1235883.00,0.002149
1749264532,0.00216300,391262.00,0.002149
1749264532,0.00216400,219907.00,0.002149
1749264532,0.00216500,245484.00,0.002149
1749264532,0.00216600,1305130.00,0.002149
1749264532,0.00216700,636805.00,0.002149
1749264532,0.00216800,414460.00,0.002149
1749264532,0.00216900,161208.00,0.002149
1749264532,0.00217000,2949203.00,0.002149
1749264532,0.00217100,163828.00,0.002149
1749264532,0.00217200,162825.00,0.002149
1749264532,0.00217300,4768.00,0.002149
1749264532,0.00217400,4765.00,0.002149
1749264532,0.00217500,161957.00,0.002149
1749264532,0.00217600,160291.00,0.002149
1749264532,0.00217700,180760.00,0.002149
1749264532,0.00217800,221023.00,0.002149
1749264532,0.00217900,298494.00,0.002149
1749264532,0.00218000,212102.00,0.002149
1749264532,0.00218100,4749.00,0.002149
1749264532,0.00218200,7168.00,0.002149
1749264532,0.00218300,157745.00,0.002149
1749264532,0.00218400,7263.00,0.002149
1749264532,0.00218500,4740.00,0.002149
1749264532,0.00218600,454811.00,0.002149
1749264532,0.00218700,202544.00,0.002149
1749264532,0.00218800,19608.00,0.002149
1749264532,0.00218900,661925.00,0.002149
1749264532,0.00219000,7229.00,0.002149
1749264532,0.00219100,266925.00,0.002149
1749264532,0.00219200,4731.00,0.002149
1749264532,0.00219300,144289.00,0.002149
1749264532,0.00219400,4720.00,0.002149
1749264532,0.00219500,12523.00,0.002149
1749264532,0.00219600,7231.00,0.002149
1749264532,0.00219700,4714.00,0.002149
1749264532,0.00219800,4709.00,0.002149
1749264532,0.00219900,9838.00,0.002149
1749264532,0.00220000,465024.00,0.002149
1749264532,0.00220100,4705.00,0.002149
1749264532,0.00220200,4703.00,0.002149
1749264532,0.00220300,11515.00,0.002149
1749264532,0.00220400,9754.00,0.002149
1749264532,0.00220500,4694.00,0.002149
1749264532,0.00220600,4694.00,0.002149
1749264532,0.00220700,10478.00,0.002149
1749264532,0.00220800,4689.00,0.002149
1749264532,0.00220900,11608.00,0.002149
1749264532,0.00221000,4685.00,0.002149
1749264532,0.00221100,14423.00,0.002149
1749264532,0.00221200,483942.00,0.002149
1749264532,0.00221300,7323.00,0.002149
1749264532,0.00221400,158818.00,0.002149
1749264532,0.00221500,11896.00,0.002149
1749264532,0.00221600,4672.00,0.002149
1749264532,0.00221700,8864.00,0.002149
1749264532,0.00221800,4667.00,0.002149
1749264532,0.00221900,285163.00,0.002149
1749264532,0.00222000,12583.00,0.002149
1749264532,0.00222100,4663.00,0.002149
1749264532,0.00222200,4659.00,0.002149
1749264532,0.00222300,119614.00,0.002149
1749264532,0.00222400,15794.00,0.002149
1749264532,0.00222600,13389.00,0.002149
1749264532,0.00222800,451330.00,0.002149
1749264532,0.00222900,532590.00,0.002149
1749264532,0.00223000,9291.00,0.002149
1749264532,0.00223100,121730.00,0.002149
1749264532,0.00223200,40628.00,0.002149
1749264532,0.00223300,17313.00,0.002149
1749264532,0.00223600,5019.00,0.002149
1749264532,0.00223700,2621.00,0.002149
1749264532,0.00223800,4901.00,0.002149
1749264532,0.00224000,936290.00,0.002149
1749264532,0.00224100,40940.00,0.002149
1749264532,0.00224200,5700.00,0.002149
1749264532,0.00224300,4458.00,0.002149
1749264532,0.00224400,2781.00,0.002149
1749264532,0.00224500,6709.00,0.002149
1749264532,0.00224800,3778.00,0.002149
1749264532,0.00224900,500000.00,0.002149
1749264532,0.00225000,172322.00,0.002149
1749264532,0.00225100,575633.00,0.002149
1749264532,0.00225300,10115.00,0.002149
1749264532,0.00225400,6781.00,0.002149
1749264532,0.00225500,9549.00,0.002149
1749264532,0.00225600,13297.00,0.002149
1749264834,0.00215600,698917.00,0.002155
1749264834,0.00215700,2736533.00,0.002155
1749264834,0.00215800,3637625.00,0.002155
1749264834,0.00215900,4018275.00,0.002155
1749264834,0.00216000,5855089.00,0.002155
1749264834,0.00216100,6432195.00,0.002155
1749264834,0.00216200,1715636.00,0.002155
1749264834,0.00216300,1172058.00,0.002155
1749264834,0.00216400,4105566.00,0.002155
1749264834,0.00216500,2147833.00,0.002155
1749264834,0.00216600,553816.00,0.002155
1749264834,0.00216700,563818.00,0.002155
1749264834,0.00216800,396575.00,0.002155
1749264834,0.00216900,3008602.00,0.002155
1749264834,0.00217000,613946.00,0.002155
1749264834,0.00217100,900957.00,0.002155
1749264834,0.00217200,1297176.00,0.002155
1749264834,0.00217300,161253.00,0.002155
1749264834,0.00217400,492324.00,0.002155
1749264834,0.00217500,165439.00,0.002155
1749264834,0.00217600,178657.00,0.002155
1749264834,0.00217700,2564165.00,0.002155
1749264834,0.00217800,189387.00,0.002155
1749264834,0.00217900,157754.00,0.002155
1749264834,0.00218000,212102.00,0.002155
1749264834,0.00218100,4749.00,0.002155
1749264834,0.00218200,7168.00,0.002155
1749264834,0.00218300,157745.00,0.002155
1749264834,0.00218400,7263.00,0.002155
1749264834,0.00218500,189333.00,0.002155
1749264834,0.00218600,454811.00,0.002155
1749264834,0.00218700,342784.00,0.002155
1749264834,0.00218800,19608.00,0.002155
1749264834,0.00218900,661925.00,0.002155
1749264834,0.00219000,7229.00,0.002155
1749264834,0.00219100,157731.00,0.002155
1749264834,0.00219200,7241.00,0.002155
1749264834,0.00219300,160504.00,0.002155
1749264834,0.00219400,4720.00,0.002155
1749264834,0.00219500,12523.00,0.002155
1749264834,0.00219600,160231.00,0.002155
1749264834,0.00219700,113908.00,0.002155
1749264834,0.00219800,7257.00,0.002155
1749264834,0.00219900,162838.00,0.002155
1749264834,0.00220000,614388.00,0.002155
1749264834,0.00220100,4705.00,0.002155
1749264834,0.00220200,140917.00,0.002155
1749264834,0.00220300,164515.00,0.002155
1749264834,0.00220400,9754.00,0.002155
1749264834,0.00220500,4694.00,0.002155
1749264834,0.00220600,4694.00,0.002155
1749264834,0.00220700,10478.00,0.002155
1749264834,0.00220800,4689.00,0.002155
1749264834,0.00220900,11608.00,0.002155
1749264834,0.00221000,4685.00,0.002155
1749264834,0.00221100,14423.00,0.002155
1749264834,0.00221200,483942.00,0.002155
1749264834,0.00221300,7323.00,0.002155
1749264834,0.00221400,158818.00,0.002155
1749264834,0.00221500,11896.00,0.002155
1749264834,0.00221600,4672.00,0.002155
1749264834,0.00221700,8864.00,0.002155
1749264834,0.00221800,4667.00,0.002155
1749264834,0.00221900,285163.00,0.002155
1749264834,0.00222000,7178.00,0.002155
1749264834,0.00222100,4663.00,0.002155
1749264834,0.00222200,4659.00,0.002155
1749264834,0.00222300,119614.00,0.002155
1749264834,0.00222400,15794.00,0.002155
1749264834,0.00222500,4652.00,0.002155
1749264834,0.00222600,18039.00,0.002155
1749264834,0.00222700,4648.00,0.002155
1749264834,0.00222800,7163.00,0.002155
1749264834,0.00222900,537238.00,0.002155
1749264834,0.00223000,13932.00,0.002155
1749264834,0.00223100,8833.00,0.002155
1749264834,0.00223200,40628.00,0.002155
1749264834,0.00223300,17313.00,0.002155
1749264834,0.00223400,448815.00,0.002155
1749264834,0.00223600,5019.00,0.002155
1749264834,0.00223700,2621.00,0.002155
1749264834,0.00223800,122437.00,0.002155
1749264834,0.00224000,936290.00,0.002155
1749264834,0.00224100,40940.00,0.002155
1749264834,0.00224200,5700.00,0.002155
1749264834,0.00224400,2781.00,0.002155
1749264834,0.00224500,9203.00,0.002155
1749264834,0.00224800,3778.00,0.002155
1749264834,0.00224900,500000.00,0.002155
1749264834,0.00225000,172322.00,0.002155
1749264834,0.00225300,10115.00,0.002155
1749264834,0.00225400,6781.00,0.002155
1749264834,0.00225500,9549.00,0.002155
1749264834,0.00225600,13297.00,0.002155
1749264834,0.00225700,575633.00,0.002155
1749264834,0.00225800,37885.00,0.002155
1749264834,0.00226000,34754.00,0.002155
1749264834,0.00226100,2515.00,0.002155
1749264834,0.00226300,9833.00,0.002155
1749264834,0.00226400,6246.00,0.002155
1749265135,0.00215600,27802.00,0.002155
1749265135,0.00215700,1132985.00,0.002155
1749265135,0.00215800,2966992.00,0.002155
1749265135,0.00215900,3126021.00,0.002155
1749265135,0.00216000,2667495.00,0.002155
1749265135,0.00216100,2585102.00,0.002155
1749265135,0.00216200,4433949.00,0.002155
1749265135,0.00216300,2575712.00,0.002155
1749265135,0.00216400,5153972.00,0.002155
1749265135,0.00216500,1261715.00,0.002155
1749265135,0.00216600,1785880.00,0.002155
1749265135,0.00216700,451288.00,0.002155
1749265135,0.00216800,7570944.00,0.002155
1749265135,0.00216900,441499.00,0.002155
1749265135,0.00217000,386031.00,0.002155
1749265135,0.00217100,463570.00,0.002155
1749265135,0.00217200,1274166.00,0.002155
1749265135,0.00217300,391297.00,0.002155
1749265135,0.00217400,645324.00,0.002155
1749265135,0.00217500,201499.00,0.002155
1749265135,0.00217600,178595.00,0.002155
1749265135,0.00217700,2567762.00,0.002155
1749265135,0.00217800,192865.00,0.002155
1749265135,0.00217900,161231.00,0.002155
1749265135,0.00218000,181186.00,0.002155
1749265135,0.00218100,4749.00,0.002155
1749265135,0.00218200,7168.00,0.002155
1749265135,0.00218300,157745.00,0.002155
1749265135,0.00218400,7263.00,0.002155
1749265135,0.00218500,157740.00,0.002155
1749265135,0.00218600,160383.00,0.002155
1749265135,0.00218700,342734.00,0.002155
1749265135,0.00218800,205030.00,0.002155
1749265135,0.00218900,661925.00,0.002155
1749265135,0.00219000,7229.00,0.002155
1749265135,0.00219100,157731.00,0.002155
1749265135,0.00219200,7241.00,0.002155
1749265135,0.00219300,160504.00,0.002155
1749265135,0.00219400,450718.00,0.002155
1749265135,0.00219500,12523.00,0.002155
1749265135,0.00219600,9741.00,0.002155
1749265135,0.00219700,113908.00,0.002155
1749265135,0.00219800,7257.00,0.002155
1749265135,0.00219900,9838.00,0.002155
1749265135,0.00220000,461388.00,0.002155
1749265135,0.00220100,4705.00,0.002155
1749265135,0.00220200,140917.00,0.002155
1749265135,0.00220300,11515.00,0.002155
1749265135,0.00220400,9754.00,0.002155
1749265135,0.00220500,4694.00,0.002155
1749265135,0.00220600,4694.00,0.002155
1749265135,0.00220700,10478.00,0.002155
1749265135,0.00220800,4689.00,0.002155
1749265135,0.00220900,11608.00,0.002155
1749265135,0.00221000,4685.00,0.002155
1749265135,0.00221100,14423.00,0.002155
1749265135,0.00221200,34090.00,0.002155
1749265135,0.00221300,7323.00,0.002155
1749265135,0.00221400,50229.00,0.002155
1749265135,0.00221500,11896.00,0.002155
1749265135,0.00221600,4672.00,0.002155
1749265135,0.00221700,8864.00,0.002155
1749265135,0.00221800,454519.00,0.002155
1749265135,0.00221900,285163.00,0.002155
1749265135,0.00222000,115767.00,0.002155
1749265135,0.00222100,4663.00,0.002155
1749265135,0.00222200,4659.00,0.002155
1749265135,0.00222300,119614.00,0.002155
1749265135,0.00222400,15794.00,0.002155
1749265135,0.00222500,4652.00,0.002155
1749265135,0.00222600,18039.00,0.002155
1749265135,0.00222700,4648.00,0.002155
1749265135,0.00222800,7163.00,0.002155
1749265135,0.00222900,537238.00,0.002155
1749265135,0.00223000,13930.00,0.002155
1749265135,0.00223100,8833.00,0.002155
1749265135,0.00223200,40628.00,0.002155
1749265135,0.00223300,17313.00,0.002155
1749265135,0.00223600,5019.00,0.002155
1749265135,0.00223700,2621.00,0.002155
1749265135,0.00223800,122437.00,0.002155
1749265135,0.00223900,4612546.00,0.002155
1749265135,0.00224000,1385105.00,0.002155
1749265135,0.00224100,40940.00,0.002155
1749265135,0.00224200,5700.00,0.002155
1749265135,0.00224400,2781.00,0.002155
1749265135,0.00224500,9203.00,0.002155
1749265135,0.00224800,3778.00,0.002155
1749265135,0.00224900,500000.00,0.002155
1749265135,0.00225000,172322.00,0.002155
1749265135,0.00225300,10115.00,0.002155
1749265135,0.00225400,6781.00,0.002155
1749265135,0.00225500,9549.00,0.002155
1749265135,0.00225600,13297.00,0.002155
1749265135,0.00225700,575633.00,0.002155
1749265135,0.00225800,37885.00,0.002155
1749265135,0.00226000,34754.00,0.002155
1749265135,0.00226100,2515.00,0.002155
1749265135,0.00226300,9833.00,0.002155
1749265135,0.00226400,6246.00,0.002155
1749265437,0.00215800,233230.00,0.002157
1749265437,0.00215900,1622043.00,0.002157
1749265437,0.00216000,4276557.00,0.002157
1749265437,0.00216100,4776963.00,0.002157
1749265437,0.00216200,6270169.00,0.002157
1749265437,0.00216300,6862865.00,0.002157
1749265437,0.00216400,10270247.00,0.002157
1749265437,0.00216500,3734307.00,0.002157
1749265437,0.00216600,938803.00,0.002157
1749265437,0.00216700,1906984.00,0.002157
1749265437,0.00216800,4883694.00,0.002157
1749265437,0.00216900,476924.00,0.002157
1749265437,0.00217000,617834.00,0.002157
1749265437,0.00217100,3128257.00,0.002157
1749265437,0.00217200,1297177.00,0.002157
1749265437,0.00217300,437937.00,0.002157
1749265437,0.00217400,179667.00,0.002157
1749265437,0.00217500,201499.00,0.002157
1749265437,0.00217600,3016664.00,0.002157
1749265437,0.00217700,180104.00,0.002157
1749265437,0.00217800,192865.00,0.002157
1749265437,0.00217900,161231.00,0.002157
1749265437,0.00218000,181186.00,0.002157
1749265437,0.00218100,4749.00,0.002157
1749265437,0.00218200,7168.00,0.002157
1749265437,0.00218300,157745.00,0.002157
1749265437,0.00218400,7263.00,0.002157
1749265437,0.00218500,157740.00,0.002157
1749265437,0.00218600,160383.00,0.002157
1749265437,0.00218700,202544.00,0.002157
1749265437,0.00218800,360117.00,0.002157
1749265437,0.00218900,661925.00,0.002157
1749265437,0.00219000,7229.00,0.002157
1749265437,0.00219100,4731.00,0.002157
1749265437,0.00219200,160241.00,0.002157
1749265437,0.00219300,7504.00,0.002157
1749265437,0.00219400,450718.00,0.002157
1749265437,0.00219500,12523.00,0.002157
1749265437,0.00219600,162741.00,0.002157
1749265437,0.00219700,113908.00,0.002157
1749265437,0.00219800,7257.00,0.002157
1749265437,0.00219900,9838.00,0.002157
1749265437,0.00220000,461388.00,0.002157
1749265437,0.00220100,4705.00,0.002157
1749265437,0.00220200,140917.00,0.002157
1749265437,0.00220300,11515.00,0.002157
1749265437,0.00220400,9754.00,0.002157
1749265437,0.00220500,4694.00,0.002157
1749265437,0.00220600,4694.00,0.002157
1749265437,0.00220700,10478.00,0.002157
1749265437,0.00220800,4689.00,0.002157
1749265437,0.00220900,11608.00,0.002157
1749265437,0.00221000,4685.00,0.002157
1749265437,0.00221100,14423.00,0.002157
1749265437,0.00221200,34090.00,0.002157
1749265437,0.00221300,7323.00,0.002157
1749265437,0.00221400,50229.00,0.002157
1749265437,0.00221500,11896.00,0.002157
1749265437,0.00221600,4672.00,0.002157
1749265437,0.00221700,8864.00,0.002157
1749265437,0.00221800,454519.00,0.002157
1749265437,0.00221900,285163.00,0.002157
1749265437,0.00222000,115767.00,0.002157
1749265437,0.00222100,4663.00,0.002157
1749265437,0.00222200,4659.00,0.002157
1749265437,0.00222300,119614.00,0.002157
1749265437,0.00222400,15794.00,0.002157
1749265437,0.00222500,4652.00,0.002157
1749265437,0.00222600,18039.00,0.002157
1749265437,0.00222700,4648.00,0.002157
1749265437,0.00222800,7163.00,0.002157
1749265437,0.00222900,537234.00,0.002157
1749265437,0.00223000,13932.00,0.002157
1749265437,0.00223100,8833.00,0.002157
1749265437,0.00223200,45265.00,0.002157
1749265437,0.00223300,21948.00,0.002157
1749265437,0.00223600,5019.00,0.002157
1749265437,0.00223700,2621.00,0.002157
1749265437,0.00223800,122437.00,0.002157
1749265437,0.00223900,4612546.00,0.002157
1749265437,0.00224000,1385105.00,0.002157
1749265437,0.00224100,40940.00,0.002157
1749265437,0.00224200,5700.00,0.002157
1749265437,0.00224400,2781.00,0.002157
1749265437,0.00224500,9203.00,0.002157
1749265437,0.00224800,3778.00,0.002157
1749265437,0.00224900,500000.00,0.002157
1749265437,0.00225000,172322.00,0.002157
1749265437,0.00225300,10115.00,0.002157
1749265437,0.00225400,6781.00,0.002157
1749265437,0.00225500,9549.00,0.002157
1749265437,0.00225600,13297.00,0.002157
1749265437,0.00225700,575633.00,0.002157
1749265437,0.00225800,37885.00,0.002157
1749265437,0.00226000,34754.00,0.002157
1749265437,0.00226100,2515.00,0.002157
1749265437,0.00226300,9833.00,0.002157
1749265437,0.00226400,6246.00,0.002157
1749265437,0.00226600,12674.00,0.002157
1749265437,0.00226900,6970829.00,0.002157
1749265738,0.00216400,218249.00,0.002163
1749265738,0.00216500,1760294.00,0.002163
1749265738,0.00216600,4781974.00,0.002163
1749265738,0.00216700,4107026.00,0.002163
1749265738,0.00216800,4419065.00,0.002163
1749265738,0.00216900,6821495.00,0.002163
1749265738,0.00217000,7462932.00,0.002163
1749265738,0.00217100,1044616.00,0.002163
1749265738,0.00217200,4187806.00,0.002163
1749265738,0.00217300,711048.00,0.002163
1749265738,0.00217400,2368065.00,0.002163
1749265738,0.00217500,633670.00,0.002163
1749265738,0.00217600,2773428.00,0.002163
1749265738,0.00217700,456701.00,0.002163
1749265738,0.00217800,1323667.00,0.002163
1749265738,0.00217900,516132.00,0.002163
1749265738,0.00218000,184661.00,0.002163
1749265738,0.00218100,625583.00,0.002163
1749265738,0.00218200,10638.00,0.002163
1749265738,0.00218300,176008.00,0.002163
1749265738,0.00218400,2390698.00,0.002163
1749265738,0.00218500,157740.00,0.002163
1749265738,0.00218600,160383.00,0.002163
1749265738,0.00218700,202544.00,0.002163
1749265738,0.00218800,188356.00,0.002163
1749265738,0.00218900,661925.00,0.002163
1749265738,0.00219000,160229.00,0.002163
1749265738,0.00219100,4731.00,0.002163
1749265738,0.00219200,7241.00,0.002163
1749265738,0.00219300,176685.00,0.002163
1749265738,0.00219400,437498.00,0.002163
1749265738,0.00219500,12523.00,0.002163
1749265738,0.00219600,9741.00,0.002163
1749265738,0.00219700,4714.00,0.002163
1749265738,0.00219800,7257.00,0.002163
1749265738,0.00219900,9838.00,0.002163
1749265738,0.00220000,463898.00,0.002163
1749265738,0.00220100,4705.00,0.002163
1749265738,0.00220200,140917.00,0.002163
1749265738,0.00220300,120709.00,0.002163
1749265738,0.00220400,9754.00,0.002163
1749265738,0.00220500,4694.00,0.002163
1749265738,0.00220600,4694.00,0.002163
1749265738,0.00220700,10478.00,0.002163
1749265738,0.00220800,4689.00,0.002163
1749265738,0.00220900,11608.00,0.002163
1749265738,0.00221000,4685.00,0.002163
1749265738,0.00221100,14423.00,0.002163
1749265738,0.00221200,34090.00,0.002163
1749265738,0.00221300,7323.00,0.002163
1749265738,0.00221400,50229.00,0.002163
1749265738,0.00221500,11896.00,0.002163
1749265738,0.00221600,4672.00,0.002163
1749265738,0.00221700,8864.00,0.002163
1749265738,0.00221800,4667.00,0.002163
1749265738,0.00221900,285163.00,0.002163
1749265738,0.00222000,7178.00,0.002163
1749265738,0.00222100,4663.00,0.002163
1749265738,0.00222200,4659.00,0.002163
1749265738,0.00222300,119614.00,0.002163
1749265738,0.00222400,465646.00,0.002163
1749265738,0.00222500,4652.00,0.002163
1749265738,0.00222600,126628.00,0.002163
1749265738,0.00222700,4648.00,0.002163
1749265738,0.00222800,7163.00,0.002163
1749265738,0.00222900,537234.00,0.002163
1749265738,0.00223000,13932.00,0.002163
1749265738,0.00223100,8833.00,0.002163
1749265738,0.00223200,45265.00,0.002163
1749265738,0.00223300,21948.00,0.002163
1749265738,0.00223400,4633.00,0.002163
1749265738,0.00223500,4631.00,0.002163
1749265738,0.00223600,9648.00,0.002163
1749265738,0.00223700,7247.00,0.002163
1749265738,0.00223800,9525.00,0.002163
1749265738,0.00223900,4622.00,0.002163
1749265738,0.00224000,936290.00,0.002163
1749265738,0.00224100,40940.00,0.002163
1749265738,0.00224200,5700.00,0.002163
1749265738,0.00224400,120317.00,0.002163
1749265738,0.00224500,9203.00,0.002163
1749265738,0.00224600,448815.00,0.002163
1749265738,0.00224800,3778.00,0.002163
1749265738,0.00224900,500000.00,0.002163
1749265738,0.00225000,172322.00,0.002163
1749265738,0.00225300,10115.00,0.002163
1749265738,0.00225400,6781.00,0.002163
1749265738,0.00225500,9549.00,0.002163
1749265738,0.00225600,13297.00,0.002163
1749265738,0.00225800,37885.00,0.002163
1749265738,0.00226000,34754.00,0.002163
1749265738,0.00226100,2515.00,0.002163
1749265738,0.00226300,123698.00,0.002163
1749265738,0.00226400,468014.00,0.002163
1749265738,0.00226600,12674.00,0.002163
1749265738,0.00226800,13846156.00,0.002163
1749265738,0.00226900,6970829.00,0.002163
1749265738,0.00227000,1865389.00,0.002163
1749265738,0.00227100,2781.00,0.002163
1749265738,0.00227200,13389.00,0.002163
1749266040,0.00216900,469005.00,0.002167
1749266040,0.00217000,4789680.00,0.002167
1749266040,0.00217100,3029450.00,0.002167
1749266040,0.00217200,7775710.00,0.002167
1749266040,0.00217300,4095488.00,0.002167
1749266040,0.00217400,4728698.00,0.002167
1749266040,0.00217500,4776704.00,0.002167
1749266040,0.00217600,351134.00,0.002167
1749266040,0.00217700,599994.00,0.002167
1749266040,0.00217800,4865531.00,0.002167
1749266040,0.00217900,676667.00,0.002167
1749266040,0.00218000,4355701.00,0.002167
1749266040,0.00218100,473654.00,0.002167
1749266040,0.00218200,2817012.00,0.002167
1749266040,0.00218300,895393.00,0.002167
1749266040,0.00218400,1330524.00,0.002167
1749266040,0.00218500,226029.00,0.002167
1749266040,0.00218600,628207.00,0.002167
1749266040,0.00218700,206006.00,0.002167
1749266040,0.00218800,2566442.00,0.002167
1749266040,0.00218900,665384.00,0.002167
1749266040,0.00219000,10687.00,0.002167
1749266040,0.00219100,83078.00,0.002167
1749266040,0.00219200,160241.00,0.002167
1749266040,0.00219300,160504.00,0.002167
1749266040,0.00219400,4720.00,0.002167
1749266040,0.00219500,165523.00,0.002167
1749266040,0.00219600,9741.00,0.002167
1749266040,0.00219700,157714.00,0.002167
1749266040,0.00219800,23855.00,0.002167
1749266040,0.00219900,317948.00,0.002167
1749266040,0.00220000,463898.00,0.002167
1749266040,0.00220100,4705.00,0.002167
1749266040,0.00220200,294760.00,0.002167
1749266040,0.00220300,11515.00,0.002167
1749266040,0.00220400,12254.00,0.002167
1749266040,0.00220500,4694.00,0.002167
1749266040,0.00220600,4694.00,0.002167
1749266040,0.00220700,10478.00,0.002167
1749266040,0.00220800,7189.00,0.002167
1749266040,0.00220900,120802.00,0.002167
1749266040,0.00221000,4685.00,0.002167
1749266040,0.00221100,150070.00,0.002167
1749266040,0.00221200,34090.00,0.002167
1749266040,0.00221300,7323.00,0.002167
1749266040,0.00221400,50229.00,0.002167
1749266040,0.00221500,11896.00,0.002167
1749266040,0.00221600,4672.00,0.002167
1749266040,0.00221700,8864.00,0.002167
1749266040,0.00221800,4667.00,0.002167
1749266040,0.00221900,285163.00,0.002167
1749266040,0.00222000,7178.00,0.002167
1749266040,0.00222100,4663.00,0.002167
1749266040,0.00222200,4659.00,0.002167
1749266040,0.00222300,119614.00,0.002167
1749266040,0.00222400,465646.00,0.002167
1749266040,0.00222500,4652.00,0.002167
1749266040,0.00222600,126628.00,0.002167
1749266040,0.00222700,4648.00,0.002167
1749266040,0.00222800,7163.00,0.002167
1749266040,0.00222900,4644.00,0.002167
1749266040,0.00223000,13932.00,0.002167
1749266040,0.00223100,8833.00,0.002167
1749266040,0.00223200,45265.00,0.002167
1749266040,0.00223300,21948.00,0.002167
1749266040,0.00223400,4633.00,0.002167
1749266040,0.00223500,4631.00,0.002167
1749266040,0.00223600,9648.00,0.002167
1749266040,0.00223700,7247.00,0.002167
1749266040,0.00223800,9525.00,0.002167
1749266040,0.00223900,4622.00,0.002167
1749266040,0.00224000,940910.00,0.002167
1749266040,0.00224100,45558.00,0.002167
1749266040,0.00224200,10316.00,0.002167
1749266040,0.00224300,4611.00,0.002167
1749266040,0.00224400,7392.00,0.002167
1749266040,0.00224500,9203.00,0.002167
1749266040,0.00224600,977650.00,0.002167
1749266040,0.00224800,3778.00,0.002167
1749266040,0.00224900,500000.00,0.002167
1749266040,0.00225000,289858.00,0.002167
1749266040,0.00225300,10115.00,0.002167
1749266040,0.00225400,6781.00,0.002167
1749266040,0.00225500,9549.00,0.002167
1749266040,0.00225600,13297.00,0.002167
1749266040,0.00225800,37885.00,0.002167
1749266040,0.00226000,34754.00,0.002167
1749266040,0.00226100,2515.00,0.002167
1749266040,0.00226300,9833.00,0.002167
1749266040,0.00226400,6246.00,0.002167
1749266040,0.00226600,12674.00,0.002167
1749266040,0.00226800,13837638.00,0.002167
1749266040,0.00226900,7084694.00,0.002167
1749266040,0.00227000,2327157.00,0.002167
1749266040,0.00227100,2781.00,0.002167
1749266040,0.00227200,13389.00,0.002167
1749266040,0.00227300,38993.00,0.002167
1749266040,0.00227400,4194.00,0.002167
1749266040,0.00227500,9241.00,0.002167
1749266040,0.00227600,7204.00,0.002167
1749266341,0.00216300,468079.00,0.002163
1749266341,0.00216400,1294770.00,0.002163
1749266341,0.00216500,3936114.00,0.002163
1749266341,0.00216600,5625707.00,0.002163
1749266341,0.00216700,4023076.00,0.002163
1749266341,0.00216800,5221945.00,0.002163
1749266341,0.00216900,3907559.00,0.002163
1749266341,0.00217000,2145601.00,0.002163
1749266341,0.00217100,1599371.00,0.002163
1749266341,0.00217200,2906502.00,0.002163
1749266341,0.00217300,1560046.00,0.002163
1749266341,0.00217400,2178924.00,0.002163
1749266341,0.00217500,5320264.00,0.002163
1749266341,0.00217600,2774231.00,0.002163
1749266341,0.00217700,577798.00,0.002163
1749266341,0.00217800,472795.00,0.002163
1749266341,0.00217900,532924.00,0.002163
1749266341,0.00218000,4193864.00,0.002163
1749266341,0.00218100,394723.00,0.002163
1749266341,0.00218200,854775.00,0.002163
1749266341,0.00218300,391258.00,0.002163
1749266341,0.00218400,3701709.00,0.002163
1749266341,0.00218500,409670.00,0.002163
1749266341,0.00218600,163847.00,0.002163
1749266341,0.00218700,206006.00,0.002163
1749266341,0.00218800,191738.00,0.002163
1749266341,0.00218900,665384.00,0.002163
1749266341,0.00219000,163687.00,0.002163
1749266341,0.00219100,86534.00,0.002163
1749266341,0.00219200,160241.00,0.002163
1749266341,0.00219300,7504.00,0.002163
1749266341,0.00219400,4720.00,0.002163
1749266341,0.00219500,152083.00,0.002163
1749266341,0.00219600,9741.00,0.002163
1749266341,0.00219700,4714.00,0.002163
1749266341,0.00219800,7257.00,0.002163
1749266341,0.00219900,26428.00,0.002163
1749266341,0.00220000,463898.00,0.002163
1749266341,0.00220100,4705.00,0.002163
1749266341,0.00220200,294760.00,0.002163
1749266341,0.00220300,11515.00,0.002163
1749266341,0.00220400,12254.00,0.002163
1749266341,0.00220500,4694.00,0.002163
1749266341,0.00220600,4694.00,0.002163
1749266341,0.00220700,10478.00,0.002163
1749266341,0.00220800,7189.00,0.002163
1749266341,0.00220900,120802.00,0.002163
1749266341,0.00221000,4685.00,0.002163
1749266341,0.00221100,150070.00,0.002163
1749266341,0.00221200,34090.00,0.002163
1749266341,0.00221300,15333.00,0.002163
1749266341,0.00221400,50229.00,0.002163
1749266341,0.00221500,11896.00,0.002163
1749266341,0.00221600,4672.00,0.002163
1749266341,0.00221700,8864.00,0.002163
1749266341,0.00221800,4667.00,0.002163
1749266341,0.00221900,285163.00,0.002163
1749266341,0.00222000,7178.00,0.002163
1749266341,0.00222100,4663.00,0.002163
1749266341,0.00222200,4659.00,0.002163
1749266341,0.00222300,119614.00,0.002163
1749266341,0.00222400,15794.00,0.002163
1749266341,0.00222500,4652.00,0.002163
1749266341,0.00222600,18039.00,0.002163
1749266341,0.00222700,4648.00,0.002163
1749266341,0.00222800,7163.00,0.002163
1749266341,0.00222900,4644.00,0.002163
1749266341,0.00223000,463784.00,0.002163
1749266341,0.00223100,8833.00,0.002163
1749266341,0.00223200,153854.00,0.002163
1749266341,0.00223300,21948.00,0.002163
1749266341,0.00223400,4633.00,0.002163
1749266341,0.00223500,4631.00,0.002163
1749266341,0.00223600,9648.00,0.002163
1749266341,0.00223700,7247.00,0.002163
1749266341,0.00223800,9525.00,0.002163
1749266341,0.00224000,936290.00,0.002163
1749266341,0.00224100,40940.00,0.002163
1749266341,0.00224200,5700.00,0.002163
1749266341,0.00224400,2781.00,0.002163
1749266341,0.00224500,9203.00,0.002163
1749266341,0.00224600,528835.00,0.002163
1749266341,0.00224800,3778.00,0.002163
1749266341,0.00224900,500000.00,0.002163
1749266341,0.00225000,289858.00,0.002163
1749266341,0.00225200,448815.00,0.002163
1749266341,0.00225300,10115.00,0.002163
1749266341,0.00225400,6781.00,0.002163
1749266341,0.00225500,9549.00,0.002163
1749266341,0.00225600,13297.00,0.002163
1749266341,0.00225800,37885.00,0.002163
1749266341,0.00226000,34754.00,0.002163
1749266341,0.00226100,2515.00,0.002163
1749266341,0.00226300,9833.00,0.002163
1749266341,0.00226400,6246.00,0.002163
1749266341,0.00226600,12674.00,0.002163
1749266341,0.00226900,159486.00,0.002163
1749266341,0.00227000,477256.00,0.002163
1749266341,0.00227100,2781.00,0.002163
1749266341,0.00227200,13389.00,0.002163
1749266650,0.00217100,214187.00,0.00217
1749266650,0.00217200,2198288.00,0.00217
1749266650,0.00217300,2422710.00,0.00217
1749266650,0.00217400,6194973.00,0.00217
1749266650,0.00217500,9574262.00,0.00217
1749266650,0.00217600,650511.00,0.00217
1749266650,0.00217700,2364019.00,0.00217
1749266650,0.00217800,651071.00,0.00217
1749266650,0.00217900,6667119.00,0.00217
1749266650,0.00218000,4475797.00,0.00217
1749266650,0.00218100,1920747.00,0.00217
1749266650,0.00218200,491518.00,0.00217
1749266650,0.00218300,437661.00,0.00217
1749266650,0.00218400,1881851.00,0.00217
1749266650,0.00218500,409670.00,0.00217
1749266650,0.00218600,233114.00,0.00217
1749266650,0.00218700,267126.00,0.00217
1749266650,0.00218800,176070.00,0.00217
1749266650,0.00218900,1126107.00,0.00217
1749266650,0.00219000,163687.00,0.00217
1749266650,0.00219100,2611963.00,0.00217
1749266650,0.00219200,160241.00,0.00217
1749266650,0.00219300,7504.00,0.00217
1749266650,0.00219400,4720.00,0.00217
1749266650,0.00219500,165523.00,0.00217
1749266650,0.00219600,149341.00,0.00217
1749266650,0.00219700,4714.00,0.00217
1749266650,0.00219800,160257.00,0.00217
1749266650,0.00219900,194649.00,0.00217
1749266650,0.00220000,616898.00,0.00217
1749266650,0.00220100,4705.00,0.00217
1749266650,0.00220200,447760.00,0.00217
1749266650,0.00220300,273709.00,0.00217
1749266650,0.00220400,12254.00,0.00217
1749266650,0.00220500,4694.00,0.00217
1749266650,0.00220600,157694.00,0.00217
1749266650,0.00220700,10478.00,0.00217
1749266650,0.00220800,7189.00,0.00217
1749266650,0.00220900,164608.00,0.00217
1749266650,0.00221000,4685.00,0.00217
1749266650,0.00221100,303070.00,0.00217
1749266650,0.00221200,34090.00,0.00217
1749266650,0.00221300,15333.00,0.00217
1749266650,0.00221400,50229.00,0.00217
1749266650,0.00221500,11896.00,0.00217
1749266650,0.00221600,4672.00,0.00217
1749266650,0.00221700,8864.00,0.00217
1749266650,0.00221800,4667.00,0.00217
1749266650,0.00221900,285163.00,0.00217
1749266650,0.00222000,7178.00,0.00217
1749266650,0.00222100,4663.00,0.00217
1749266650,0.00222200,4659.00,0.00217
1749266650,0.00222300,119614.00,0.00217
1749266650,0.00222400,465646.00,0.00217
1749266650,0.00222500,4652.00,0.00217
1749266650,0.00222600,126628.00,0.00217
1749266650,0.00222700,4648.00,0.00217
1749266650,0.00222800,7163.00,0.00217
1749266650,0.00222900,4644.00,0.00217
1749266650,0.00223000,13932.00,0.00217
1749266650,0.00223100,8833.00,0.00217
1749266650,0.00223200,45265.00,0.00217
1749266650,0.00223300,21948.00,0.00217
1749266650,0.00223400,4633.00,0.00217
1749266650,0.00223500,4631.00,0.00217
1749266650,0.00223600,9648.00,0.00217
1749266650,0.00223700,7247.00,0.00217
1749266650,0.00223800,9525.00,0.00217
1749266650,0.00223900,4622.00,0.00217
1749266650,0.00224000,940910.00,0.00217
1749266650,0.00224100,45558.00,0.00217
1749266650,0.00224200,10316.00,0.00217
1749266650,0.00224300,4614.00,0.00217
1749266650,0.00224400,7392.00,0.00217
1749266650,0.00224500,13812.00,0.00217
1749266650,0.00224600,982257.00,0.00217
1749266650,0.00224800,3778.00,0.00217
1749266650,0.00224900,500000.00,0.00217
1749266650,0.00225000,289858.00,0.00217
1749266650,0.00225300,10115.00,0.00217
1749266650,0.00225400,6781.00,0.00217
1749266650,0.00225500,9549.00,0.00217
1749266650,0.00225600,13297.00,0.00217
1749266650,0.00225800,37885.00,0.00217
1749266650,0.00226000,34754.00,0.00217
1749266650,0.00226100,2515.00,0.00217
1749266650,0.00226300,123698.00,0.00217
1749266650,0.00226400,468014.00,0.00217
1749266650,0.00226600,12674.00,0.00217
1749266650,0.00226900,45621.00,0.00217
1749266650,0.00227000,15488.00,0.00217
1749266650,0.00227100,2781.00,0.00217
1749266650,0.00227200,13389.00,0.00217
1749266650,0.00227300,38993.00,0.00217
1749266650,0.00227400,4194.00,0.00217
1749266650,0.00227500,9241.00,0.00217
1749266650,0.00227600,7204.00,0.00217
1749266650,0.00227800,24294.00,0.00217
1749266650,0.00228000,258127.00,0.00217
1749266650,0.00228200,21901.00,0.00217
1749266952,0.00217000,478828.00,0.00217
1749266952,0.00217100,3618183.00,0.00217
1749266952,0.00217200,3419140.00,0.00217
1749266952,0.00217300,5821695.00,0.00217
1749266952,0.00217400,5706605.00,0.00217
1749266952,0.00217500,4174670.00,0.00217
1749266952,0.00217600,5832291.00,0.00217
1749266952,0.00217700,3541917.00,0.00217
1749266952,0.00217800,651086.00,0.00217
1749266952,0.00217900,3465460.00,0.00217
1749266952,0.00218000,5638011.00,0.00217
1749266952,0.00218100,712454.00,0.00217
1749266952,0.00218200,610048.00,0.00217
1749266952,0.00218300,2995145.00,0.00217
1749266952,0.00218400,773996.00,0.00217
1749266952,0.00218500,455988.00,0.00217
1749266952,0.00218600,233093.00,0.00217
1749266952,0.00218700,252345.00,0.00217
1749266952,0.00218800,636793.00,0.00217
1749266952,0.00218900,680124.00,0.00217
1749266952,0.00219000,3644827.00,0.00217
1749266952,0.00219100,239534.00,0.00217
1749266952,0.00219200,163697.00,0.00217
1749266952,0.00219300,10958.00,0.00217
1749266952,0.00219400,7455.00,0.00217
1749266952,0.00219500,165523.00,0.00217
1749266952,0.00219600,9741.00,0.00217
1749266952,0.00219700,4714.00,0.00217
1749266952,0.00219800,160257.00,0.00217
1749266952,0.00219900,194649.00,0.00217
1749266952,0.00220000,756208.00,0.00217
1749266952,0.00220100,157705.00,0.00217
1749266952,0.00220200,447760.00,0.00217
1749266952,0.00220300,164515.00,0.00217
1749266952,0.00220400,12254.00,0.00217
1749266952,0.00220500,4694.00,0.00217
1749266952,0.00220600,157694.00,0.00217
1749266952,0.00220700,10478.00,0.00217
1749266952,0.00220800,7189.00,0.00217
1749266952,0.00220900,164608.00,0.00217
1749266952,0.00221000,266879.00,0.00217
1749266952,0.00221100,303070.00,0.00217
1749266952,0.00221200,189580.00,0.00217
1749266952,0.00221300,15333.00,0.00217
1749266952,0.00221400,50229.00,0.00217
1749266952,0.00221500,11896.00,0.00217
1749266952,0.00221600,4672.00,0.00217
1749266952,0.00221700,8864.00,0.00217
1749266952,0.00221800,4667.00,0.00217
1749266952,0.00221900,285163.00,0.00217
1749266952,0.00222000,7178.00,0.00217
1749266952,0.00222100,4663.00,0.00217
1749266952,0.00222200,4659.00,0.00217
1749266952,0.00222300,119614.00,0.00217
1749266952,0.00222400,15794.00,0.00217
1749266952,0.00222500,4652.00,0.00217
1749266952,0.00222600,18039.00,0.00217
1749266952,0.00222700,4648.00,0.00217
1749266952,0.00222800,7163.00,0.00217
1749266952,0.00222900,4644.00,0.00217
1749266952,0.00223000,463784.00,0.00217
1749266952,0.00223100,8833.00,0.00217
1749266952,0.00223200,153854.00,0.00217
1749266952,0.00223300,21948.00,0.00217
1749266952,0.00223400,4633.00,0.00217
1749266952,0.00223500,4631.00,0.00217
1749266952,0.00223600,9648.00,0.00217
1749266952,0.00223700,10823.00,0.00217
1749266952,0.00223800,9525.00,0.00217
1749266952,0.00223900,4622.00,0.00217
1749266952,0.00224000,940910.00,0.00217
1749266952,0.00224100,45558.00,0.00217
1749266952,0.00224200,10316.00,0.00217
1749266952,0.00224300,4614.00,0.00217
1749266952,0.00224400,7392.00,0.00217
1749266952,0.00224500,13812.00,0.00217
1749266952,0.00224600,528835.00,0.00217
1749266952,0.00224800,3778.00,0.00217
1749266952,0.00224900,500000.00,0.00217
1749266952,0.00225000,289858.00,0.00217
1749266952,0.00225200,448815.00,0.00217
1749266952,0.00225300,10115.00,0.00217
1749266952,0.00225400,6781.00,0.00217
1749266952,0.00225500,9549.00,0.00217
1749266952,0.00225600,13297.00,0.00217
1749266952,0.00225800,37885.00,0.00217
1749266952,0.00226000,34754.00,0.00217
1749266952,0.00226100,2515.00,0.00217
1749266952,0.00226300,9833.00,0.00217
1749266952,0.00226400,6246.00,0.00217
1749266952,0.00226600,12674.00,0.00217
1749266952,0.00226900,159486.00,0.00217
1749266952,0.00227000,477256.00,0.00217
1749266952,0.00227100,2781.00,0.00217
1749266952,0.00227200,13389.00,0.00217
1749266952,0.00227300,38993.00,0.00217
1749266952,0.00227400,4194.00,0.00217
1749266952,0.00227500,9241.00,0.00217
1749266952,0.00227600,7204.00,0.00217
1749266952,0.00227800,24294.00,0.00217
1749267253,0.00216700,232098.00,0.002166
1749267253,0.00216800,2904241.00,0.002166
1749267253,0.00216900,3105191.00,0.002166
1749267253,0.00217000,6443022.00,0.002166
1749267253,0.00217100,7102871.00,0.002166
1749267253,0.00217200,6055882.00,0.002166
1749267253,0.00217300,3589737.00,0.002166
1749267253,0.00217400,3670104.00,0.002166
1749267253,0.00217500,4995723.00,0.002166
1749267253,0.00217600,5493123.00,0.002166
1749267253,0.00217700,577862.00,0.002166
1749267253,0.00217800,741946.00,0.002166
1749267253,0.00217900,556354.00,0.002166
1749267253,0.00218000,6798037.00,0.002166
1749267253,0.00218100,1014530.00,0.002166
1749267253,0.00218200,632949.00,0.002166
1749267253,0.00218300,1502567.00,0.002166
1749267253,0.00218400,199792.00,0.002166
1749267253,0.00218500,871031.00,0.002166
1749267253,0.00218600,2541184.00,0.002166
1749267253,0.00218700,206006.00,0.002166
1749267253,0.00218800,176070.00,0.002166
1749267253,0.00218900,680124.00,0.002166
1749267253,0.00219000,178908.00,0.002166
1749267253,0.00219100,239534.00,0.002166
1749267253,0.00219200,163697.00,0.002166
1749267253,0.00219300,10958.00,0.002166
1749267253,0.00219400,7455.00,0.002166
1749267253,0.00219500,165523.00,0.002166
1749267253,0.00219600,9741.00,0.002166
1749267253,0.00219700,144214.00,0.002166
1749267253,0.00219800,160257.00,0.002166
1749267253,0.00219900,179428.00,0.002166
1749267253,0.00220000,616898.00,0.002166
1749267253,0.00220100,157705.00,0.002166
1749267253,0.00220200,447760.00,0.002166
1749267253,0.00220300,164515.00,0.002166
1749267253,0.00220400,12254.00,0.002166
1749267253,0.00220500,4694.00,0.002166
1749267253,0.00220600,157694.00,0.002166
1749267253,0.00220700,10478.00,0.002166
1749267253,0.00220800,7189.00,0.002166
1749267253,0.00220900,164608.00,0.002166
1749267253,0.00221000,113879.00,0.002166
1749267253,0.00221100,150070.00,0.002166
1749267253,0.00221200,36580.00,0.002166
1749267253,0.00221300,15333.00,0.002166
1749267253,0.00221400,50229.00,0.002166
1749267253,0.00221500,11896.00,0.002166
1749267253,0.00221600,4672.00,0.002166
1749267253,0.00221700,8864.00,0.002166
1749267253,0.00221800,4667.00,0.002166
1749267253,0.00221900,285163.00,0.002166
1749267253,0.00222000,7178.00,0.002166
1749267253,0.00222100,4663.00,0.002166
1749267253,0.00222200,4659.00,0.002166
1749267253,0.00222300,119614.00,0.002166
1749267253,0.00222400,15794.00,0.002166
1749267253,0.00222500,4652.00,0.002166
1749267253,0.00222600,18039.00,0.002166
1749267253,0.00222700,4648.00,0.002166
1749267253,0.00222800,7163.00,0.002166
1749267253,0.00222900,4644.00,0.002166
1749267253,0.00223000,463784.00,0.002166
1749267253,0.00223100,8833.00,0.002166
1749267253,0.00223200,153854.00,0.002166
1749267253,0.00223300,21948.00,0.002166
1749267253,0.00223400,4633.00,0.002166
1749267253,0.00223500,4631.00,0.002166
1749267253,0.00223600,9648.00,0.002166
1749267253,0.00223700,10823.00,0.002166
1749267253,0.00223800,9525.00,0.002166
1749267253,0.00223900,4622.00,0.002166
1749267253,0.00224000,940910.00,0.002166
1749267253,0.00224100,45558.00,0.002166
1749267253,0.00224200,10316.00,0.002166
1749267253,0.00224400,2781.00,0.002166
1749267253,0.00224500,9203.00,0.002166
1749267253,0.00224600,528835.00,0.002166
1749267253,0.00224800,3778.00,0.002166
1749267253,0.00224900,500000.00,0.002166
1749267253,0.00225000,289858.00,0.002166
1749267253,0.00225200,448815.00,0.002166
1749267253,0.00225300,10115.00,0.002166
1749267253,0.00225400,6781.00,0.002166
1749267253,0.00225500,9549.00,0.002166
1749267253,0.00225600,13297.00,0.002166
1749267253,0.00225800,37885.00,0.002166
1749267253,0.00226000,34754.00,0.002166
1749267253,0.00226100,2515.00,0.002166
1749267253,0.00226300,9833.00,0.002166
1749267253,0.00226400,6246.00,0.002166
1749267253,0.00226600,12674.00,0.002166
1749267253,0.00226900,159486.00,0.002166
1749267253,0.00227000,477256.00,0.002166
1749267253,0.00227100,2781.00,0.002166
1749267253,0.00227200,13389.00,0.002166
1749267253,0.00227300,38993.00,0.002166
1749267253,0.00227400,4194.00,0.002166
1749267253,0.00227500,9241.00,0.002166
1749267555,0.00217200,180782.00,0.002171
1749267555,0.00217300,1870274.00,0.002171
1749267555,0.00217400,4644918.00,0.002171
1749267555,0.00217500,7675968.00,0.002171
1749267555,0.00217600,7912103.00,0.002171
1749267555,0.00217700,5661574.00,0.002171
1749267555,0.00217800,4527052.00,0.002171
1749267555,0.00217900,1935360.00,0.002171
1749267555,0.00218000,8706485.00,0.002171
1749267555,0.00218100,663232.00,0.002171
1749267555,0.00218200,845514.00,0.002171
1749267555,0.00218300,441072.00,0.002171
1749267555,0.00218400,630239.00,0.002171
1749267555,0.00218500,3465073.00,0.002171
1749267555,0.00218600,210186.00,0.002171
1749267555,0.00218700,206006.00,0.002171
1749267555,0.00218800,198912.00,0.002171
1749267555,0.00218900,1773239.00,0.002171
1749267555,0.00219000,625048.00,0.002171
1749267555,0.00219100,254274.00,0.002171
1749267555,0.00219200,2534955.00,0.002171
1749267555,0.00219300,10958.00,0.002171
1749267555,0.00219400,7455.00,0.002171
1749267555,0.00219500,165523.00,0.002171
1749267555,0.00219600,9741.00,0.002171
1749267555,0.00219700,4714.00,0.002171
1749267555,0.00219800,160257.00,0.002171
1749267555,0.00219900,194634.00,0.002171
1749267555,0.00220000,616898.00,0.002171
1749267555,0.00220100,157705.00,0.002171
1749267555,0.00220200,587020.00,0.002171
1749267555,0.00220300,164515.00,0.002171
1749267555,0.00220400,12254.00,0.002171
1749267555,0.00220500,4694.00,0.002171
1749267555,0.00220600,157694.00,0.002171
1749267555,0.00220700,10478.00,0.002171
1749267555,0.00220800,7189.00,0.002171
1749267555,0.00220900,164608.00,0.002171
1749267555,0.00221000,266879.00,0.002171
1749267555,0.00221100,167423.00,0.002171
1749267555,0.00221200,189580.00,0.002171
1749267555,0.00221300,15333.00,0.002171
1749267555,0.00221400,203229.00,0.002171
1749267555,0.00221500,11896.00,0.002171
1749267555,0.00221600,157672.00,0.002171
1749267555,0.00221700,8864.00,0.002171
1749267555,0.00221800,4667.00,0.002171
1749267555,0.00221900,438163.00,0.002171
1749267555,0.00222000,142264.00,0.002171
1749267555,0.00222100,4663.00,0.002171
1749267555,0.00222200,4659.00,0.002171
1749267555,0.00222300,119614.00,0.002171
1749267555,0.00222400,15794.00,0.002171
1749267555,0.00222500,4652.00,0.002171
1749267555,0.00222600,18039.00,0.002171
1749267555,0.00222700,4648.00,0.002171
1749267555,0.00222800,7163.00,0.002171
1749267555,0.00222900,4644.00,0.002171
1749267555,0.00223000,463784.00,0.002171
1749267555,0.00223100,8833.00,0.002171
1749267555,0.00223200,153854.00,0.002171
1749267555,0.00223300,21948.00,0.002171
1749267555,0.00223400,4633.00,0.002171
1749267555,0.00223500,4631.00,0.002171
1749267555,0.00223600,9648.00,0.002171
1749267555,0.00223700,10823.00,0.002171
1749267555,0.00223800,9525.00,0.002171
1749267555,0.00223900,4622.00,0.002171
1749267555,0.00224000,1119443.00,0.002171
1749267555,0.00224100,45558.00,0.002171
1749267555,0.00224200,10316.00,0.002171
1749267555,0.00224300,4614.00,0.002171
1749267555,0.00224400,7392.00,0.002171
1749267555,0.00224500,13812.00,0.002171
1749267555,0.00224600,533442.00,0.002171
1749267555,0.00224700,4605.00,0.002171
1749267555,0.00224800,3778.00,0.002171
1749267555,0.00224900,500000.00,0.002171
1749267555,0.00225000,289858.00,0.002171
1749267555,0.00225200,448815.00,0.002171
1749267555,0.00225300,10115.00,0.002171
1749267555,0.00225400,6781.00,0.002171
1749267555,0.00225500,9549.00,0.002171
1749267555,0.00225600,13297.00,0.002171
1749267555,0.00225800,37885.00,0.002171
1749267555,0.00226000,34754.00,0.002171
1749267555,0.00226100,2515.00,0.002171
1749267555,0.00226300,9833.00,0.002171
1749267555,0.00226400,6246.00,0.002171
1749267555,0.00226600,12674.00,0.002171
1749267555,0.00226900,159486.00,0.002171
1749267555,0.00227000,477256.00,0.002171
1749267555,0.00227100,2781.00,0.002171
1749267555,0.00227200,13389.00,0.002171
1749267555,0.00227300,38993.00,0.002171
1749267555,0.00227400,4194.00,0.002171
1749267555,0.00227500,9241.00,0.002171
1749267555,0.00227600,7204.00,0.002171
1749267555,0.00227800,24294.00,0.002171
1749267555,0.00228000,258127.00,0.002171
1749267856,0.00217800,281717.00,0.002177
1749267856,0.00217900,4111531.00,0.002177
1749267856,0.00218000,5953563.00,0.002177
1749267856,0.00218100,7384679.00,0.002177
1749267856,0.00218200,6729731.00,0.002177
1749267856,0.00218300,2432622.00,0.002177
1749267856,0.00218400,7906131.00,0.002177
1749267856,0.00218500,2029750.00,0.002177
1749267856,0.00218600,3940508.00,0.002177
1749267856,0.00218700,1997503.00,0.002177
1749267856,0.00218800,4350237.00,0.002177
1749267856,0.00218900,1228125.00,0.002177
1749267856,0.00219000,704579.00,0.002177
1749267856,0.00219100,3060668.00,0.002177
1749267856,0.00219200,350053.00,0.002177
1749267856,0.00219300,200018.00,0.002177
1749267856,0.00219400,163906.00,0.002177
1749267856,0.00219500,984252.00,0.002177
1749267856,0.00219600,474549.00,0.002177
1749267856,0.00219700,176313.00,0.002177
1749267856,0.00219800,2546969.00,0.002177
1749267856,0.00219900,162838.00,0.002177
1749267856,0.00220000,632056.00,0.002177
1749267856,0.00220100,157705.00,0.002177
1749267856,0.00220200,157703.00,0.002177
1749267856,0.00220300,164515.00,0.002177
1749267856,0.00220400,12254.00,0.002177
1749267856,0.00220500,157694.00,0.002177
1749267856,0.00220600,157694.00,0.002177
1749267856,0.00220700,10478.00,0.002177
1749267856,0.00220800,298989.00,0.002177
1749267856,0.00220900,164608.00,0.002177
1749267856,0.00221000,446888.00,0.002177
1749267856,0.00221100,14423.00,0.002177
1749267856,0.00221200,189580.00,0.002177
1749267856,0.00221300,15333.00,0.002177
1749267856,0.00221400,50229.00,0.002177
1749267856,0.00221500,11896.00,0.002177
1749267856,0.00221600,116356.00,0.002177
1749267856,0.00221700,8864.00,0.002177
1749267856,0.00221800,4667.00,0.002177
1749267856,0.00221900,285163.00,0.002177
1749267856,0.00222000,142264.00,0.002177
1749267856,0.00222100,4663.00,0.002177
1749267856,0.00222200,4659.00,0.002177
1749267856,0.00222300,119614.00,0.002177
1749267856,0.00222400,15794.00,0.002177
1749267856,0.00222500,4652.00,0.002177
1749267856,0.00222600,18039.00,0.002177
1749267856,0.00222700,4648.00,0.002177
1749267856,0.00222800,7163.00,0.002177
1749267856,0.00222900,4644.00,0.002177
1749267856,0.00223000,13932.00,0.002177
1749267856,0.00223100,8833.00,0.002177
1749267856,0.00223200,45265.00,0.002177
1749267856,0.00223300,21948.00,0.002177
1749267856,0.00223400,4633.00,0.002177
1749267856,0.00223500,4631.00,0.002177
1749267856,0.00223600,9648.00,0.002177
1749267856,0.00223700,460675.00,0.002177
1749267856,0.00223800,9525.00,0.002177
1749267856,0.00223900,129763.00,0.002177
1749267856,0.00224000,1119443.00,0.002177
1749267856,0.00224100,45558.00,0.002177
1749267856,0.00224200,10316.00,0.002177
1749267856,0.00224300,4614.00,0.002177
1749267856,0.00224400,7392.00,0.002177
1749267856,0.00224500,13812.00,0.002177
1749267856,0.00224600,533442.00,0.002177
1749267856,0.00224700,4605.00,0.002177
1749267856,0.00224800,8381.00,0.002177
1749267856,0.00224900,504601.00,0.002177
1749267856,0.00225000,176920.00,0.002177
1749267856,0.00225100,4597.00,0.002177
1749267856,0.00225200,4594.00,0.002177
1749267856,0.00225300,14707.00,0.002177
1749267856,0.00225400,6781.00,0.002177
1749267856,0.00225500,9549.00,0.002177
1749267856,0.00225600,130833.00,0.002177
1749267856,0.00225800,486700.00,0.002177
1749267856,0.00226000,34754.00,0.002177
1749267856,0.00226100,2515.00,0.002177
1749267856,0.00226300,9833.00,0.002177
1749267856,0.00226400,6246.00,0.002177
1749267856,0.00226600,12674.00,0.002177
1749267856,0.00226900,45621.00,0.002177
1749267856,0.00227000,15488.00,0.002177
1749267856,0.00227100,2781.00,0.002177
1749267856,0.00227200,13389.00,0.002177
1749267856,0.00227300,38993.00,0.002177
1749267856,0.00227400,4194.00,0.002177
1749267856,0.00227500,123106.00,0.002177
1749267856,0.00227600,468972.00,0.002177
1749267856,0.00227800,24294.00,0.002177
1749267856,0.00228000,262093.00,0.002177
1749267856,0.00228100,4384.00,0.002177
1749267856,0.00228200,21901.00,0.002177
1749267856,0.00228300,6014.00,0.002177
1749267856,0.00228500,33777.00,0.002177
1749267856,0.00228600,2515.00,0.002177
1749268158,0.00217800,630423.00,0.002177
1749268158,0.00217900,3333058.00,0.002177
1749268158,0.00218000,5733277.00,0.002177
1749268158,0.00218100,7790926.00,0.002177
1749268158,0.00218200,5453034.00,0.002177
1749268158,0.00218300,8236452.00,0.002177
1749268158,0.00218400,1886159.00,0.002177
1749268158,0.00218500,718738.00,0.002177
1749268158,0.00218600,928522.00,0.002177
1749268158,0.00218700,1959679.00,0.002177
1749268158,0.00218800,4585703.00,0.002177
1749268158,0.00218900,992659.00,0.002177
1749268158,0.00219000,3211568.00,0.002177
1749268158,0.00219100,515789.00,0.002177
1749268158,0.00219200,327411.00,0.002177
1749268158,0.00219300,222806.00,0.002177
1749268158,0.00219400,163906.00,0.002177
1749268158,0.00219500,984252.00,0.002177
1749268158,0.00219600,626063.00,0.002177
1749268158,0.00219700,2541375.00,0.002177
1749268158,0.00219800,182121.00,0.002177
1749268158,0.00219900,162838.00,0.002177
1749268158,0.00220000,632056.00,0.002177
1749268158,0.00220100,157705.00,0.002177
1749268158,0.00220200,157703.00,0.002177
1749268158,0.00220300,164515.00,0.002177
