timestamp,price,volume,current_price
1749254710,0.00210500,244759.00,0.002104
1749254710,0.00210600,1602070.00,0.002104
1749254710,0.00210700,3495718.00,0.002104
1749254710,0.00210800,6321577.00,0.002104
1749254710,0.00210900,5820874.00,0.002104
1749254710,0.00211000,4469110.00,0.002104
1749254710,0.00211100,1045267.00,0.002104
1749254710,0.00211200,2643015.00,0.002104
1749254710,0.00211300,3786281.00,0.002104
1749254710,0.00211400,878337.00,0.002104
1749254710,0.00211500,1933555.00,0.002104
1749254710,0.00211600,6404525.00,0.002104
1749254710,0.00211700,1822768.00,0.002104
1749254710,0.00211800,4397975.00,0.002104
1749254710,0.00211900,394864.00,0.002104
1749254710,0.00212000,235060.00,0.002104
1749254710,0.00212100,419057.00,0.002104
1749254710,0.00212200,403188.00,0.002104
1749254710,0.00212300,391297.00,0.002104
1749254710,0.00212400,1017562.00,0.002104
1749254710,0.00212500,2839845.00,0.002104
1749254710,0.00212600,396993.00,0.002104
1749254710,0.00212700,391290.00,0.002104
1749254710,0.00212800,409540.00,0.002104
1749254710,0.00212900,391287.00,0.002104
1749254710,0.00213000,391285.00,0.002104
1749254710,0.00213100,184866.00,0.002104
1749254710,0.00213200,163818.00,0.002104
1749254710,0.00213300,182548.00,0.002104
1749254710,0.00213400,201863.00,0.002104
1749254710,0.00213500,158848.00,0.002104
1749254710,0.00213600,163843.00,0.002104
1749254710,0.00213700,4717.00,0.002104
1749254710,0.00213800,7338.00,0.002104
1749254710,0.00213900,451528.00,0.002104
1749254710,0.00214000,14812.00,0.002104
1749254710,0.00214100,7138.00,0.002104
1749254710,0.00214200,4717.00,0.002104
1749254710,0.00214300,12573.00,0.002104
1749254710,0.00214400,7287.00,0.002104
1749254710,0.00214500,4717.00,0.002104
1749254710,0.00214600,14751.00,0.002104
1749254710,0.00214700,144432.00,0.002104
1749254710,0.00214800,11426.00,0.002104
1749254710,0.00214900,4717.00,0.002104
1749254710,0.00215000,118911.00,0.002104
1749254710,0.00215100,4717.00,0.002104
1749254710,0.00215200,4717.00,0.002104
1749254710,0.00215300,4717.00,0.002104
1749254710,0.00215400,4717.00,0.002104
1749254710,0.00215500,4717.00,0.002104
1749254710,0.00215600,7232.00,0.002104
1749254710,0.00215700,4717.00,0.002104
1749254710,0.00215800,18703.00,0.002104
1749254710,0.00215900,4717.00,0.002104
1749254710,0.00216000,83381.00,0.002104
1749254710,0.00216100,42534.00,0.002104
1749254710,0.00216200,37003.00,0.002104
1749254710,0.00216300,4717.00,0.002104
1749254710,0.00216400,7232.00,0.002104
1749254710,0.00216500,19095.00,0.002104
1749254710,0.00216600,4717.00,0.002104
1749254710,0.00216700,14653.00,0.002104
1749254710,0.00216800,7498.00,0.002104
1749254710,0.00216900,4717.00,0.002104
1749254710,0.00217000,4717.00,0.002104
1749254710,0.00217100,457190.00,0.002104
1749254710,0.00217200,10047.00,0.002104
1749254710,0.00217300,113354.00,0.002104
1749254710,0.00217400,4765.00,0.002104
1749254710,0.00217500,8957.00,0.002104
1749254710,0.00217600,8435.00,0.002104
1749254710,0.00217700,27760.00,0.002104
1749254710,0.00217800,36387.00,0.002104
1749254710,0.00217900,4754.00,0.002104
1749254710,0.00218000,595222.00,0.002104
1749254710,0.00218200,2421.00,0.002104
1749254710,0.00218600,2645.00,0.002104
1749254710,0.00218700,44808.00,0.002104
1749254710,0.00218800,12354.00,0.002104
1749254710,0.00218900,504194.00,0.002104
1749254710,0.00219000,5694.00,0.002104
1749254710,0.00219100,448815.00,0.002104
1749254710,0.00219300,6429.00,0.002104
1749254710,0.00219500,125339.00,0.002104
1749254710,0.00219600,2515.00,0.002104
1749254710,0.00219900,5131.00,0.002104
1749254710,0.00220000,460317.00,0.002104
1749254710,0.00220300,6815.00,0.002104
1749254710,0.00220400,5056.00,0.002104
1749254710,0.00220700,5789.00,0.002104
1749254710,0.00220900,6921.00,0.002104
1749254710,0.00221100,9740.00,0.002104
1749254710,0.00221200,22415.00,0.002104
1749254710,0.00221300,464413.00,0.002104
1749254710,0.00221400,163935.00,0.002104
1749254710,0.00221500,7222.00,0.002104
1749254710,0.00221700,4194.00,0.002104
1749254710,0.00221900,285007.00,0.002104
1749254710,0.00222000,7920.00,0.002104
1749255036,0.00210600,506786.00,0.002104
1749255036,0.00210700,4641896.00,0.002104
1749255036,0.00210800,3121632.00,0.002104
1749255036,0.00210900,3768402.00,0.002104
1749255036,0.00211000,2789242.00,0.002104
1749255036,0.00211100,2664229.00,0.002104
1749255036,0.00211200,3820542.00,0.002104
1749255036,0.00211300,5446212.00,0.002104
1749255036,0.00211400,1312380.00,0.002104
1749255036,0.00211500,445227.00,0.002104
1749255036,0.00211600,8366802.00,0.002104
1749255036,0.00211700,476812.00,0.002104
1749255036,0.00211800,1349290.00,0.002104
1749255036,0.00211900,442633.00,0.002104
1749255036,0.00212000,2981628.00,0.002104
1749255036,0.00212100,395492.00,0.002104
1749255036,0.00212200,426707.00,0.002104
1749255036,0.00212300,2084105.00,0.002104
1749255036,0.00212400,530288.00,0.002104
1749255036,0.00212500,2839154.00,0.002104
1749255036,0.00212600,890367.00,0.002104
1749255036,0.00212700,391290.00,0.002104
1749255036,0.00212800,393878.00,0.002104
1749255036,0.00212900,406949.00,0.002104
1749255036,0.00213000,391285.00,0.002104
1749255036,0.00213100,184866.00,0.002104
1749255036,0.00213200,163818.00,0.002104
1749255036,0.00213300,166396.00,0.002104
1749255036,0.00213400,201863.00,0.002104
1749255036,0.00213500,168268.00,0.002104
1749255036,0.00213600,163843.00,0.002104
1749255036,0.00213700,148127.00,0.002104
1749255036,0.00213800,176475.00,0.002104
1749255036,0.00213900,298528.00,0.002104
1749255036,0.00214000,14812.00,0.002104
1749255036,0.00214100,7138.00,0.002104
1749255036,0.00214200,4717.00,0.002104
1749255036,0.00214300,12573.00,0.002104
1749255036,0.00214400,7287.00,0.002104
1749255036,0.00214500,4717.00,0.002104
1749255036,0.00214600,14751.00,0.002104
1749255036,0.00214700,144432.00,0.002104
1749255036,0.00214800,13996.00,0.002104
1749255036,0.00214900,4717.00,0.002104
1749255036,0.00215000,118911.00,0.002104
1749255036,0.00215100,4717.00,0.002104
1749255036,0.00215200,4717.00,0.002104
1749255036,0.00215300,4717.00,0.002104
1749255036,0.00215400,4717.00,0.002104
1749255036,0.00215500,4717.00,0.002104
1749255036,0.00215600,7232.00,0.002104
1749255036,0.00215700,4717.00,0.002104
1749255036,0.00215800,18703.00,0.002104
1749255036,0.00215900,4717.00,0.002104
1749255036,0.00216000,83381.00,0.002104
1749255036,0.00216100,42534.00,0.002104
1749255036,0.00216200,37003.00,0.002104
1749255036,0.00216300,4717.00,0.002104
1749255036,0.00216400,7232.00,0.002104
1749255036,0.00216500,19095.00,0.002104
1749255036,0.00216600,4717.00,0.002104
1749255036,0.00216700,14653.00,0.002104
1749255036,0.00216800,7498.00,0.002104
1749255036,0.00216900,4717.00,0.002104
1749255036,0.00217000,4717.00,0.002104
1749255036,0.00217100,457190.00,0.002104
1749255036,0.00217200,10047.00,0.002104
1749255036,0.00217300,113354.00,0.002104
1749255036,0.00217400,4765.00,0.002104
1749255036,0.00217500,8957.00,0.002104
1749255036,0.00217600,8435.00,0.002104
1749255036,0.00217700,27760.00,0.002104
1749255036,0.00217800,36387.00,0.002104
1749255036,0.00217900,4754.00,0.002104
1749255036,0.00218000,595225.00,0.002104
1749255036,0.00218100,4749.00,0.002104
1749255036,0.00218200,2421.00,0.002104
1749255036,0.00218600,2645.00,0.002104
1749255036,0.00218700,44808.00,0.002104
1749255036,0.00218800,12354.00,0.002104
1749255036,0.00218900,504194.00,0.002104
1749255036,0.00219000,5694.00,0.002104
1749255036,0.00219100,448815.00,0.002104
1749255036,0.00219300,6429.00,0.002104
1749255036,0.00219500,125339.00,0.002104
1749255036,0.00219600,2515.00,0.002104
1749255036,0.00219900,5131.00,0.002104
1749255036,0.00220000,460317.00,0.002104
1749255036,0.00220300,6815.00,0.002104
1749255036,0.00220400,5056.00,0.002104
1749255036,0.00220700,5789.00,0.002104
1749255036,0.00220900,6921.00,0.002104
1749255036,0.00221100,9740.00,0.002104
1749255036,0.00221200,22415.00,0.002104
1749255036,0.00221300,464413.00,0.002104
1749255036,0.00221400,163935.00,0.002104
1749255036,0.00221500,7222.00,0.002104
1749255036,0.00221700,4194.00,0.002104
1749255036,0.00221900,285007.00,0.002104
1749255036,0.00222000,7920.00,0.002104
