timestamp,price,volume,current_price
1749254707,1.20750000,283.20000000,1.2057
1749254707,1.20760000,151.90000000,1.2057
1749254707,1.20770000,20.10000000,1.2057
1749254707,1.20780000,116.70000000,1.2057
1749254707,1.20790000,369.10000000,1.2057
1749254707,1.20800000,159.10000000,1.2057
1749254707,1.20810000,20.00000000,1.2057
1749254707,1.20820000,363.80000000,1.2057
1749254707,1.20830000,20.00000000,1.2057
1749254707,1.20840000,598.10000000,1.2057
1749254707,1.20850000,1772.90000000,1.2057
1749254707,1.20860000,2283.60000000,1.2057
1749254707,1.20870000,1278.70000000,1.2057
1749254707,1.20880000,2434.80000000,1.2057
1749254707,1.20890000,2365.30000000,1.2057
1749254707,1.20900000,2067.80000000,1.2057
1749254707,1.20910000,1528.80000000,1.2057
1749254707,1.20920000,5345.40000000,1.2057
1749254707,1.20930000,2569.10000000,1.2057
1749254707,1.20940000,2576.70000000,1.2057
1749254707,1.20950000,1980.70000000,1.2057
1749254707,1.20960000,1687.70000000,1.2057
1749254707,1.20970000,8.30000000,1.2057
1749254707,1.20980000,2973.30000000,1.2057
1749254707,1.20990000,3110.40000000,1.2057
1749254707,1.21000000,3169.90000000,1.2057
1749254707,1.21010000,142.80000000,1.2057
1749254707,1.21020000,802.20000000,1.2057
1749254707,1.21030000,90.90000000,1.2057
1749254707,1.21040000,1203.80000000,1.2057
1749254707,1.21050000,1199.20000000,1.2057
1749254707,1.21060000,97.10000000,1.2057
1749254707,1.21070000,8.30000000,1.2057
1749254707,1.21080000,5667.10000000,1.2057
1749254707,1.21090000,206.50000000,1.2057
1749254707,1.21100000,1199.20000000,1.2057
1749254707,1.21110000,1258.90000000,1.2057
1749254707,1.21120000,1205.40000000,1.2057
1749254707,1.21130000,91.30000000,1.2057
1749254707,1.21140000,802.30000000,1.2057
1749254707,1.21150000,1349.80000000,1.2057
1749254707,1.21160000,8.40000000,1.2057
1749254707,1.21170000,8.40000000,1.2057
1749254707,1.21180000,14.60000000,1.2057
1749254707,1.21190000,107.30000000,1.2057
1749254707,1.21200000,2394.80000000,1.2057
1749254707,1.21210000,91.30000000,1.2057
1749254707,1.21220000,802.30000000,1.2057
1749254707,1.21230000,8.40000000,1.2057
1749254707,1.21240000,14.60000000,1.2057
1749254707,1.21250000,8.40000000,1.2057
1749254707,1.21260000,1411.70000000,1.2057
1749254707,1.21270000,156.30000000,1.2057
1749254707,1.21280000,91.30000000,1.2057
1749254707,1.21290000,39566.00000000,1.2057
1749254707,1.21300000,2381.20000000,1.2057
1749254707,1.21310000,1199.30000000,1.2057
1749254707,1.21320000,13.00000000,1.2057
1749254707,1.21330000,8.40000000,1.2057
1749254707,1.21340000,8.40000000,1.2057
1749254707,1.21350000,91.30000000,1.2057
1749254707,1.21360000,1205.50000000,1.2057
1749254707,1.21370000,802.30000000,1.2057
1749254707,1.21380000,8.40000000,1.2057
1749254707,1.21390000,107.10000000,1.2057
1749254707,1.21400000,1376.50000000,1.2057
1749254707,1.21410000,1352.20000000,1.2057
1749254707,1.21420000,14.60000000,1.2057
1749254707,1.21430000,8.40000000,1.2057
1749254707,1.21440000,12.90000000,1.2057
1749254707,1.21450000,8.30000000,1.2057
1749254707,1.21460000,1199.20000000,1.2057
1749254707,1.21470000,1174.30000000,1.2057
1749254707,1.21480000,14.50000000,1.2057
1749254707,1.21490000,24.20000000,1.2057
1749254707,1.21500000,1199.20000000,1.2057
1749254707,1.21510000,1200.10000000,1.2057
1749254707,1.21530000,793.90000000,1.2057
1749254707,1.21540000,6.20000000,1.2057
1749254707,1.21560000,4.60000000,1.2057
1749254707,1.21570000,1335.80000000,1.2057
1749254707,1.21580000,1190.90000000,1.2057
1749254707,1.21590000,15.90000000,1.2057
1749254707,1.21600000,6.20000000,1.2057
1749254707,1.21620000,1190.90000000,1.2057
1749254707,1.21660000,1197.10000000,1.2057
1749254707,1.21670000,1190.90000000,1.2057
1749254707,1.21680000,4.60000000,1.2057
1749254707,1.21690000,160.80000000,1.2057
1749254707,1.21720000,1197.10000000,1.2057
1749254707,1.21730000,298.40000000,1.2057
1749254707,1.21740000,1190.90000000,1.2057
1749254707,1.21770000,1190.90000000,1.2057
1749254707,1.21780000,6.20000000,1.2057
1749254707,1.21790000,83.60000000,1.2057
1749254707,1.21800000,6148.60000000,1.2057
1749254707,1.21810000,151.90000000,1.2057
1749254707,1.21820000,2381.80000000,1.2057
1749254707,1.21840000,6.20000000,1.2057
1749254707,1.21870000,1190.90000000,1.2057
1749255032,1.20310000,452.30000000,1.2033
1749255032,1.20320000,159.80000000,1.2033
1749255032,1.20330000,178.70000000,1.2033
1749255032,1.20340000,171.00000000,1.2033
1749255032,1.20350000,360.00000000,1.2033
1749255032,1.20360000,308.80000000,1.2033
1749255032,1.20370000,91.90000000,1.2033
1749255032,1.20380000,170.70000000,1.2033
1749255032,1.20390000,77.30000000,1.2033
1749255032,1.20400000,124.20000000,1.2033
1749255032,1.20410000,396.30000000,1.2033
1749255032,1.20420000,155.40000000,1.2033
1749255032,1.20430000,264.90000000,1.2033
1749255032,1.20440000,541.90000000,1.2033
1749255032,1.20450000,1464.70000000,1.2033
1749255032,1.20460000,2557.60000000,1.2033
1749255032,1.20470000,3372.00000000,1.2033
1749255032,1.20480000,5636.40000000,1.2033
1749255032,1.20490000,11653.10000000,1.2033
1749255032,1.20500000,1213.00000000,1.2033
1749255032,1.20510000,97.70000000,1.2033
1749255032,1.20520000,548.20000000,1.2033
1749255032,1.20530000,1152.30000000,1.2033
1749255032,1.20540000,773.00000000,1.2033
1749255032,1.20550000,2671.70000000,1.2033
1749255032,1.20560000,842.90000000,1.2033
1749255032,1.20570000,142.90000000,1.2033
1749255032,1.20580000,1202.60000000,1.2033
1749255032,1.20590000,5615.10000000,1.2033
1749255032,1.20600000,4823.70000000,1.2033
1749255032,1.20610000,2438.50000000,1.2033
1749255032,1.20620000,921.20000000,1.2033
1749255032,1.20630000,8.40000000,1.2033
1749255032,1.20640000,19.20000000,1.2033
1749255032,1.20650000,91.20000000,1.2033
1749255032,1.20660000,8.30000000,1.2033
1749255032,1.20670000,2390.10000000,1.2033
1749255032,1.20680000,2215.40000000,1.2033
1749255032,1.20690000,3548.50000000,1.2033
1749255032,1.20700000,14.60000000,1.2033
1749255032,1.20710000,389.20000000,1.2033
1749255032,1.20720000,1385.10000000,1.2033
1749255032,1.20730000,8.30000000,1.2033
1749255032,1.20740000,952.20000000,1.2033
1749255032,1.20750000,1199.20000000,1.2033
1749255032,1.20760000,101.90000000,1.2033
1749255032,1.20770000,1199.20000000,1.2033
1749255032,1.20780000,8.30000000,1.2033
1749255032,1.20790000,24.20000000,1.2033
1749255032,1.20800000,8.30000000,1.2033
1749255032,1.20810000,1341.60000000,1.2033
1749255032,1.20820000,1205.50000000,1.2033
1749255032,1.20830000,1993.10000000,1.2033
1749255032,1.20840000,12.90000000,1.2033
1749255032,1.20850000,45749.20000000,1.2033
1749255032,1.20860000,243.70000000,1.2033
1749255032,1.20870000,1199.20000000,1.2033
1749255032,1.20880000,14.60000000,1.2033
1749255032,1.20890000,818.10000000,1.2033
1749255032,1.20900000,91.20000000,1.2033
1749255032,1.20910000,1199.20000000,1.2033
1749255032,1.20920000,91.20000000,1.2033
1749255032,1.20930000,1199.20000000,1.2033
1749255032,1.20940000,1351.10000000,1.2033
1749255032,1.20950000,895.10000000,1.2033
1749255032,1.20960000,12.90000000,1.2033
1749255032,1.20970000,8.30000000,1.2033
1749255032,1.20980000,1199.20000000,1.2033
1749255032,1.20990000,1362.20000000,1.2033
1749255032,1.21000000,14.60000000,1.2033
1749255032,1.21010000,802.20000000,1.2033
1749255032,1.21020000,8.30000000,1.2033
1749255032,1.21030000,1199.20000000,1.2033
1749255032,1.21040000,8.30000000,1.2033
1749255032,1.21050000,8.30000000,1.2033
1749255032,1.21060000,14.50000000,1.2033
1749255032,1.21070000,1984.80000000,1.2033
1749255032,1.21080000,1195.50000000,1.2033
1749255032,1.21090000,110.30000000,1.2033
1749255032,1.21120000,6.20000000,1.2033
1749255032,1.21130000,1190.90000000,1.2033
1749255032,1.21140000,793.90000000,1.2033
1749255032,1.21150000,147.40000000,1.2033
1749255032,1.21160000,1190.90000000,1.2033
1749255032,1.21180000,1197.10000000,1.2033
1749255032,1.21190000,15.90000000,1.2033
1749255032,1.21200000,798.50000000,1.2033
1749255032,1.21230000,1190.90000000,1.2033
1749255032,1.21240000,1197.10000000,1.2033
1749255032,1.21250000,147.80000000,1.2033
1749255032,1.21260000,793.90000000,1.2033
1749255032,1.21270000,129.50000000,1.2033
1749255032,1.21280000,1190.90000000,1.2033
1749255032,1.21290000,15.90000000,1.2033
1749255032,1.21300000,469.00000000,1.2033
1749255032,1.21320000,1195.50000000,1.2033
1749255032,1.21330000,793.90000000,1.2033
1749255032,1.21350000,1190.90000000,1.2033
1749255032,1.21360000,6.20000000,1.2033
1749255032,1.21390000,809.80000000,1.2033
