timestamp,price,volume,current_price
1749260840,1.22600000,157.40000000,1.226
1749260840,1.22610000,82.80000000,1.226
1749260840,1.22620000,174.80000000,1.226
1749260840,1.22630000,119.50000000,1.226
1749260840,1.22640000,219.50000000,1.226
1749260840,1.22650000,622.50000000,1.226
1749260840,1.22660000,1006.30000000,1.226
1749260840,1.22670000,50.40000000,1.226
1749260840,1.22680000,467.10000000,1.226
1749260840,1.22690000,1818.70000000,1.226
1749260840,1.22700000,4399.50000000,1.226
1749260840,1.22710000,2330.00000000,1.226
1749260840,1.22720000,2448.40000000,1.226
1749260840,1.22730000,2155.50000000,1.226
1749260840,1.22740000,561.10000000,1.226
1749260840,1.22750000,1781.20000000,1.226
1749260840,1.22760000,1003.70000000,1.226
1749260840,1.22770000,279.20000000,1.226
1749260840,1.22780000,878.40000000,1.226
1749260840,1.22790000,779.70000000,1.226
1749260840,1.22800000,3880.10000000,1.226
1749260840,1.22810000,4182.40000000,1.226
1749260840,1.22820000,1527.30000000,1.226
1749260840,1.22830000,211.90000000,1.226
1749260840,1.22840000,391.40000000,1.226
1749260840,1.22850000,1493.50000000,1.226
1749260840,1.22860000,854.80000000,1.226
1749260840,1.22870000,1147.90000000,1.226
1749260840,1.22880000,3663.10000000,1.226
1749260840,1.22890000,1073.70000000,1.226
1749260840,1.22900000,2604.20000000,1.226
1749260840,1.22910000,1262.00000000,1.226
1749260840,1.22920000,417.50000000,1.226
1749260840,1.22930000,1293.70000000,1.226
1749260840,1.22940000,1258.80000000,1.226
1749260840,1.22950000,89.70000000,1.226
1749260840,1.22960000,394.50000000,1.226
1749260840,1.22970000,8.20000000,1.226
1749260840,1.22980000,409.50000000,1.226
1749260840,1.22990000,2114.70000000,1.226
1749260840,1.23000000,12.70000000,1.226
1749260840,1.23010000,1262.00000000,1.226
1749260840,1.23020000,8.20000000,1.226
1749260840,1.23030000,89.60000000,1.226
1749260840,1.23040000,1272.60000000,1.226
1749260840,1.23050000,1728.20000000,1.226
1749260840,1.23060000,1830.40000000,1.226
1749260840,1.23070000,8.20000000,1.226
1749260840,1.23080000,89.70000000,1.226
1749260840,1.23090000,2532.60000000,1.226
1749260840,1.23100000,2714.80000000,1.226
1749260840,1.23110000,157.30000000,1.226
1749260840,1.23120000,384.80000000,1.226
1749260840,1.23130000,8.20000000,1.226
1749260840,1.23140000,1340.30000000,1.226
1749260840,1.23150000,39888.10000000,1.226
1749260840,1.23160000,2142.90000000,1.226
1749260840,1.23170000,89.70000000,1.226
1749260840,1.23180000,8.20000000,1.226
1749260840,1.23190000,2114.70000000,1.226
1749260840,1.23200000,8.20000000,1.226
1749260840,1.23210000,1401.70000000,1.226
1749260840,1.23220000,95.80000000,1.226
1749260840,1.23230000,8.20000000,1.226
1749260840,1.23240000,4710.40000000,1.226
1749260840,1.23250000,844.10000000,1.226
1749260840,1.23260000,8.20000000,1.226
1749260840,1.23270000,1262.00000000,1.226
1749260840,1.23280000,14.30000000,1.226
1749260840,1.23290000,25.00000000,1.226
1749260840,1.23300000,8.20000000,1.226
1749260840,1.23310000,2097.90000000,1.226
1749260840,1.23320000,8.20000000,1.226
1749260840,1.23330000,8.20000000,1.226
1749260840,1.23340000,1268.10000000,1.226
1749260840,1.23350000,8.20000000,1.226
1749260840,1.23360000,4.50000000,1.226
1749260840,1.23370000,152.50000000,1.226
1749260840,1.23390000,16.80000000,1.226
1749260840,1.23400000,1259.90000000,1.226
1749260840,1.23410000,9.20000000,1.226
1749260840,1.23430000,835.90000000,1.226
1749260840,1.23450000,1284.40000000,1.226
1749260840,1.23460000,1259.90000000,1.226
1749260840,1.23480000,4.50000000,1.226
1749260840,1.23490000,97.80000000,1.226
1749260840,1.23500000,92.90000000,1.226
1749260840,1.23510000,94.40000000,1.226
1749260840,1.23520000,146.20000000,1.226
1749260840,1.23530000,1253.80000000,1.226
1749260840,1.23550000,835.90000000,1.226
1749260840,1.23580000,1260.00000000,1.226
1749260840,1.23590000,1270.60000000,1.226
1749260840,1.23600000,4.50000000,1.226
1749260840,1.23640000,7055.90000000,1.226
1749260840,1.23650000,231.50000000,1.226
1749260840,1.23660000,5499.70000000,1.226
1749260840,1.23670000,835.90000000,1.226
1749260840,1.23680000,1253.80000000,1.226
1749260840,1.23690000,16.80000000,1.226
1749261166,1.22680000,286.40000000,1.2267
1749261166,1.22690000,79.00000000,1.2267
1749261166,1.22700000,174.90000000,1.2267
1749261166,1.22710000,301.20000000,1.2267
1749261166,1.22720000,941.50000000,1.2267
1749261166,1.22730000,188.00000000,1.2267
1749261166,1.22740000,135.10000000,1.2267
1749261166,1.22750000,14.40000000,1.2267
1749261166,1.22760000,23.20000000,1.2267
1749261166,1.22770000,678.10000000,1.2267
1749261166,1.22780000,1934.30000000,1.2267
1749261166,1.22790000,867.10000000,1.2267
1749261166,1.22800000,687.20000000,1.2267
1749261166,1.22810000,1181.80000000,1.2267
1749261166,1.22820000,1490.80000000,1.2267
1749261166,1.22830000,4004.70000000,1.2267
1749261166,1.22840000,3012.70000000,1.2267
1749261166,1.22850000,3187.90000000,1.2267
1749261166,1.22860000,1234.70000000,1.2267
1749261166,1.22870000,2223.50000000,1.2267
1749261166,1.22880000,3247.50000000,1.2267
1749261166,1.22890000,1106.60000000,1.2267
1749261166,1.22900000,430.20000000,1.2267
1749261166,1.22910000,2482.80000000,1.2267
1749261166,1.22920000,4774.70000000,1.2267
1749261166,1.22930000,386.80000000,1.2267
1749261166,1.22940000,1262.00000000,1.2267
1749261166,1.22950000,130.40000000,1.2267
1749261166,1.22960000,146.00000000,1.2267
1749261166,1.22970000,512.20000000,1.2267
1749261166,1.22980000,102.40000000,1.2267
1749261166,1.22990000,2114.70000000,1.2267
1749261166,1.23000000,12.70000000,1.2267
1749261166,1.23010000,2512.60000000,1.2267
1749261166,1.23020000,8.20000000,1.2267
1749261166,1.23030000,8.20000000,1.2267
1749261166,1.23040000,1272.60000000,1.2267
1749261166,1.23050000,1791.60000000,1.2267
1749261166,1.23060000,8.20000000,1.2267
1749261166,1.23070000,89.60000000,1.2267
1749261166,1.23080000,12.70000000,1.2267
1749261166,1.23090000,2532.60000000,1.2267
1749261166,1.23100000,850.20000000,1.2267
1749261166,1.23110000,1872.20000000,1.2267
1749261166,1.23120000,12.70000000,1.2267
1749261166,1.23130000,8.20000000,1.2267
1749261166,1.23140000,89.80000000,1.2267
1749261166,1.23150000,1262.00000000,1.2267
1749261166,1.23160000,1760.10000000,1.2267
1749261166,1.23170000,8.20000000,1.2267
1749261166,1.23180000,89.70000000,1.2267
1749261166,1.23190000,2114.70000000,1.2267
1749261166,1.23200000,1871.70000000,1.2267
1749261166,1.23210000,6189.70000000,1.2267
1749261166,1.23220000,14.30000000,1.2267
1749261166,1.23230000,40275.20000000,1.2267
1749261166,1.23240000,12.70000000,1.2267
1749261166,1.23250000,844.10000000,1.2267
1749261166,1.23260000,101.10000000,1.2267
1749261166,1.23270000,1343.50000000,1.2267
1749261166,1.23280000,386.40000000,1.2267
1749261166,1.23290000,25.00000000,1.2267
1749261166,1.23300000,89.70000000,1.2267
1749261166,1.23310000,2097.90000000,1.2267
1749261166,1.23320000,8.20000000,1.2267
1749261166,1.23330000,8.20000000,1.2267
1749261166,1.23340000,1268.10000000,1.2267
1749261166,1.23350000,8.20000000,1.2267
1749261166,1.23360000,144.50000000,1.2267
1749261166,1.23370000,844.10000000,1.2267
1749261166,1.23380000,8.20000000,1.2267
1749261166,1.23390000,25.00000000,1.2267
1749261166,1.23400000,1268.10000000,1.2267
1749261166,1.23410000,17.40000000,1.2267
1749261166,1.23420000,8.20000000,1.2267
1749261166,1.23430000,844.10000000,1.2267
1749261166,1.23450000,1284.40000000,1.2267
1749261166,1.23460000,1259.90000000,1.2267
1749261166,1.23480000,4.50000000,1.2267
1749261166,1.23490000,16.80000000,1.2267
1749261166,1.23500000,6.70000000,1.2267
1749261166,1.23510000,136.00000000,1.2267
1749261166,1.23520000,6.10000000,1.2267
1749261166,1.23530000,1253.80000000,1.2267
1749261166,1.23550000,835.90000000,1.2267
1749261166,1.23580000,1260.00000000,1.2267
1749261166,1.23590000,1270.60000000,1.2267
1749261166,1.23600000,4.50000000,1.2267
1749261166,1.23610000,67.70000000,1.2267
1749261166,1.23640000,1260.00000000,1.2267
1749261166,1.23650000,205.60000000,1.2267
1749261166,1.23670000,835.90000000,1.2267
1749261166,1.23680000,1253.80000000,1.2267
1749261166,1.23690000,16.80000000,1.2267
1749261166,1.23700000,6.20000000,1.2267
1749261166,1.23720000,4.50000000,1.2267
1749261166,1.23750000,5136.60000000,1.2267
1749261166,1.23760000,6.20000000,1.2267
1749261166,1.23790000,16.80000000,1.2267
1749261166,1.23800000,6.30000000,1.2267
1749261481,1.22830000,406.10000000,1.2284
1749261481,1.22840000,296.30000000,1.2284
1749261481,1.22850000,212.70000000,1.2284
1749261481,1.22860000,126.40000000,1.2284
1749261481,1.22870000,212.00000000,1.2284
1749261481,1.22880000,559.00000000,1.2284
1749261481,1.22890000,358.90000000,1.2284
1749261481,1.22900000,1072.60000000,1.2284
1749261481,1.22910000,14.40000000,1.2284
1749261481,1.22920000,161.90000000,1.2284
1749261481,1.22930000,96.40000000,1.2284
1749261481,1.22940000,18.90000000,1.2284
1749261481,1.22950000,55.40000000,1.2284
1749261481,1.22960000,781.10000000,1.2284
1749261481,1.22970000,3717.20000000,1.2284
1749261481,1.22980000,483.00000000,1.2284
1749261481,1.22990000,1534.60000000,1.2284
1749261481,1.23000000,18.90000000,1.2284
1749261481,1.23010000,8.20000000,1.2284
1749261481,1.23020000,12.70000000,1.2284
1749261481,1.23030000,1384.20000000,1.2284
1749261481,1.23040000,2221.90000000,1.2284
1749261481,1.23050000,130.40000000,1.2284
1749261481,1.23060000,151.90000000,1.2284
1749261481,1.23070000,4221.30000000,1.2284
1749261481,1.23080000,373.30000000,1.2284
1749261481,1.23090000,2532.60000000,1.2284
1749261481,1.23100000,14.30000000,1.2284
1749261481,1.23110000,130.40000000,1.2284
1749261481,1.23120000,1051.40000000,1.2284
1749261481,1.23130000,844.10000000,1.2284
1749261481,1.23140000,1330.80000000,1.2284
1749261481,1.23150000,1262.00000000,1.2284
1749261481,1.23160000,18.80000000,1.2284
1749261481,1.23170000,140.30000000,1.2284
1749261481,1.23180000,8.20000000,1.2284
1749261481,1.23190000,2114.70000000,1.2284
1749261481,1.23200000,1989.30000000,1.2284
1749261481,1.23210000,1262.00000000,1.2284
1749261481,1.23220000,14.30000000,1.2284
1749261481,1.23230000,8.20000000,1.2284
1749261481,1.23240000,94.30000000,1.2284
1749261481,1.23250000,2584.60000000,1.2284
1749261481,1.23260000,8.20000000,1.2284
1749261481,1.23270000,1262.00000000,1.2284
1749261481,1.23280000,14.30000000,1.2284
1749261481,1.23290000,25.00000000,1.2284
1749261481,1.23300000,1989.90000000,1.2284
1749261481,1.23310000,1262.00000000,1.2284
1749261481,1.23320000,860.10000000,1.2284
1749261481,1.23330000,8.20000000,1.2284
1749261481,1.23340000,1721.80000000,1.2284
1749261481,1.23350000,4790.60000000,1.2284
1749261481,1.23360000,1716.20000000,1.2284
1749261481,1.23370000,89.80000000,1.2284
1749261481,1.23380000,8.20000000,1.2284
1749261481,1.23390000,39040.80000000,1.2284
1749261481,1.23400000,1268.10000000,1.2284
1749261481,1.23410000,17.40000000,1.2284
1749261481,1.23420000,89.60000000,1.2284
1749261481,1.23430000,844.10000000,1.2284
1749261481,1.23440000,89.60000000,1.2284
1749261481,1.23450000,1292.60000000,1.2284
1749261481,1.23460000,1268.10000000,1.2284
1749261481,1.23470000,8.20000000,1.2284
1749261481,1.23480000,12.70000000,1.2284
1749261481,1.23490000,25.00000000,1.2284
1749261481,1.23500000,14.90000000,1.2284
1749261481,1.23510000,144.20000000,1.2284
1749261481,1.23520000,850.20000000,1.2284
1749261481,1.23530000,1262.00000000,1.2284
1749261481,1.23540000,8.20000000,1.2284
1749261481,1.23550000,8.20000000,1.2284
1749261481,1.23560000,8.20000000,1.2284
1749261481,1.23570000,8.20000000,1.2284
1749261481,1.23580000,1268.20000000,1.2284
1749261481,1.23590000,1270.60000000,1.2284
1749261481,1.23600000,4.50000000,1.2284
1749261481,1.23630000,835.90000000,1.2284
1749261481,1.23640000,1400.70000000,1.2284
1749261481,1.23680000,1253.80000000,1.2284
1749261481,1.23690000,111.20000000,1.2284
1749261481,1.23700000,6.20000000,1.2284
1749261481,1.23720000,4.50000000,1.2284
1749261481,1.23750000,6950.50000000,1.2284
1749261481,1.23760000,6.20000000,1.2284
1749261481,1.23790000,16.80000000,1.2284
1749261481,1.23800000,6.30000000,1.2284
1749261481,1.23810000,137.60000000,1.2284
1749261481,1.23820000,6.20000000,1.2284
1749261481,1.23830000,1253.80000000,1.2284
1749261481,1.23840000,4.50000000,1.2284
1749261481,1.23870000,835.90000000,1.2284
1749261481,1.23880000,5757.60000000,1.2284
1749261481,1.23890000,16.80000000,1.2284
1749261481,1.23900000,8.00000000,1.2284
1749261481,1.23920000,159.70000000,1.2284
1749261481,1.23940000,6.20000000,1.2284
1749261481,1.23960000,5866.40000000,1.2284
1749261481,1.23980000,1253.80000000,1.2284
1749261792,1.22450000,130.70000000,1.2246
1749261792,1.22460000,167.30000000,1.2246
1749261792,1.22470000,21.90000000,1.2246
1749261792,1.22480000,118.40000000,1.2246
1749261792,1.22490000,280.80000000,1.2246
1749261792,1.22500000,674.50000000,1.2246
1749261792,1.22510000,78.40000000,1.2246
1749261792,1.22520000,182.40000000,1.2246
1749261792,1.22530000,114.40000000,1.2246
1749261792,1.22540000,422.60000000,1.2246
1749261792,1.22550000,21.90000000,1.2246
1749261792,1.22560000,515.40000000,1.2246
1749261792,1.22570000,426.10000000,1.2246
1749261792,1.22580000,1755.40000000,1.2246
1749261792,1.22590000,2246.30000000,1.2246
1749261792,1.22600000,1807.10000000,1.2246
1749261792,1.22610000,2061.20000000,1.2246
1749261792,1.22620000,2517.80000000,1.2246
1749261792,1.22630000,849.70000000,1.2246
1749261792,1.22640000,144.50000000,1.2246
1749261792,1.22650000,4560.90000000,1.2246
1749261792,1.22660000,3081.60000000,1.2246
1749261792,1.22670000,1630.00000000,1.2246
1749261792,1.22680000,808.10000000,1.2246
1749261792,1.22690000,2431.20000000,1.2246
1749261792,1.22700000,1262.00000000,1.2246
1749261792,1.22710000,880.10000000,1.2246
1749261792,1.22720000,12.70000000,1.2246
1749261792,1.22730000,8.20000000,1.2246
1749261792,1.22740000,1268.20000000,1.2246
1749261792,1.22750000,1262.00000000,1.2246
1749261792,1.22760000,12.70000000,1.2246
1749261792,1.22770000,844.10000000,1.2246
1749261792,1.22780000,8.20000000,1.2246
1749261792,1.22790000,25.00000000,1.2246
1749261792,1.22800000,1272.70000000,1.2246
1749261792,1.22810000,161.80000000,1.2246
1749261792,1.22820000,2670.20000000,1.2246
1749261792,1.22830000,8.20000000,1.2246
1749261792,1.22840000,848.60000000,1.2246
1749261792,1.22850000,6465.50000000,1.2246
1749261792,1.22860000,14.40000000,1.2246
1749261792,1.22870000,89.80000000,1.2246
1749261792,1.22880000,12.70000000,1.2246
1749261792,1.22890000,25.00000000,1.2246
1749261792,1.22900000,4244.00000000,1.2246
1749261792,1.22910000,1262.00000000,1.2246
1749261792,1.22920000,14.40000000,1.2246
1749261792,1.22930000,8.20000000,1.2246
1749261792,1.22940000,89.70000000,1.2246
1749261792,1.22950000,3051.40000000,1.2246
1749261792,1.22960000,2147.50000000,1.2246
1749261792,1.22970000,1479.10000000,1.2246
1749261792,1.22980000,1268.20000000,1.2246
1749261792,1.22990000,25.00000000,1.2246
1749261792,1.23000000,38830.70000000,1.2246
1749261792,1.23010000,1813.70000000,1.2246
1749261792,1.23020000,844.10000000,1.2246
1749261792,1.23030000,89.60000000,1.2246
1749261792,1.23040000,1268.10000000,1.2246
1749261792,1.23050000,89.60000000,1.2246
1749261792,1.23060000,141.50000000,1.2246
1749261792,1.23070000,1262.00000000,1.2246
1749261792,1.23080000,6791.40000000,1.2246
1749261792,1.23090000,1278.80000000,1.2246
1749261792,1.23100000,14.30000000,1.2246
1749261792,1.23110000,8.20000000,1.2246
1749261792,1.23120000,12.70000000,1.2246
1749261792,1.23130000,97.00000000,1.2246
1749261792,1.23140000,844.10000000,1.2246
1749261792,1.23150000,1343.60000000,1.2246
1749261792,1.23160000,14.30000000,1.2246
1749261792,1.23170000,1262.00000000,1.2246
1749261792,1.23180000,8.20000000,1.2246
1749261792,1.23190000,25.00000000,1.2246
1749261792,1.23200000,988.40000000,1.2246
1749261792,1.23220000,1259.90000000,1.2246
1749261792,1.23230000,1253.80000000,1.2246
1749261792,1.23240000,4.50000000,1.2246
1749261792,1.23260000,835.90000000,1.2246
1749261792,1.23280000,6.10000000,1.2246
1749261792,1.23290000,1270.60000000,1.2246
1749261792,1.23310000,6677.40000000,1.2246
1749261792,1.23320000,835.90000000,1.2246
1749261792,1.23340000,1259.90000000,1.2246
1749261792,1.23360000,4.50000000,1.2246
1749261792,1.23370000,92.90000000,1.2246
1749261792,1.23380000,94.40000000,1.2246
1749261792,1.23390000,161.40000000,1.2246
1749261792,1.23400000,1259.90000000,1.2246
1749261792,1.23410000,9.20000000,1.2246
1749261792,1.23430000,835.90000000,1.2246
1749261792,1.23450000,1284.40000000,1.2246
1749261792,1.23460000,7162.30000000,1.2246
1749261792,1.23480000,4.50000000,1.2246
1749261792,1.23490000,16.80000000,1.2246
1749261792,1.23500000,6.70000000,1.2246
1749261792,1.23510000,136.00000000,1.2246
1749261792,1.23520000,842.00000000,1.2246
1749261792,1.23530000,6578.30000000,1.2246
1749262094,1.22280000,394.10000000,1.2228
1749262094,1.22290000,248.20000000,1.2228
1749262094,1.22300000,343.20000000,1.2228
1749262094,1.22310000,142.40000000,1.2228
1749262094,1.22320000,219.50000000,1.2228
1749262094,1.22330000,287.70000000,1.2228
1749262094,1.22340000,925.10000000,1.2228
1749262094,1.22350000,84.70000000,1.2228
1749262094,1.22360000,701.60000000,1.2228
1749262094,1.22370000,1273.10000000,1.2228
1749262094,1.22380000,705.10000000,1.2228
1749262094,1.22390000,2019.90000000,1.2228
1749262094,1.22400000,3249.30000000,1.2228
1749262094,1.22410000,562.40000000,1.2228
1749262094,1.22420000,2356.90000000,1.2228
1749262094,1.22430000,167.90000000,1.2228
1749262094,1.22440000,886.20000000,1.2228
1749262094,1.22450000,3277.40000000,1.2228
1749262094,1.22460000,2827.50000000,1.2228
1749262094,1.22470000,2987.10000000,1.2228
1749262094,1.22480000,2600.00000000,1.2228
1749262094,1.22490000,1347.60000000,1.2228
1749262094,1.22500000,2198.80000000,1.2228
1749262094,1.22510000,950.80000000,1.2228
1749262094,1.22520000,2934.70000000,1.2228
1749262094,1.22530000,1785.10000000,1.2228
1749262094,1.22540000,1266.80000000,1.2228
1749262094,1.22550000,8.20000000,1.2228
1749262094,1.22560000,3408.00000000,1.2228
1749262094,1.22570000,8.20000000,1.2228
1749262094,1.22580000,1262.00000000,1.2228
1749262094,1.22590000,1278.80000000,1.2228
1749262094,1.22600000,2761.90000000,1.2228
1749262094,1.22610000,8.20000000,1.2228
1749262094,1.22620000,86.30000000,1.2228
1749262094,1.22630000,89.80000000,1.2228
1749262094,1.22640000,1408.80000000,1.2228
1749262094,1.22650000,97.00000000,1.2228
1749262094,1.22660000,3820.80000000,1.2228
1749262094,1.22670000,89.80000000,1.2228
1749262094,1.22680000,1269.50000000,1.2228
1749262094,1.22690000,1278.80000000,1.2228
1749262094,1.22700000,8.20000000,1.2228
1749262094,1.22710000,1768.80000000,1.2228
1749262094,1.22720000,848.60000000,1.2228
1749262094,1.22730000,310.90000000,1.2228
1749262094,1.22740000,1268.20000000,1.2228
1749262094,1.22750000,3203.60000000,1.2228
1749262094,1.22760000,12.70000000,1.2228
1749262094,1.22770000,89.80000000,1.2228
1749262094,1.22780000,989.20000000,1.2228
1749262094,1.22790000,413.10000000,1.2228
1749262094,1.22800000,1268.20000000,1.2228
1749262094,1.22810000,1258.80000000,1.2228
1749262094,1.22820000,1262.00000000,1.2228
1749262094,1.22830000,39508.30000000,1.2228
1749262094,1.22840000,5632.70000000,1.2228
1749262094,1.22850000,1262.00000000,1.2228
1749262094,1.22860000,14.40000000,1.2228
1749262094,1.22870000,8.20000000,1.2228
1749262094,1.22880000,12.70000000,1.2228
1749262094,1.22890000,25.00000000,1.2228
1749262094,1.22900000,2179.60000000,1.2228
1749262094,1.22910000,1262.00000000,1.2228
1749262094,1.22920000,14.40000000,1.2228
1749262094,1.22930000,8.20000000,1.2228
1749262094,1.22940000,8.20000000,1.2228
1749262094,1.22950000,8.20000000,1.2228
1749262094,1.22960000,844.10000000,1.2228
1749262094,1.22970000,1397.60000000,1.2228
1749262094,1.22980000,1268.20000000,1.2228
1749262094,1.22990000,25.00000000,1.2228
1749262094,1.23000000,12.70000000,1.2228
1749262094,1.23010000,8.20000000,1.2228
1749262094,1.23020000,844.10000000,1.2228
1749262094,1.23030000,8.20000000,1.2228
1749262094,1.23040000,1352.80000000,1.2228
1749262094,1.23060000,94.40000000,1.2228
1749262094,1.23070000,1253.80000000,1.2228
1749262094,1.23080000,835.90000000,1.2228
1749262094,1.23090000,1270.60000000,1.2228
1749262094,1.23100000,5602.50000000,1.2228
1749262094,1.23120000,146.20000000,1.2228
1749262094,1.23140000,835.90000000,1.2228
1749262094,1.23150000,1253.80000000,1.2228
1749262094,1.23160000,6.10000000,1.2228
1749262094,1.23170000,1253.80000000,1.2228
1749262094,1.23190000,16.80000000,1.2228
1749262094,1.23200000,980.20000000,1.2228
1749262094,1.23220000,1259.90000000,1.2228
1749262094,1.23230000,1253.80000000,1.2228
1749262094,1.23240000,5546.80000000,1.2228
1749262094,1.23250000,81.00000000,1.2228
1749262094,1.23280000,6.10000000,1.2228
1749262094,1.23290000,1270.60000000,1.2228
1749262094,1.23310000,6819.70000000,1.2228
1749262094,1.23340000,1259.90000000,1.2228
1749262094,1.23350000,144.30000000,1.2228
1749262094,1.23360000,4.50000000,1.2228
1749262094,1.23390000,16.80000000,1.2228
1749262396,1.22930000,187.20000000,1.2294
1749262396,1.22940000,162.40000000,1.2294
1749262396,1.22950000,143.60000000,1.2294
1749262396,1.22960000,170.40000000,1.2294
1749262396,1.22970000,121.30000000,1.2294
1749262396,1.22980000,174.80000000,1.2294
1749262396,1.22990000,307.50000000,1.2294
1749262396,1.23000000,1315.30000000,1.2294
1749262396,1.23010000,5450.00000000,1.2294
1749262396,1.23020000,1301.20000000,1.2294
1749262396,1.23030000,1448.60000000,1.2294
1749262396,1.23040000,25.00000000,1.2294
1749262396,1.23050000,288.90000000,1.2294
1749262396,1.23060000,915.00000000,1.2294
1749262396,1.23070000,14.30000000,1.2294
1749262396,1.23080000,854.70000000,1.2294
1749262396,1.23090000,72.10000000,1.2294
1749262396,1.23100000,72.90000000,1.2294
1749262396,1.23110000,2188.90000000,1.2294
1749262396,1.23120000,4188.20000000,1.2294
1749262396,1.23130000,9040.80000000,1.2294
1749262396,1.23140000,848.60000000,1.2294
1749262396,1.23150000,4878.90000000,1.2294
1749262396,1.23160000,5382.20000000,1.2294
1749262396,1.23170000,1262.00000000,1.2294
1749262396,1.23180000,1214.20000000,1.2294
1749262396,1.23190000,157.10000000,1.2294
1749262396,1.23200000,848.60000000,1.2294
1749262396,1.23210000,8.20000000,1.2294
1749262396,1.23220000,1268.10000000,1.2294
1749262396,1.23230000,1262.00000000,1.2294
1749262396,1.23240000,153.10000000,1.2294
1749262396,1.23250000,8.20000000,1.2294
1749262396,1.23260000,916.10000000,1.2294
1749262396,1.23270000,8.20000000,1.2294
1749262396,1.23280000,405.20000000,1.2294
1749262396,1.23290000,1278.80000000,1.2294
1749262396,1.23300000,89.70000000,1.2294
1749262396,1.23310000,1262.00000000,1.2294
1749262396,1.23320000,848.60000000,1.2294
1749262396,1.23330000,89.70000000,1.2294
1749262396,1.23340000,1268.10000000,1.2294
1749262396,1.23350000,168.50000000,1.2294
1749262396,1.23360000,12.70000000,1.2294
1749262396,1.23370000,8.20000000,1.2294
1749262396,1.23380000,844.10000000,1.2294
1749262396,1.23390000,106.40000000,1.2294
1749262396,1.23400000,3494.10000000,1.2294
1749262396,1.23410000,17.40000000,1.2294
1749262396,1.23420000,8.20000000,1.2294
1749262396,1.23430000,89.60000000,1.2294
1749262396,1.23440000,925.40000000,1.2294
1749262396,1.23450000,3069.90000000,1.2294
1749262396,1.23460000,5953.00000000,1.2294
1749262396,1.23470000,8.20000000,1.2294
1749262396,1.23480000,40544.20000000,1.2294
1749262396,1.23490000,106.30000000,1.2294
1749262396,1.23500000,984.90000000,1.2294
1749262396,1.23510000,2578.70000000,1.2294
1749262396,1.23520000,95.60000000,1.2294
1749262396,1.23530000,1262.00000000,1.2294
1749262396,1.23540000,8.20000000,1.2294
1749262396,1.23550000,8.20000000,1.2294
1749262396,1.23560000,844.10000000,1.2294
1749262396,1.23570000,8.20000000,1.2294
1749262396,1.23580000,1268.20000000,1.2294
1749262396,1.23590000,1278.80000000,1.2294
1749262396,1.23600000,12.70000000,1.2294
1749262396,1.23610000,8.20000000,1.2294
1749262396,1.23620000,8.20000000,1.2294
1749262396,1.23630000,89.20000000,1.2294
1749262396,1.23640000,1408.90000000,1.2294
1749262396,1.23650000,8.20000000,1.2294
1749262396,1.23660000,8.20000000,1.2294
1749262396,1.23670000,8.20000000,1.2294
1749262396,1.23680000,2097.90000000,1.2294
1749262396,1.23690000,16.80000000,1.2294
1749262396,1.23700000,6.20000000,1.2294
1749262396,1.23710000,92.90000000,1.2294
1749262396,1.23720000,4.50000000,1.2294
1749262396,1.23740000,1348.20000000,1.2294
1749262396,1.23760000,6.20000000,1.2294
1749262396,1.23790000,16.80000000,1.2294
1749262396,1.23800000,6.30000000,1.2294
1749262396,1.23810000,137.60000000,1.2294
1749262396,1.23820000,6.20000000,1.2294
1749262396,1.23830000,1253.80000000,1.2294
1749262396,1.23840000,1258.30000000,1.2294
1749262396,1.23880000,6.20000000,1.2294
1749262396,1.23890000,16.80000000,1.2294
1749262396,1.23900000,8.00000000,1.2294
1749262396,1.23920000,20.00000000,1.2294
1749262396,1.23930000,143.30000000,1.2294
1749262396,1.23940000,1260.00000000,1.2294
1749262396,1.23960000,4.50000000,1.2294
1749262396,1.23970000,8284.00000000,1.2294
1749262396,1.23980000,1331.40000000,1.2294
1749262396,1.23990000,16.80000000,1.2294
1749262396,1.24000000,37.70000000,1.2294
1749262396,1.24040000,1389.90000000,1.2294
1749262699,1.22730000,66.00000000,1.2272
1749262699,1.22740000,78.40000000,1.2272
1749262699,1.22750000,142.40000000,1.2272
1749262699,1.22760000,78.40000000,1.2272
1749262699,1.22770000,147.50000000,1.2272
1749262699,1.22780000,59.50000000,1.2272
1749262699,1.22790000,14.40000000,1.2272
1749262699,1.22800000,222.90000000,1.2272
1749262699,1.22810000,568.00000000,1.2272
1749262699,1.22820000,1546.60000000,1.2272
1749262699,1.22830000,2447.50000000,1.2272
1749262699,1.22840000,1819.90000000,1.2272
1749262699,1.22850000,3871.60000000,1.2272
1749262699,1.22860000,2224.00000000,1.2272
1749262699,1.22870000,1245.40000000,1.2272
1749262699,1.22880000,3607.90000000,1.2272
1749262699,1.22890000,1813.00000000,1.2272
1749262699,1.22900000,344.30000000,1.2272
1749262699,1.22910000,1492.40000000,1.2272
1749262699,1.22920000,2685.30000000,1.2272
1749262699,1.22930000,9149.80000000,1.2272
1749262699,1.22940000,2400.80000000,1.2272
1749262699,1.22950000,2544.50000000,1.2272
1749262699,1.22960000,3619.90000000,1.2272
1749262699,1.22970000,2146.70000000,1.2272
1749262699,1.22980000,4975.20000000,1.2272
1749262699,1.22990000,240.10000000,1.2272
1749262699,1.23000000,1454.40000000,1.2272
1749262699,1.23010000,3407.70000000,1.2272
1749262699,1.23020000,848.60000000,1.2272
1749262699,1.23030000,961.00000000,1.2272
1749262699,1.23040000,3400.10000000,1.2272
1749262699,1.23050000,89.60000000,1.2272
1749262699,1.23060000,198.20000000,1.2272
1749262699,1.23070000,3766.40000000,1.2272
1749262699,1.23080000,844.10000000,1.2272
1749262699,1.23090000,25.00000000,1.2272
1749262699,1.23100000,1969.20000000,1.2272
1749262699,1.23110000,89.50000000,1.2272
1749262699,1.23120000,1266.50000000,1.2272
1749262699,1.23130000,89.50000000,1.2272
1749262699,1.23140000,860.10000000,1.2272
1749262699,1.23150000,3151.40000000,1.2272
1749262699,1.23160000,18.80000000,1.2272
1749262699,1.23170000,1262.00000000,1.2272
1749262699,1.23180000,8.20000000,1.2272
1749262699,1.23190000,25.00000000,1.2272
1749262699,1.23200000,980.70000000,1.2272
1749262699,1.23210000,1817.50000000,1.2272
1749262699,1.23220000,1268.10000000,1.2272
1749262699,1.23230000,1262.00000000,1.2272
1749262699,1.23240000,94.00000000,1.2272
1749262699,1.23250000,1258.80000000,1.2272
1749262699,1.23260000,2770.80000000,1.2272
1749262699,1.23270000,5072.40000000,1.2272
1749262699,1.23280000,39508.60000000,1.2272
1749262699,1.23290000,1278.80000000,1.2272
1749262699,1.23300000,89.70000000,1.2272
1749262699,1.23310000,1262.00000000,1.2272
1749262699,1.23320000,844.10000000,1.2272
1749262699,1.23330000,89.70000000,1.2272
1749262699,1.23340000,1268.10000000,1.2272
1749262699,1.23350000,8.20000000,1.2272
1749262699,1.23360000,12.70000000,1.2272
1749262699,1.23370000,89.60000000,1.2272
1749262699,1.23380000,844.10000000,1.2272
1749262699,1.23390000,168.00000000,1.2272
1749262699,1.23400000,1268.10000000,1.2272
1749262699,1.23410000,110.30000000,1.2272
1749262699,1.23420000,8.20000000,1.2272
1749262699,1.23430000,8.20000000,1.2272
1749262699,1.23440000,938.50000000,1.2272
1749262699,1.23450000,1292.60000000,1.2272
1749262699,1.23460000,1268.10000000,1.2272
1749262699,1.23470000,8.20000000,1.2272
1749262699,1.23480000,12.70000000,1.2272
1749262699,1.23490000,16.80000000,1.2272
1749262699,1.23500000,150.00000000,1.2272
1749262699,1.23520000,6.10000000,1.2272
1749262699,1.23530000,1253.80000000,1.2272
1749262699,1.23560000,835.90000000,1.2272
1749262699,1.23580000,1260.00000000,1.2272
1749262699,1.23590000,1270.60000000,1.2272
1749262699,1.23600000,72.20000000,1.2272
1749262699,1.23630000,81.00000000,1.2272
1749262699,1.23640000,1400.70000000,1.2272
1749262699,1.23680000,1253.80000000,1.2272
1749262699,1.23690000,16.80000000,1.2272
1749262699,1.23700000,6.20000000,1.2272
1749262699,1.23720000,4.50000000,1.2272
1749262699,1.23740000,1253.80000000,1.2272
1749262699,1.23760000,11635.00000000,1.2272
1749262699,1.23780000,143.00000000,1.2272
1749262699,1.23790000,16.80000000,1.2272
1749262699,1.23800000,6.30000000,1.2272
1749262699,1.23820000,6.20000000,1.2272
1749262699,1.23830000,1253.80000000,1.2272
1749262699,1.23840000,1258.30000000,1.2272
1749262699,1.23880000,5863.90000000,1.2272
1749262699,1.23890000,16.80000000,1.2272
1749263008,1.22830000,3.70000000,1.2282
1749263008,1.22840000,84.40000000,1.2282
1749263008,1.22850000,22.90000000,1.2282
1749263008,1.22860000,125.20000000,1.2282
1749263008,1.22870000,14.40000000,1.2282
1749263008,1.22880000,287.50000000,1.2282
1749263008,1.22890000,1110.20000000,1.2282
1749263008,1.22900000,293.30000000,1.2282
1749263008,1.22910000,914.60000000,1.2282
1749263008,1.22920000,1803.30000000,1.2282
1749263008,1.22930000,4011.20000000,1.2282
1749263008,1.22940000,1010.10000000,1.2282
1749263008,1.22950000,3347.60000000,1.2282
1749263008,1.22960000,2978.00000000,1.2282
1749263008,1.22970000,5222.10000000,1.2282
1749263008,1.22980000,4654.60000000,1.2282
1749263008,1.22990000,1170.20000000,1.2282
1749263008,1.23000000,833.00000000,1.2282
1749263008,1.23010000,383.60000000,1.2282
1749263008,1.23020000,1650.90000000,1.2282
1749263008,1.23030000,306.90000000,1.2282
1749263008,1.23040000,18.80000000,1.2282
1749263008,1.23050000,8.20000000,1.2282
1749263008,1.23060000,6915.60000000,1.2282
1749263008,1.23070000,5891.80000000,1.2282
1749263008,1.23080000,1334.20000000,1.2282
1749263008,1.23090000,219.20000000,1.2282
1749263008,1.23100000,211.30000000,1.2282
1749263008,1.23110000,24.20000000,1.2282
1749263008,1.23120000,1266.50000000,1.2282
1749263008,1.23130000,8.20000000,1.2282
1749263008,1.23140000,2094.70000000,1.2282
1749263008,1.23150000,1262.00000000,1.2282
1749263008,1.23160000,18.80000000,1.2282
1749263008,1.23170000,1262.00000000,1.2282
1749263008,1.23180000,8.20000000,1.2282
1749263008,1.23190000,25.00000000,1.2282
1749263008,1.23200000,987.60000000,1.2282
1749263008,1.23210000,2111.00000000,1.2282
1749263008,1.23220000,1268.10000000,1.2282
1749263008,1.23230000,1262.00000000,1.2282
1749263008,1.23240000,384.80000000,1.2282
1749263008,1.23250000,89.60000000,1.2282
1749263008,1.23260000,2776.70000000,1.2282
1749263008,1.23270000,8.20000000,1.2282
1749263008,1.23280000,4704.00000000,1.2282
1749263008,1.23290000,1278.80000000,1.2282
1749263008,1.23300000,2033.60000000,1.2282
1749263008,1.23310000,1262.00000000,1.2282
1749263008,1.23320000,844.10000000,1.2282
1749263008,1.23330000,89.70000000,1.2282
1749263008,1.23340000,1268.10000000,1.2282
1749263008,1.23350000,8.20000000,1.2282
1749263008,1.23360000,1852.90000000,1.2282
1749263008,1.23370000,89.60000000,1.2282
1749263008,1.23380000,40482.10000000,1.2282
1749263008,1.23390000,168.00000000,1.2282
1749263008,1.23400000,1268.10000000,1.2282
1749263008,1.23410000,98.80000000,1.2282
1749263008,1.23420000,101.10000000,1.2282
1749263008,1.23430000,102.60000000,1.2282
1749263008,1.23440000,89.60000000,1.2282
1749263008,1.23450000,1292.60000000,1.2282
1749263008,1.23460000,1268.10000000,1.2282
1749263008,1.23470000,8.20000000,1.2282
1749263008,1.23480000,12.70000000,1.2282
1749263008,1.23490000,25.00000000,1.2282
1749263008,1.23500000,158.20000000,1.2282
1749263008,1.23510000,8.20000000,1.2282
1749263008,1.23520000,14.30000000,1.2282
1749263008,1.23530000,1262.00000000,1.2282
1749263008,1.23540000,8.20000000,1.2282
1749263008,1.23550000,8.20000000,1.2282
1749263008,1.23560000,8.20000000,1.2282
1749263008,1.23570000,8.20000000,1.2282
1749263008,1.23580000,1268.20000000,1.2282
1749263008,1.23590000,1270.60000000,1.2282
1749263008,1.23600000,4.50000000,1.2282
1749263008,1.23630000,81.00000000,1.2282
1749263008,1.23640000,1400.70000000,1.2282
1749263008,1.23680000,1253.80000000,1.2282
1749263008,1.23690000,16.80000000,1.2282
1749263008,1.23700000,6.20000000,1.2282
1749263008,1.23720000,4.50000000,1.2282
1749263008,1.23740000,1253.80000000,1.2282
1749263008,1.23760000,6.20000000,1.2282
1749263008,1.23780000,143.00000000,1.2282
1749263008,1.23790000,16.80000000,1.2282
1749263008,1.23800000,6.30000000,1.2282
1749263008,1.23820000,6.20000000,1.2282
1749263008,1.23830000,1253.80000000,1.2282
1749263008,1.23840000,1326.00000000,1.2282
1749263008,1.23880000,11520.70000000,1.2282
1749263008,1.23890000,16.80000000,1.2282
1749263008,1.23900000,146.00000000,1.2282
1749263008,1.23920000,20.00000000,1.2282
1749263008,1.23940000,1260.00000000,1.2282
1749263008,1.23960000,4.50000000,1.2282
1749263008,1.23970000,293.20000000,1.2282
1749263008,1.23980000,7211.40000000,1.2282
1749263316,1.23190000,8.20000000,1.2323
1749263316,1.23200000,182.10000000,1.2323
1749263316,1.23210000,18.80000000,1.2323
1749263316,1.23220000,165.10000000,1.2323
1749263316,1.23230000,14.30000000,1.2323
1749263316,1.23240000,118.80000000,1.2323
1749263316,1.23250000,391.70000000,1.2323
1749263316,1.23260000,154.60000000,1.2323
1749263316,1.23270000,368.20000000,1.2323
1749263316,1.23280000,1312.00000000,1.2323
1749263316,1.23290000,2781.20000000,1.2323
1749263316,1.23300000,2476.70000000,1.2323
1749263316,1.23310000,3061.70000000,1.2323
1749263316,1.23320000,1615.90000000,1.2323
1749263316,1.23330000,1117.60000000,1.2323
1749263316,1.23340000,1598.20000000,1.2323
1749263316,1.23350000,2579.50000000,1.2323
1749263316,1.23360000,7749.20000000,1.2323
1749263316,1.23370000,3405.80000000,1.2323
1749263316,1.23380000,4673.70000000,1.2323
1749263316,1.23390000,2358.30000000,1.2323
1749263316,1.23400000,1272.60000000,1.2323
1749263316,1.23410000,1186.50000000,1.2323
1749263316,1.23420000,1821.20000000,1.2323
1749263316,1.23430000,8.20000000,1.2323
1749263316,1.23440000,2197.10000000,1.2323
1749263316,1.23450000,1414.80000000,1.2323
1749263316,1.23460000,1268.10000000,1.2323
1749263316,1.23470000,24.20000000,1.2323
1749263316,1.23480000,84.70000000,1.2323
1749263316,1.23490000,25.00000000,1.2323
1749263316,1.23500000,994.10000000,1.2323
1749263316,1.23510000,8.20000000,1.2323
1749263316,1.23520000,150.90000000,1.2323
1749263316,1.23530000,1262.00000000,1.2323
1749263316,1.23540000,8.20000000,1.2323
1749263316,1.23550000,8.20000000,1.2323
1749263316,1.23560000,848.60000000,1.2323
1749263316,1.23570000,8.20000000,1.2323
1749263316,1.23580000,1349.50000000,1.2323
1749263316,1.23590000,1278.80000000,1.2323
1749263316,1.23600000,12.70000000,1.2323
1749263316,1.23610000,8.20000000,1.2323
1749263316,1.23620000,844.10000000,1.2323
1749263316,1.23630000,89.50000000,1.2323
1749263316,1.23640000,1408.90000000,1.2323
1749263316,1.23650000,8.20000000,1.2323
1749263316,1.23660000,1782.20000000,1.2323
1749263316,1.23670000,89.50000000,1.2323
1749263316,1.23680000,2097.90000000,1.2323
1749263316,1.23690000,1732.10000000,1.2323
1749263316,1.23700000,6527.70000000,1.2323
1749263316,1.23710000,8.20000000,1.2323
1749263316,1.23720000,12.70000000,1.2323
1749263316,1.23730000,89.50000000,1.2323
1749263316,1.23740000,41034.50000000,1.2323
1749263316,1.23750000,8.20000000,1.2323
1749263316,1.23760000,2006.80000000,1.2323
1749263316,1.23770000,101.10000000,1.2323
1749263316,1.23780000,151.20000000,1.2323
1749263316,1.23790000,25.00000000,1.2323
1749263316,1.23800000,14.50000000,1.2323
1749263316,1.23810000,8.20000000,1.2323
1749263316,1.23820000,95.50000000,1.2323
1749263316,1.23830000,1262.00000000,1.2323
1749263316,1.23840000,1266.50000000,1.2323
1749263316,1.23850000,8.20000000,1.2323
1749263316,1.23860000,844.10000000,1.2323
1749263316,1.23870000,8.20000000,1.2323
1749263316,1.23880000,14.40000000,1.2323
1749263316,1.23890000,25.00000000,1.2323
1749263316,1.23900000,16.20000000,1.2323
1749263316,1.23910000,8.20000000,1.2323
1749263316,1.23920000,28.20000000,1.2323
1749263316,1.23930000,8.20000000,1.2323
1749263316,1.23940000,1403.70000000,1.2323
1749263316,1.23960000,4.50000000,1.2323
1749263316,1.23980000,1331.40000000,1.2323
1749263316,1.23990000,16.80000000,1.2323
1749263316,1.24000000,1234.50000000,1.2323
1749263316,1.24040000,1253.80000000,1.2323
1749263316,1.24050000,9.20000000,1.2323
1749263316,1.24060000,6.20000000,1.2323
1749263316,1.24080000,4.50000000,1.2323
1749263316,1.24090000,16.80000000,1.2323
1749263316,1.24100000,143.10000000,1.2323
1749263316,1.24120000,6.20000000,1.2323
1749263316,1.24130000,1253.80000000,1.2323
1749263316,1.24140000,81.00000000,1.2323
1749263316,1.24170000,21.70000000,1.2323
1749263316,1.24180000,6.20000000,1.2323
1749263316,1.24190000,5901.70000000,1.2323
1749263316,1.24200000,4.50000000,1.2323
1749263316,1.24210000,5885.90000000,1.2323
1749263316,1.24230000,137.90000000,1.2323
1749263316,1.24240000,6.10000000,1.2323
1749263316,1.24270000,1293.10000000,1.2323
1749263316,1.24280000,1253.80000000,1.2323
1749263316,1.24290000,309.40000000,1.2323
1749263316,1.24300000,6.10000000,1.2323
1749263618,1.23700000,41.00000000,1.237
1749263618,1.23710000,16.50000000,1.237
1749263618,1.23720000,115.00000000,1.237
1749263618,1.23730000,95.10000000,1.237
1749263618,1.23740000,320.50000000,1.237
1749263618,1.23750000,275.70000000,1.237
1749263618,1.23760000,457.40000000,1.237
1749263618,1.23770000,1520.70000000,1.237
1749263618,1.23780000,926.00000000,1.237
1749263618,1.23790000,301.90000000,1.237
1749263618,1.23800000,902.60000000,1.237
1749263618,1.23810000,55.30000000,1.237
1749263618,1.23820000,142.70000000,1.237
1749263618,1.23830000,1044.50000000,1.237
1749263618,1.23840000,268.40000000,1.237
1749263618,1.23850000,799.80000000,1.237
1749263618,1.23860000,1446.20000000,1.237
1749263618,1.23870000,2824.00000000,1.237
1749263618,1.23880000,4886.90000000,1.237
1749263618,1.23890000,3153.30000000,1.237
1749263618,1.23900000,1255.80000000,1.237
1749263618,1.23910000,130.40000000,1.237
1749263618,1.23920000,154.90000000,1.237
1749263618,1.23930000,543.20000000,1.237
1749263618,1.23940000,1783.20000000,1.237
1749263618,1.23950000,1055.90000000,1.237
1749263618,1.23960000,5095.50000000,1.237
1749263618,1.23970000,1809.40000000,1.237
1749263618,1.23980000,2534.20000000,1.237
1749263618,1.23990000,1653.00000000,1.237
1749263618,1.24000000,1247.20000000,1.237
1749263618,1.24010000,8.20000000,1.237
1749263618,1.24020000,8.20000000,1.237
1749263618,1.24030000,710.90000000,1.237
1749263618,1.24040000,2102.40000000,1.237
1749263618,1.24050000,17.40000000,1.237
1749263618,1.24060000,14.40000000,1.237
1749263618,1.24070000,1053.00000000,1.237
1749263618,1.24080000,12.70000000,1.237
1749263618,1.24090000,1423.70000000,1.237
1749263618,1.24100000,2606.30000000,1.237
1749263618,1.24110000,8.20000000,1.237
1749263618,1.24120000,18.90000000,1.237
1749263618,1.24130000,1262.00000000,1.237
1749263618,1.24140000,1262.00000000,1.237
1749263618,1.24150000,1748.10000000,1.237
1749263618,1.24160000,844.10000000,1.237
1749263618,1.24170000,1074.70000000,1.237
1749263618,1.24180000,1265.00000000,1.237
1749263618,1.24190000,1359.70000000,1.237
1749263618,1.24200000,1926.30000000,1.237
1749263618,1.24210000,8.20000000,1.237
1749263618,1.24220000,4671.20000000,1.237
1749263618,1.24230000,8.20000000,1.237
1749263618,1.24240000,1268.10000000,1.237
1749263618,1.24250000,89.10000000,1.237
1749263618,1.24260000,40949.70000000,1.237
1749263618,1.24270000,1053.00000000,1.237
1749263618,1.24280000,1262.00000000,1.237
1749263618,1.24290000,25.00000000,1.237
1749263618,1.24300000,95.00000000,1.237
1749263618,1.24310000,8.10000000,1.237
1749263618,1.24320000,848.50000000,1.237
1749263618,1.24330000,101.00000000,1.237
1749263618,1.24340000,1261.90000000,1.237
1749263618,1.24350000,88.90000000,1.237
1749263618,1.24360000,160.80000000,1.237
1749263618,1.24370000,88.90000000,1.237
1749263618,1.24380000,844.00000000,1.237
1749263618,1.24390000,24.90000000,1.237
1749263618,1.24400000,102.50000000,1.237
1749263618,1.24410000,8.10000000,1.237
1749263618,1.24420000,14.20000000,1.237
1749263618,1.24430000,1261.90000000,1.237
1749263618,1.24440000,1266.40000000,1.237
1749263618,1.24450000,8.10000000,1.237
1749263618,1.24460000,188.20000000,1.237
1749263618,1.24470000,1044.80000000,1.237
1749263618,1.24480000,378.20000000,1.237
1749263618,1.24490000,94.40000000,1.237
1749263618,1.24500000,852.10000000,1.237
1749263618,1.24530000,11.80000000,1.237
1749263618,1.24540000,1259.90000000,1.237
1749263618,1.24560000,4.50000000,1.237
1749263618,1.24580000,1253.80000000,1.237
1749263618,1.24590000,47.40000000,1.237
1749263618,1.24600000,6.10000000,1.237
1749263618,1.24610000,67.70000000,1.237
1749263618,1.24620000,835.90000000,1.237
1749263618,1.24640000,1376.30000000,1.237
1749263618,1.24660000,6.10000000,1.237
1749263618,1.24670000,1044.80000000,1.237
1749263618,1.24680000,305.40000000,1.237
1749263618,1.24690000,16.80000000,1.237
1749263618,1.24700000,81.00000000,1.237
1749263618,1.24720000,6.10000000,1.237
1749263618,1.24730000,1253.80000000,1.237
1749263618,1.24740000,140.60000000,1.237
1749263618,1.24750000,11209.10000000,1.237
1749263618,1.24770000,1044.80000000,1.237
1749263925,1.24570000,32.70000000,1.2458
1749263925,1.24580000,369.20000000,1.2458
1749263925,1.24590000,63.60000000,1.2458
1749263925,1.24600000,176.30000000,1.2458
1749263925,1.24610000,427.00000000,1.2458
1749263925,1.24620000,1278.50000000,1.2458
1749263925,1.24630000,410.80000000,1.2458
1749263925,1.24640000,1209.80000000,1.2458
1749263925,1.24650000,14.20000000,1.2458
1749263925,1.24660000,116.80000000,1.2458
1749263925,1.24670000,801.90000000,1.2458
1749263925,1.24680000,2850.50000000,1.2458
1749263925,1.24690000,1679.40000000,1.2458
1749263925,1.24700000,4835.80000000,1.2458
1749263925,1.24710000,6398.00000000,1.2458
1749263925,1.24720000,3690.90000000,1.2458
1749263925,1.24730000,675.60000000,1.2458
1749263925,1.24740000,2526.10000000,1.2458
1749263925,1.24750000,2451.70000000,1.2458
1749263925,1.24760000,1365.00000000,1.2458
1749263925,1.24770000,2444.40000000,1.2458
1749263925,1.24780000,452.60000000,1.2458
1749263925,1.24790000,2213.70000000,1.2458
1749263925,1.24800000,2102.30000000,1.2458
1749263925,1.24810000,1002.30000000,1.2458
1749263925,1.24820000,3418.00000000,1.2458
1749263925,1.24830000,1258.70000000,1.2458
1749263925,1.24840000,140.90000000,1.2458
1749263925,1.24850000,88.50000000,1.2458
1749263925,1.24860000,2097.80000000,1.2458
1749263925,1.24870000,8.10000000,1.2458
1749263925,1.24880000,1266.40000000,1.2458
1749263925,1.24890000,8.10000000,1.2458
1749263925,1.24900000,110.70000000,1.2458
1749263925,1.24910000,1282.00000000,1.2458
1749263925,1.24920000,19.30000000,1.2458
1749263925,1.24930000,848.10000000,1.2458
1749263925,1.24940000,8.10000000,1.2458
1749263925,1.24950000,283.80000000,1.2458
1749263925,1.24960000,1268.00000000,1.2458
1749263925,1.24970000,8.10000000,1.2458
1749263925,1.24980000,8.10000000,1.2458
1749263925,1.24990000,88.50000000,1.2458
1749263925,1.25000000,737.70000000,1.2458
1749263925,1.25010000,1282.30000000,1.2458
1749263925,1.25020000,18.20000000,1.2458
1749263925,1.25030000,5981.20000000,1.2458
1749263925,1.25040000,92.80000000,1.2458
1749263925,1.25050000,1035.40000000,1.2458
1749263925,1.25060000,1261.90000000,1.2458
1749263925,1.25070000,15.40000000,1.2458
1749263925,1.25080000,14.20000000,1.2458
1749263925,1.25090000,8.10000000,1.2458
1749263925,1.25100000,279.80000000,1.2458
1749263925,1.25110000,2113.80000000,1.2458
1749263925,1.25120000,8.10000000,1.2458
1749263925,1.25130000,39680.40000000,1.2458
1749263925,1.25140000,14.20000000,1.2458
1749263925,1.25150000,8.10000000,1.2458
1749263925,1.25160000,1266.30000000,1.2458
1749263925,1.25170000,844.00000000,1.2458
1749263925,1.25180000,1342.10000000,1.2458
1749263925,1.25190000,14.90000000,1.2458
1749263925,1.25200000,14.20000000,1.2458
1749263925,1.25210000,1306.80000000,1.2458
1749263925,1.25220000,8.10000000,1.2458
1749263925,1.25230000,8.10000000,1.2458
1749263925,1.25240000,8.10000000,1.2458
1749263925,1.25250000,8.10000000,1.2458
1749263925,1.25260000,14.20000000,1.2458
1749263925,1.25270000,8.10000000,1.2458
1749263925,1.25280000,12.50000000,1.2458
1749263925,1.25290000,844.00000000,1.2458
1749263925,1.25300000,8.10000000,1.2458
1749263925,1.25310000,1380.00000000,1.2458
1749263925,1.25320000,95.20000000,1.2458
1749263925,1.25330000,1276.90000000,1.2458
1749263925,1.25350000,6.30000000,1.2458
1749263925,1.25360000,7.60000000,1.2458
1749263925,1.25380000,6.10000000,1.2458
1749263925,1.25400000,4.40000000,1.2458
1749263925,1.25410000,2105.70000000,1.2458
1749263925,1.25440000,6.10000000,1.2458
1749263925,1.25450000,7.10000000,1.2458
1749263925,1.25480000,1253.80000000,1.2458
1749263925,1.25500000,6.10000000,1.2458
1749263925,1.25510000,5903.00000000,1.2458
1749263925,1.25520000,4.40000000,1.2458
1749263925,1.25560000,6.10000000,1.2458
1749263925,1.25600000,6.80000000,1.2458
1749263925,1.25610000,1269.80000000,1.2458
1749263925,1.25620000,4743.80000000,1.2458
1749263925,1.25630000,1253.80000000,1.2458
1749263925,1.25640000,4.40000000,1.2458
1749263925,1.25660000,288.80000000,1.2458
1749263925,1.25680000,6.10000000,1.2458
1749263925,1.25690000,77.60000000,1.2458
1749263925,1.25710000,1269.80000000,1.2458
1749263925,1.25720000,6.60000000,1.2458
1749263925,1.25740000,36.70000000,1.2458
1749264227,1.23780000,38.10000000,1.2379
1749264227,1.23790000,14.20000000,1.2379
1749264227,1.23800000,309.30000000,1.2379
1749264227,1.23810000,1014.70000000,1.2379
1749264227,1.23820000,775.70000000,1.2379
1749264227,1.23830000,2100.20000000,1.2379
1749264227,1.23840000,215.30000000,1.2379
1749264227,1.23850000,624.60000000,1.2379
1749264227,1.23860000,1746.90000000,1.2379
1749264227,1.23870000,1246.70000000,1.2379
1749264227,1.23880000,120.80000000,1.2379
1749264227,1.23890000,158.90000000,1.2379
1749264227,1.23900000,1119.20000000,1.2379
1749264227,1.23910000,3052.20000000,1.2379
1749264227,1.23920000,469.40000000,1.2379
1749264227,1.23930000,2063.90000000,1.2379
1749264227,1.23940000,4301.80000000,1.2379
1749264227,1.23950000,6770.60000000,1.2379
1749264227,1.23960000,1868.80000000,1.2379
1749264227,1.23970000,1279.70000000,1.2379
1749264227,1.23980000,1911.10000000,1.2379
1749264227,1.23990000,7086.50000000,1.2379
1749264227,1.24000000,1766.20000000,1.2379
1749264227,1.24010000,88.70000000,1.2379
1749264227,1.24020000,44.10000000,1.2379
1749264227,1.24030000,537.10000000,1.2379
1749264227,1.24040000,1356.10000000,1.2379
1749264227,1.24050000,1464.70000000,1.2379
1749264227,1.24060000,14.20000000,1.2379
1749264227,1.24070000,844.00000000,1.2379
1749264227,1.24080000,12.60000000,1.2379
1749264227,1.24090000,88.70000000,1.2379
1749264227,1.24100000,1269.00000000,1.2379
1749264227,1.24110000,31.00000000,1.2379
1749264227,1.24120000,1272.50000000,1.2379
1749264227,1.24130000,860.00000000,1.2379
1749264227,1.24140000,195.80000000,1.2379
1749264227,1.24150000,352.80000000,1.2379
1749264227,1.24160000,100.20000000,1.2379
1749264227,1.24170000,1265.70000000,1.2379
1749264227,1.24180000,1268.00000000,1.2379
1749264227,1.24190000,844.00000000,1.2379
1749264227,1.24200000,287.80000000,1.2379
1749264227,1.24210000,31.10000000,1.2379
1749264227,1.24220000,15.10000000,1.2379
1749264227,1.24230000,1268.90000000,1.2379
1749264227,1.24240000,1355.50000000,1.2379
1749264227,1.24250000,1032.70000000,1.2379
1749264227,1.24260000,15.20000000,1.2379
1749264227,1.24270000,15.10000000,1.2379
1749264227,1.24280000,8.10000000,1.2379
1749264227,1.24290000,95.40000000,1.2379
1749264227,1.24300000,1469.00000000,1.2379
1749264227,1.24310000,2531.70000000,1.2379
1749264227,1.24320000,5503.90000000,1.2379
1749264227,1.24330000,88.50000000,1.2379
1749264227,1.24340000,38686.20000000,1.2379
1749264227,1.24350000,8.10000000,1.2379
1749264227,1.24360000,1348.40000000,1.2379
1749264227,1.24370000,8.10000000,1.2379
1749264227,1.24380000,844.00000000,1.2379
1749264227,1.24390000,1261.90000000,1.2379
1749264227,1.24400000,8.10000000,1.2379
1749264227,1.24410000,1277.90000000,1.2379
1749264227,1.24420000,14.20000000,1.2379
1749264227,1.24430000,88.50000000,1.2379
1749264227,1.24440000,942.90000000,1.2379
1749264227,1.24450000,88.50000000,1.2379
1749264227,1.24460000,1777.90000000,1.2379
1749264227,1.24470000,1261.90000000,1.2379
1749264227,1.24480000,14.20000000,1.2379
1749264227,1.24490000,88.40000000,1.2379
1749264227,1.24500000,844.00000000,1.2379
1749264227,1.24510000,1277.90000000,1.2379
1749264227,1.24520000,15.40000000,1.2379
1749264227,1.24530000,80.30000000,1.2379
1749264227,1.24540000,6.10000000,1.2379
1749264227,1.24560000,2512.10000000,1.2379
1749264227,1.24570000,835.90000000,1.2379
1749264227,1.24590000,80.20000000,1.2379
1749264227,1.24600000,6.10000000,1.2379
1749264227,1.24610000,1350.00000000,1.2379
1749264227,1.24630000,7.30000000,1.2379
1749264227,1.24640000,80.20000000,1.2379
1749264227,1.24660000,1352.80000000,1.2379
1749264227,1.24670000,835.90000000,1.2379
1749264227,1.24680000,1267.50000000,1.2379
1749264227,1.24710000,16.00000000,1.2379
1749264227,1.24720000,6.10000000,1.2379
1749264227,1.24730000,2089.70000000,1.2379
1749264227,1.24740000,4576.20000000,1.2379
1749264227,1.24780000,1259.90000000,1.2379
1749264227,1.24790000,1260.40000000,1.2379
1749264227,1.24800000,840.40000000,1.2379
1749264227,1.24810000,16.00000000,1.2379
1749264227,1.24840000,6.10000000,1.2379
1749264227,1.24850000,4951.10000000,1.2379
1749264227,1.24860000,1253.80000000,1.2379
1749264227,1.24880000,1253.80000000,1.2379
1749264227,1.24900000,6.10000000,1.2379
1749264528,1.24830000,198.80000000,1.2484
1749264528,1.24840000,89.10000000,1.2484
1749264528,1.24850000,36.20000000,1.2484
1749264528,1.24860000,127.70000000,1.2484
1749264528,1.24870000,34.60000000,1.2484
1749264528,1.24880000,78.20000000,1.2484
1749264528,1.24890000,453.90000000,1.2484
1749264528,1.24900000,485.00000000,1.2484
1749264528,1.24910000,913.30000000,1.2484
1749264528,1.24920000,60.50000000,1.2484
1749264528,1.24930000,94.20000000,1.2484
1749264528,1.24940000,162.20000000,1.2484
1749264528,1.24950000,136.40000000,1.2484
1749264528,1.24960000,470.40000000,1.2484
1749264528,1.24970000,1465.90000000,1.2484
1749264528,1.24980000,1801.50000000,1.2484
1749264528,1.24990000,176.90000000,1.2484
1749264528,1.25000000,2006.70000000,1.2484
1749264528,1.25010000,3039.70000000,1.2484
1749264528,1.25020000,1277.50000000,1.2484
1749264528,1.25030000,1602.20000000,1.2484
1749264528,1.25040000,3160.50000000,1.2484
1749264528,1.25050000,689.20000000,1.2484
1749264528,1.25060000,1532.30000000,1.2484
1749264528,1.25070000,1167.20000000,1.2484
1749264528,1.25080000,1335.70000000,1.2484
1749264528,1.25090000,2008.20000000,1.2484
1749264528,1.25100000,4021.90000000,1.2484
1749264528,1.25110000,4988.10000000,1.2484
1749264528,1.25120000,1010.50000000,1.2484
1749264528,1.25130000,8.10000000,1.2484
1749264528,1.25140000,14.20000000,1.2484
1749264528,1.25150000,564.20000000,1.2484
1749264528,1.25160000,2102.20000000,1.2484
1749264528,1.25170000,8.10000000,1.2484
1749264528,1.25180000,1261.90000000,1.2484
1749264528,1.25190000,88.50000000,1.2484
1749264528,1.25200000,18.60000000,1.2484
1749264528,1.25210000,1277.90000000,1.2484
1749264528,1.25220000,850.80000000,1.2484
1749264528,1.25230000,88.40000000,1.2484
1749264528,1.25240000,12.50000000,1.2484
1749264528,1.25250000,1648.10000000,1.2484
1749264528,1.25260000,1342.20000000,1.2484
1749264528,1.25270000,88.40000000,1.2484
1749264528,1.25280000,864.40000000,1.2484
1749264528,1.25290000,8.10000000,1.2484
1749264528,1.25300000,194.40000000,1.2484
1749264528,1.25310000,1367.40000000,1.2484
1749264528,1.25320000,14.20000000,1.2484
1749264528,1.25330000,1285.00000000,1.2484
1749264528,1.25340000,844.00000000,1.2484
1749264528,1.25350000,277.80000000,1.2484
1749264528,1.25360000,8.10000000,1.2484
1749264528,1.25370000,8.10000000,1.2484
1749264528,1.25380000,14.20000000,1.2484
1749264528,1.25390000,44152.90000000,1.2484
1749264528,1.25400000,856.10000000,1.2484
1749264528,1.25410000,1468.30000000,1.2484
1749264528,1.25420000,102.50000000,1.2484
1749264528,1.25430000,88.40000000,1.2484
1749264528,1.25440000,14.20000000,1.2484
1749264528,1.25450000,8.10000000,1.2484
1749264528,1.25460000,2097.80000000,1.2484
1749264528,1.25470000,88.40000000,1.2484
1749264528,1.25480000,1261.90000000,1.2484
1749264528,1.25490000,8.10000000,1.2484
1749264528,1.25500000,21.20000000,1.2484
1749264528,1.25510000,1358.10000000,1.2484
1749264528,1.25520000,848.40000000,1.2484
1749264528,1.25530000,8.10000000,1.2484
1749264528,1.25540000,8.10000000,1.2484
1749264528,1.25550000,88.30000000,1.2484
1749264528,1.25560000,14.20000000,1.2484
1749264528,1.25570000,8.10000000,1.2484
1749264528,1.25580000,15.10000000,1.2484
1749264528,1.25590000,157.80000000,1.2484
1749264528,1.25610000,1269.80000000,1.2484
1749264528,1.25620000,6.10000000,1.2484
1749264528,1.25630000,1333.90000000,1.2484
1749264528,1.25640000,840.30000000,1.2484
1749264528,1.25670000,173.00000000,1.2484
1749264528,1.25680000,6.10000000,1.2484
1749264528,1.25710000,1357.70000000,1.2484
1749264528,1.25730000,4844.10000000,1.2484
1749264528,1.25740000,36.70000000,1.2484
1749264528,1.25760000,4.40000000,1.2484
1749264528,1.25780000,1253.80000000,1.2484
1749264528,1.25800000,6.10000000,1.2484
1749264528,1.25810000,1291.50000000,1.2484
1749264528,1.25860000,16.70000000,1.2484
1749264528,1.25870000,7.10000000,1.2484
1749264528,1.25880000,5030.80000000,1.2484
1749264528,1.25910000,16.00000000,1.2484
1749264528,1.25920000,6.10000000,1.2484
1749264528,1.25930000,1253.80000000,1.2484
1749264528,1.25940000,9.20000000,1.2484
1749264528,1.25950000,4797.80000000,1.2484
1749264528,1.25980000,6.10000000,1.2484
1749264528,1.26000000,43.00000000,1.2484
1749264830,1.25430000,66.10000000,1.2543
1749264830,1.25440000,8.00000000,1.2543
1749264830,1.25450000,123.30000000,1.2543
1749264830,1.25460000,110.00000000,1.2543
1749264830,1.25470000,172.30000000,1.2543
1749264830,1.25480000,283.90000000,1.2543
1749264830,1.25490000,492.20000000,1.2543
1749264830,1.25500000,248.40000000,1.2543
1749264830,1.25510000,119.50000000,1.2543
1749264830,1.25520000,292.60000000,1.2543
1749264830,1.25530000,311.90000000,1.2543
1749264830,1.25540000,54.40000000,1.2543
1749264830,1.25550000,1178.10000000,1.2543
1749264830,1.25560000,2911.50000000,1.2543
1749264830,1.25570000,1786.90000000,1.2543
1749264830,1.25580000,4752.80000000,1.2543
1749264830,1.25590000,3464.20000000,1.2543
1749264830,1.25600000,1189.20000000,1.2543
1749264830,1.25610000,1221.40000000,1.2543
1749264830,1.25620000,1437.00000000,1.2543
1749264830,1.25630000,1748.50000000,1.2543
1749264830,1.25640000,2636.10000000,1.2543
1749264830,1.25650000,2268.60000000,1.2543
1749264830,1.25660000,1901.90000000,1.2543
1749264830,1.25670000,1323.80000000,1.2543
1749264830,1.25680000,4461.30000000,1.2543
1749264830,1.25690000,130.20000000,1.2543
1749264830,1.25700000,1258.60000000,1.2543
1749264830,1.25710000,2013.40000000,1.2543
1749264830,1.25720000,91.90000000,1.2543
1749264830,1.25730000,24.10000000,1.2543
1749264830,1.25740000,167.00000000,1.2543
1749264830,1.25750000,1201.70000000,1.2543
1749264830,1.25760000,173.50000000,1.2543
1749264830,1.25770000,1997.50000000,1.2543
1749264830,1.25780000,8.10000000,1.2543
1749264830,1.25790000,8.10000000,1.2543
1749264830,1.25800000,18.60000000,1.2543
1749264830,1.25810000,45.80000000,1.2543
1749264830,1.25820000,87.60000000,1.2543
1749264830,1.25830000,3191.10000000,1.2543
1749264830,1.25840000,1263.10000000,1.2543
1749264830,1.25850000,87.80000000,1.2543
1749264830,1.25860000,214.90000000,1.2543
1749264830,1.25870000,15.20000000,1.2543
1749264830,1.25880000,12.50000000,1.2543
1749264830,1.25890000,87.60000000,1.2543
1749264830,1.25900000,260.40000000,1.2543
1749264830,1.25910000,2013.50000000,1.2543
1749264830,1.25920000,14.20000000,1.2543
1749264830,1.25930000,8.00000000,1.2543
1749264830,1.25940000,4685.80000000,1.2543
1749264830,1.25950000,2019.60000000,1.2543
1749264830,1.25960000,8.00000000,1.2543
1749264830,1.25970000,1708.70000000,1.2543
1749264830,1.25980000,93.60000000,1.2543
1749264830,1.25990000,39924.40000000,1.2543
1749264830,1.26000000,1298.50000000,1.2543
1749264830,1.26010000,204.90000000,1.2543
1749264830,1.26020000,8.00000000,1.2543
1749264830,1.26030000,8.00000000,1.2543
1749264830,1.26040000,14.10000000,1.2543
1749264830,1.26050000,810.80000000,1.2543
1749264830,1.26060000,1201.60000000,1.2543
1749264830,1.26070000,87.70000000,1.2543
1749264830,1.26080000,8.00000000,1.2543
1749264830,1.26090000,8.00000000,1.2543
1749264830,1.26100000,93.60000000,1.2543
1749264830,1.26110000,841.10000000,1.2543
1749264830,1.26120000,28.40000000,1.2543
1749264830,1.26130000,1201.60000000,1.2543
1749264830,1.26140000,8.00000000,1.2543
1749264830,1.26150000,1281.30000000,1.2543
1749264830,1.26160000,115.80000000,1.2543
1749264830,1.26170000,8.00000000,1.2543
1749264830,1.26180000,8.00000000,1.2543
1749264830,1.26190000,79.70000000,1.2543
1749264830,1.26200000,1989.40000000,1.2543
1749264830,1.26220000,6.10000000,1.2543
1749264830,1.26230000,1289.30000000,1.2543
1749264830,1.26240000,4.40000000,1.2543
1749264830,1.26260000,81.00000000,1.2543
1749264830,1.26270000,91.50000000,1.2543
1749264830,1.26280000,6.00000000,1.2543
1749264830,1.26290000,97.30000000,1.2543
1749264830,1.26310000,79.70000000,1.2543
1749264830,1.26320000,1997.30000000,1.2543
1749264830,1.26340000,22.00000000,1.2543
1749264830,1.26360000,4.40000000,1.2543
1749264830,1.26370000,1193.60000000,1.2543
1749264830,1.26400000,6.00000000,1.2543
1749264830,1.26430000,1989.40000000,1.2543
1749264830,1.26450000,16.00000000,1.2543
1749264830,1.26460000,6.00000000,1.2543
1749264830,1.26480000,4.40000000,1.2543
1749264830,1.26500000,11.80000000,1.2543
1749264830,1.26520000,12459.00000000,1.2543
1749264830,1.26560000,16.00000000,1.2543
1749264830,1.26580000,15.20000000,1.2543
1749264830,1.26600000,5741.80000000,1.2543
1749265131,1.24920000,160.20000000,1.2487
1749265131,1.24930000,207.20000000,1.2487
1749265131,1.24940000,168.10000000,1.2487
1749265131,1.24950000,14.20000000,1.2487
1749265131,1.24960000,300.90000000,1.2487
1749265131,1.24970000,114.20000000,1.2487
1749265131,1.24980000,120.60000000,1.2487
1749265131,1.24990000,20.10000000,1.2487
1749265131,1.25000000,54.70000000,1.2487
1749265131,1.25010000,891.60000000,1.2487
1749265131,1.25020000,3667.80000000,1.2487
1749265131,1.25030000,3065.50000000,1.2487
1749265131,1.25040000,784.40000000,1.2487
1749265131,1.25050000,3790.10000000,1.2487
1749265131,1.25060000,2932.50000000,1.2487
1749265131,1.25070000,3039.10000000,1.2487
1749265131,1.25080000,2022.10000000,1.2487
1749265131,1.25090000,2022.40000000,1.2487
1749265131,1.25100000,3938.10000000,1.2487
1749265131,1.25110000,2498.80000000,1.2487
1749265131,1.25120000,3349.00000000,1.2487
1749265131,1.25130000,3804.50000000,1.2487
1749265131,1.25140000,1124.20000000,1.2487
1749265131,1.25150000,3107.60000000,1.2487
1749265131,1.25160000,4011.40000000,1.2487
1749265131,1.25170000,3547.30000000,1.2487
1749265131,1.25180000,3346.60000000,1.2487
1749265131,1.25190000,2402.70000000,1.2487
1749265131,1.25200000,172.50000000,1.2487
1749265131,1.25210000,803.80000000,1.2487
1749265131,1.25220000,8.00000000,1.2487
1749265131,1.25230000,130.20000000,1.2487
1749265131,1.25240000,1206.00000000,1.2487
1749265131,1.25250000,1281.40000000,1.2487
1749265131,1.25260000,14.00000000,1.2487
1749265131,1.25270000,819.80000000,1.2487
1749265131,1.25280000,92.20000000,1.2487
1749265131,1.25290000,8.00000000,1.2487
1749265131,1.25300000,282.20000000,1.2487
1749265131,1.25310000,2452.20000000,1.2487
1749265131,1.25320000,1212.00000000,1.2487
1749265131,1.25330000,803.80000000,1.2487
1749265131,1.25340000,8.00000000,1.2487
1749265131,1.25350000,346.70000000,1.2487
1749265131,1.25360000,8.00000000,1.2487
1749265131,1.25370000,1201.60000000,1.2487
1749265131,1.25380000,30.00000000,1.2487
1749265131,1.25390000,87.80000000,1.2487
1749265131,1.25400000,357.80000000,1.2487
1749265131,1.25410000,5812.40000000,1.2487
1749265131,1.25420000,70.90000000,1.2487
1749265131,1.25430000,1997.40000000,1.2487
1749265131,1.25440000,1344.30000000,1.2487
1749265131,1.25450000,8.00000000,1.2487
1749265131,1.25460000,250.50000000,1.2487
1749265131,1.25470000,8.00000000,1.2487
1749265131,1.25480000,39008.00000000,1.2487
1749265131,1.25490000,3207.00000000,1.2487
1749265131,1.25500000,14.00000000,1.2487
1749265131,1.25510000,87.70000000,1.2487
1749265131,1.25520000,12.40000000,1.2487
1749265131,1.25530000,87.70000000,1.2487
1749265131,1.25540000,8.00000000,1.2487
1749265131,1.25550000,1591.80000000,1.2487
1749265131,1.25560000,93.60000000,1.2487
1749265131,1.25570000,863.30000000,1.2487
1749265131,1.25580000,2395.30000000,1.2487
1749265131,1.25590000,8.10000000,1.2487
1749265131,1.25600000,103.60000000,1.2487
1749265131,1.25610000,8.10000000,1.2487
1749265131,1.25620000,14.10000000,1.2487
1749265131,1.25630000,896.80000000,1.2487
1749265131,1.25640000,12.50000000,1.2487
1749265131,1.25650000,1201.70000000,1.2487
1749265131,1.25660000,87.60000000,1.2487
1749265131,1.25670000,1201.70000000,1.2487
1749265131,1.25680000,85.60000000,1.2487
1749265131,1.25710000,2005.40000000,1.2487
1749265131,1.25720000,79.50000000,1.2487
1749265131,1.25740000,36.70000000,1.2487
1749265131,1.25750000,1193.60000000,1.2487
1749265131,1.25760000,68.20000000,1.2487
1749265131,1.25770000,1989.40000000,1.2487
1749265131,1.25800000,6.10000000,1.2487
1749265131,1.25810000,37.70000000,1.2487
1749265131,1.25830000,3277.40000000,1.2487
1749265131,1.25840000,4678.40000000,1.2487
1749265131,1.25860000,16.70000000,1.2487
1749265131,1.25880000,66.00000000,1.2487
1749265131,1.25910000,3199.00000000,1.2487
1749265131,1.25920000,6.10000000,1.2487
1749265131,1.25940000,9.20000000,1.2487
1749265131,1.25950000,4597.60000000,1.2487
1749265131,1.25960000,77.60000000,1.2487
1749265131,1.25970000,1700.70000000,1.2487
1749265131,1.25980000,6.10000000,1.2487
1749265131,1.25990000,1193.60000000,1.2487
1749265131,1.26000000,1211.00000000,1.2487
1749265131,1.26010000,16.00000000,1.2487
1749265131,1.26040000,294.20000000,1.2487
1749265433,1.24620000,379.40000000,1.2462
1749265433,1.24630000,72.10000000,1.2462
1749265433,1.24640000,168.00000000,1.2462
1749265433,1.24650000,14.20000000,1.2462
1749265433,1.24660000,183.70000000,1.2462
1749265433,1.24670000,58.10000000,1.2462
1749265433,1.24680000,333.90000000,1.2462
1749265433,1.24690000,84.70000000,1.2462
1749265433,1.24700000,274.10000000,1.2462
1749265433,1.24710000,248.60000000,1.2462
1749265433,1.24720000,1299.40000000,1.2462
1749265433,1.24730000,1824.50000000,1.2462
1749265433,1.24740000,1404.60000000,1.2462
1749265433,1.24750000,2124.30000000,1.2462
1749265433,1.24760000,4862.30000000,1.2462
1749265433,1.24770000,3090.80000000,1.2462
1749265433,1.24780000,4493.50000000,1.2462
1749265433,1.24790000,5513.20000000,1.2462
1749265433,1.24800000,5592.70000000,1.2462
1749265433,1.24810000,2674.40000000,1.2462
1749265433,1.24820000,835.90000000,1.2462
1749265433,1.24830000,2600.80000000,1.2462
1749265433,1.24840000,1517.40000000,1.2462
1749265433,1.24850000,1051.10000000,1.2462
1749265433,1.24860000,1591.00000000,1.2462
1749265433,1.24870000,3688.00000000,1.2462
1749265433,1.24880000,303.20000000,1.2462
1749265433,1.24890000,130.30000000,1.2462
1749265433,1.24900000,1306.60000000,1.2462
1749265433,1.24910000,3081.30000000,1.2462
1749265433,1.24920000,1095.50000000,1.2462
1749265433,1.24930000,8.10000000,1.2462
1749265433,1.24940000,8.10000000,1.2462
1749265433,1.24950000,547.30000000,1.2462
1749265433,1.24960000,1285.30000000,1.2462
1749265433,1.24970000,1997.50000000,1.2462
1749265433,1.24980000,1201.70000000,1.2462
1749265433,1.24990000,3412.60000000,1.2462
1749265433,1.25000000,213.70000000,1.2462
1749265433,1.25010000,88.20000000,1.2462
1749265433,1.25020000,1207.80000000,1.2462
1749265433,1.25030000,887.20000000,1.2462
1749265433,1.25040000,12.50000000,1.2462
1749265433,1.25050000,336.10000000,1.2462
1749265433,1.25060000,24.10000000,1.2462
1749265433,1.25070000,2395.30000000,1.2462
1749265433,1.25080000,18.50000000,1.2462
1749265433,1.25090000,803.90000000,1.2462
1749265433,1.25100000,266.30000000,1.2462
1749265433,1.25110000,88.10000000,1.2462
1749265433,1.25120000,88.00000000,1.2462
1749265433,1.25130000,1217.70000000,1.2462
1749265433,1.25140000,14.10000000,1.2462
1749265433,1.25150000,1997.50000000,1.2462
1749265433,1.25160000,314.60000000,1.2462
1749265433,1.25170000,1338.60000000,1.2462
1749265433,1.25180000,38423.30000000,1.2462
1749265433,1.25190000,1201.70000000,1.2462
1749265433,1.25200000,14.10000000,1.2462
1749265433,1.25210000,803.90000000,1.2462
1749265433,1.25220000,8.10000000,1.2462
1749265433,1.25230000,88.40000000,1.2462
1749265433,1.25240000,1282.00000000,1.2462
1749265433,1.25250000,1201.70000000,1.2462
1749265433,1.25260000,4639.10000000,1.2462
1749265433,1.25270000,819.90000000,1.2462
1749265433,1.25280000,12.50000000,1.2462
1749265433,1.25290000,8.10000000,1.2462
1749265433,1.25300000,8.10000000,1.2462
1749265433,1.25310000,1291.20000000,1.2462
1749265433,1.25320000,1300.60000000,1.2462
1749265433,1.25330000,894.70000000,1.2462
1749265433,1.25340000,8.10000000,1.2462
1749265433,1.25350000,88.30000000,1.2462
1749265433,1.25360000,8.10000000,1.2462
1749265433,1.25370000,1201.70000000,1.2462
1749265433,1.25380000,22.00000000,1.2462
1749265433,1.25390000,80.20000000,1.2462
1749265433,1.25400000,4.40000000,1.2462
1749265433,1.25410000,1193.60000000,1.2462
1749265433,1.25430000,1273.80000000,1.2462
1749265433,1.25440000,6.00000000,1.2462
1749265433,1.25450000,795.80000000,1.2462
1749265433,1.25470000,80.20000000,1.2462
1749265433,1.25490000,2403.20000000,1.2462
1749265433,1.25500000,92.80000000,1.2462
1749265433,1.25510000,4962.10000000,1.2462
1749265433,1.25520000,98.80000000,1.2462
1749265433,1.25550000,80.20000000,1.2462
1749265433,1.25560000,6.00000000,1.2462
1749265433,1.25580000,2469.40000000,1.2462
1749265433,1.25600000,16.00000000,1.2462
1749265433,1.25620000,87.00000000,1.2462
1749265433,1.25640000,4.40000000,1.2462
1749265433,1.25650000,5381.50000000,1.2462
1749265433,1.25670000,1193.60000000,1.2462
1749265433,1.25680000,6.10000000,1.2462
1749265433,1.25710000,1209.60000000,1.2462
1749265433,1.25730000,4706.10000000,1.2462
1749265433,1.25740000,36.70000000,1.2462
1749265734,1.25090000,44.60000000,1.2508
1749265734,1.25100000,117.40000000,1.2508
1749265734,1.25110000,72.60000000,1.2508
1749265734,1.25120000,195.90000000,1.2508
1749265734,1.25130000,241.80000000,1.2508
1749265734,1.25140000,246.00000000,1.2508
1749265734,1.25150000,82.50000000,1.2508
1749265734,1.25160000,325.50000000,1.2508
1749265734,1.25170000,362.50000000,1.2508
1749265734,1.25180000,1779.90000000,1.2508
1749265734,1.25190000,2096.70000000,1.2508
1749265734,1.25200000,620.40000000,1.2508
1749265734,1.25210000,2818.10000000,1.2508
1749265734,1.25220000,1183.40000000,1.2508
1749265734,1.25230000,1552.50000000,1.2508
1749265734,1.25240000,1507.00000000,1.2508
1749265734,1.25250000,2549.40000000,1.2508
1749265734,1.25260000,1894.50000000,1.2508
1749265734,1.25270000,4895.90000000,1.2508
1749265734,1.25280000,3511.20000000,1.2508
1749265734,1.25290000,2462.30000000,1.2508
1749265734,1.25300000,1964.90000000,1.2508
1749265734,1.25310000,3074.80000000,1.2508
1749265734,1.25320000,1212.10000000,1.2508
1749265734,1.25330000,2054.50000000,1.2508
1749265734,1.25340000,8.10000000,1.2508
1749265734,1.25350000,3402.40000000,1.2508
1749265734,1.25360000,134.70000000,1.2508
1749265734,1.25370000,1201.70000000,1.2508
1749265734,1.25380000,104.20000000,1.2508
1749265734,1.25390000,884.10000000,1.2508
1749265734,1.25400000,12.50000000,1.2508
1749265734,1.25410000,1201.70000000,1.2508
1749265734,1.25420000,8.10000000,1.2508
1749265734,1.25430000,1472.00000000,1.2508
1749265734,1.25440000,18.50000000,1.2508
1749265734,1.25450000,932.60000000,1.2508
1749265734,1.25460000,8.10000000,1.2508
1749265734,1.25470000,88.30000000,1.2508
1749265734,1.25480000,8.10000000,1.2508
1749265734,1.25490000,2411.30000000,1.2508
1749265734,1.25500000,14.10000000,1.2508
1749265734,1.25510000,884.00000000,1.2508
1749265734,1.25520000,12.50000000,1.2508
1749265734,1.25530000,8.10000000,1.2508
1749265734,1.25540000,8.10000000,1.2508
1749265734,1.25550000,270.70000000,1.2508
1749265734,1.25560000,14.10000000,1.2508
1749265734,1.25570000,803.90000000,1.2508
1749265734,1.25580000,2519.50000000,1.2508
1749265734,1.25590000,5941.10000000,1.2508
1749265734,1.25600000,24.10000000,1.2508
1749265734,1.25610000,189.40000000,1.2508
1749265734,1.25620000,14.10000000,1.2508
1749265734,1.25630000,884.00000000,1.2508
1749265734,1.25640000,185.50000000,1.2508
1749265734,1.25650000,40914.00000000,1.2508
1749265734,1.25660000,272.10000000,1.2508
1749265734,1.25670000,1201.70000000,1.2508
1749265734,1.25680000,14.20000000,1.2508
1749265734,1.25690000,8.10000000,1.2508
1749265734,1.25700000,8.10000000,1.2508
1749265734,1.25710000,1297.70000000,1.2508
1749265734,1.25720000,8.10000000,1.2508
1749265734,1.25730000,8.10000000,1.2508
1749265734,1.25740000,44.80000000,1.2508
1749265734,1.25750000,2204.70000000,1.2508
1749265734,1.25760000,12.50000000,1.2508
1749265734,1.25770000,1201.70000000,1.2508
1749265734,1.25780000,8.10000000,1.2508
1749265734,1.25790000,88.10000000,1.2508
1749265734,1.25800000,14.20000000,1.2508
1749265734,1.25810000,45.80000000,1.2508
1749265734,1.25820000,8.10000000,1.2508
1749265734,1.25830000,2475.30000000,1.2508
1749265734,1.25840000,8.10000000,1.2508
1749265734,1.25850000,77.60000000,1.2508
1749265734,1.25860000,16.70000000,1.2508
1749265734,1.25870000,875.70000000,1.2508
1749265734,1.25880000,98.80000000,1.2508
1749265734,1.25890000,110.70000000,1.2508
1749265734,1.25910000,2483.10000000,1.2508
1749265734,1.25920000,6.10000000,1.2508
1749265734,1.25940000,1709.90000000,1.2508
1749265734,1.25980000,6.10000000,1.2508
1749265734,1.25990000,1193.60000000,1.2508
1749265734,1.26000000,1211.00000000,1.2508
1749265734,1.26010000,131.00000000,1.2508
1749265734,1.26040000,6.10000000,1.2508
1749265734,1.26060000,1193.60000000,1.2508
1749265734,1.26100000,6.10000000,1.2508
1749265734,1.26110000,37.30000000,1.2508
1749265734,1.26120000,20.40000000,1.2508
1749265734,1.26130000,1193.60000000,1.2508
1749265734,1.26150000,1193.60000000,1.2508
1749265734,1.26160000,6.10000000,1.2508
1749265734,1.26170000,4730.10000000,1.2508
1749265734,1.26180000,287.80000000,1.2508
1749265734,1.26200000,5637.70000000,1.2508
1749265734,1.26220000,6.10000000,1.2508
1749266036,1.25830000,113.80000000,1.2583
1749266036,1.25840000,168.00000000,1.2583
1749266036,1.25850000,22.30000000,1.2583
1749266036,1.25860000,110.00000000,1.2583
1749266036,1.25870000,84.60000000,1.2583
1749266036,1.25880000,351.80000000,1.2583
1749266036,1.25890000,806.00000000,1.2583
1749266036,1.25900000,110.00000000,1.2583
1749266036,1.25910000,200.20000000,1.2583
1749266036,1.25920000,644.00000000,1.2583
1749266036,1.25930000,1397.90000000,1.2583
1749266036,1.25940000,1728.30000000,1.2583
1749266036,1.25950000,369.00000000,1.2583
1749266036,1.25960000,790.60000000,1.2583
1749266036,1.25970000,1207.70000000,1.2583
1749266036,1.25980000,911.60000000,1.2583
1749266036,1.25990000,2492.50000000,1.2583
1749266036,1.26000000,2246.60000000,1.2583
1749266036,1.26010000,1819.60000000,1.2583
1749266036,1.26020000,140.60000000,1.2583
1749266036,1.26030000,93.40000000,1.2583
1749266036,1.26040000,346.60000000,1.2583
1749266036,1.26050000,883.20000000,1.2583
1749266036,1.26060000,1079.60000000,1.2583
1749266036,1.26070000,3757.80000000,1.2583
1749266036,1.26080000,506.10000000,1.2583
1749266036,1.26090000,452.00000000,1.2583
1749266036,1.26100000,1344.70000000,1.2583
1749266036,1.26110000,841.10000000,1.2583
1749266036,1.26120000,108.40000000,1.2583
1749266036,1.26130000,1323.80000000,1.2583
1749266036,1.26140000,4388.60000000,1.2583
1749266036,1.26150000,1201.60000000,1.2583
1749266036,1.26160000,365.80000000,1.2583
1749266036,1.26170000,878.00000000,1.2583
1749266036,1.26180000,8.00000000,1.2583
1749266036,1.26190000,8.00000000,1.2583
1749266036,1.26200000,1206.00000000,1.2583
1749266036,1.26210000,8.00000000,1.2583
1749266036,1.26220000,94.10000000,1.2583
1749266036,1.26230000,2013.40000000,1.2583
1749266036,1.26240000,12.40000000,1.2583
1749266036,1.26250000,206.00000000,1.2583
1749266036,1.26260000,198.10000000,1.2583
1749266036,1.26270000,99.80000000,1.2583
1749266036,1.26280000,18.40000000,1.2583
1749266036,1.26290000,901.10000000,1.2583
1749266036,1.26300000,1445.50000000,1.2583
1749266036,1.26310000,1281.30000000,1.2583
1749266036,1.26320000,1217.60000000,1.2583
1749266036,1.26330000,135.80000000,1.2583
1749266036,1.26340000,30.00000000,1.2583
1749266036,1.26350000,5652.20000000,1.2583
1749266036,1.26360000,12.40000000,1.2583
1749266036,1.26370000,8.00000000,1.2583
1749266036,1.26380000,8.00000000,1.2583
1749266036,1.26390000,1281.20000000,1.2583
1749266036,1.26400000,38018.00000000,1.2583
1749266036,1.26410000,803.80000000,1.2583
1749266036,1.26420000,8.00000000,1.2583
1749266036,1.26430000,1281.20000000,1.2583
1749266036,1.26440000,24.00000000,1.2583
1749266036,1.26450000,8.00000000,1.2583
1749266036,1.26460000,14.00000000,1.2583
1749266036,1.26470000,2077.00000000,1.2583
1749266036,1.26480000,12.40000000,1.2583
1749266036,1.26490000,8.00000000,1.2583
1749266036,1.26500000,91.70000000,1.2583
1749266036,1.26510000,232.20000000,1.2583
1749266036,1.26520000,1207.60000000,1.2583
1749266036,1.26530000,803.80000000,1.2583
1749266036,1.26540000,8.00000000,1.2583
1749266036,1.26550000,1297.00000000,1.2583
1749266036,1.26560000,8.00000000,1.2583
1749266036,1.26570000,8.00000000,1.2583
1749266036,1.26580000,23.20000000,1.2583
1749266036,1.26590000,79.40000000,1.2583
1749266036,1.26600000,118.80000000,1.2583
1749266036,1.26610000,92.90000000,1.2583
1749266036,1.26620000,1193.60000000,1.2583
1749266036,1.26630000,79.40000000,1.2583
1749266036,1.26640000,10.10000000,1.2583
1749266036,1.26660000,122.50000000,1.2583
1749266036,1.26670000,79.50000000,1.2583
1749266036,1.26680000,1193.60000000,1.2583
1749266036,1.26690000,81.20000000,1.2583
1749266036,1.26700000,6.00000000,1.2583
1749266036,1.26710000,1273.10000000,1.2583
1749266036,1.26720000,4624.70000000,1.2583
1749266036,1.26730000,81.00000000,1.2583
1749266036,1.26750000,79.40000000,1.2583
1749266036,1.26760000,6.00000000,1.2583
1749266036,1.26770000,16.00000000,1.2583
1749266036,1.26790000,1193.60000000,1.2583
1749266036,1.26800000,122.50000000,1.2583
1749266036,1.26810000,25.70000000,1.2583
1749266036,1.26820000,6.00000000,1.2583
1749266036,1.26840000,4.40000000,1.2583
1749266036,1.26860000,1193.60000000,1.2583
1749266036,1.26870000,4256.00000000,1.2583
1749266337,1.25780000,419.50000000,1.2578
1749266337,1.25790000,150.20000000,1.2578
1749266337,1.25800000,372.60000000,1.2578
1749266337,1.25810000,18.80000000,1.2578
1749266337,1.25820000,336.20000000,1.2578
1749266337,1.25830000,1057.90000000,1.2578
1749266337,1.25840000,262.10000000,1.2578
1749266337,1.25850000,257.40000000,1.2578
1749266337,1.25860000,88.40000000,1.2578
1749266337,1.25870000,262.20000000,1.2578
1749266337,1.25880000,146.00000000,1.2578
1749266337,1.25890000,145.40000000,1.2578
1749266337,1.25900000,268.10000000,1.2578
1749266337,1.25910000,1190.40000000,1.2578
1749266337,1.25920000,1898.60000000,1.2578
1749266337,1.25930000,3077.90000000,1.2578
1749266337,1.25940000,1326.30000000,1.2578
1749266337,1.25950000,1405.10000000,1.2578
1749266337,1.25960000,1594.40000000,1.2578
1749266337,1.25970000,1522.30000000,1.2578
1749266337,1.25980000,3323.20000000,1.2578
1749266337,1.25990000,1626.90000000,1.2578
1749266337,1.26000000,7209.40000000,1.2578
1749266337,1.26010000,3307.20000000,1.2578
1749266337,1.26020000,134.60000000,1.2578
1749266337,1.26030000,803.80000000,1.2578
1749266337,1.26040000,1212.00000000,1.2578
1749266337,1.26050000,8.00000000,1.2578
1749266337,1.26060000,4574.20000000,1.2578
1749266337,1.26070000,130.20000000,1.2578
1749266337,1.26080000,134.60000000,1.2578
1749266337,1.26090000,803.80000000,1.2578
1749266337,1.26100000,14.00000000,1.2578
1749266337,1.26110000,103.30000000,1.2578
1749266337,1.26120000,12.40000000,1.2578
1749266337,1.26130000,1201.60000000,1.2578
1749266337,1.26140000,2469.30000000,1.2578
1749266337,1.26150000,993.90000000,1.2578
1749266337,1.26160000,220.40000000,1.2578
1749266337,1.26170000,8.00000000,1.2578
1749266337,1.26180000,87.30000000,1.2578
1749266337,1.26190000,8.00000000,1.2578
1749266337,1.26200000,1775.20000000,1.2578
1749266337,1.26210000,1201.60000000,1.2578
1749266337,1.26220000,841.80000000,1.2578
1749266337,1.26230000,8.00000000,1.2578
1749266337,1.26240000,91.70000000,1.2578
1749266337,1.26250000,194.40000000,1.2578
1749266337,1.26260000,1201.60000000,1.2578
1749266337,1.26270000,5612.00000000,1.2578
1749266337,1.26280000,889.00000000,1.2578
1749266337,1.26290000,8.00000000,1.2578
1749266337,1.26300000,4772.60000000,1.2578
1749266337,1.26310000,1201.60000000,1.2578
1749266337,1.26320000,1222.10000000,1.2578
1749266337,1.26330000,24.00000000,1.2578
1749266337,1.26340000,40134.50000000,1.2578
1749266337,1.26350000,87.20000000,1.2578
1749266337,1.26360000,198.30000000,1.2578
1749266337,1.26370000,87.10000000,1.2578
1749266337,1.26380000,1201.60000000,1.2578
1749266337,1.26390000,1201.60000000,1.2578
1749266337,1.26400000,14.00000000,1.2578
1749266337,1.26410000,1992.20000000,1.2578
1749266337,1.26420000,87.20000000,1.2578
1749266337,1.26430000,8.00000000,1.2578
1749266337,1.26440000,1217.60000000,1.2578
1749266337,1.26450000,8.00000000,1.2578
1749266337,1.26460000,14.00000000,1.2578
1749266337,1.26470000,2077.00000000,1.2578
1749266337,1.26480000,12.40000000,1.2578
1749266337,1.26490000,102.40000000,1.2578
1749266337,1.26500000,91.70000000,1.2578
1749266337,1.26510000,137.80000000,1.2578
1749266337,1.26520000,1207.60000000,1.2578
1749266337,1.26530000,803.80000000,1.2578
1749266337,1.26550000,1289.10000000,1.2578
1749266337,1.26580000,15.20000000,1.2578
1749266337,1.26590000,968.20000000,1.2578
1749266337,1.26600000,4.40000000,1.2578
1749266337,1.26610000,146.30000000,1.2578
1749266337,1.26620000,1193.60000000,1.2578
1749266337,1.26630000,1193.60000000,1.2578
1749266337,1.26640000,10.10000000,1.2578
1749266337,1.26650000,795.80000000,1.2578
1749266337,1.26660000,122.50000000,1.2578
1749266337,1.26680000,1193.60000000,1.2578
1749266337,1.26690000,81.20000000,1.2578
1749266337,1.26700000,6.00000000,1.2578
1749266337,1.26710000,1193.60000000,1.2578
1749266337,1.26720000,4731.60000000,1.2578
1749266337,1.26760000,6.00000000,1.2578
1749266337,1.26770000,811.80000000,1.2578
1749266337,1.26790000,1193.60000000,1.2578
1749266337,1.26800000,122.50000000,1.2578
1749266337,1.26810000,25.70000000,1.2578
1749266337,1.26820000,6.00000000,1.2578
1749266337,1.26830000,4739.60000000,1.2578
1749266337,1.26840000,4.40000000,1.2578
1749266337,1.26860000,1193.60000000,1.2578
1749266647,1.25540000,10.40000000,1.2552
1749266647,1.25550000,184.50000000,1.2552
1749266647,1.25560000,120.40000000,1.2552
1749266647,1.25570000,19.80000000,1.2552
1749266647,1.25580000,353.10000000,1.2552
1749266647,1.25590000,495.20000000,1.2552
1749266647,1.25600000,1800.20000000,1.2552
1749266647,1.25610000,398.60000000,1.2552
1749266647,1.25620000,1646.80000000,1.2552
1749266647,1.25630000,2478.80000000,1.2552
1749266647,1.25640000,3880.40000000,1.2552
1749266647,1.25650000,1642.10000000,1.2552
1749266647,1.25660000,8096.80000000,1.2552
1749266647,1.25670000,4823.90000000,1.2552
1749266647,1.25680000,1613.70000000,1.2552
1749266647,1.25690000,1551.80000000,1.2552
1749266647,1.25700000,5659.00000000,1.2552
1749266647,1.25710000,3296.90000000,1.2552
1749266647,1.25720000,1917.00000000,1.2552
1749266647,1.25730000,1241.30000000,1.2552
1749266647,1.25740000,4048.00000000,1.2552
1749266647,1.25750000,1398.10000000,1.2552
1749266647,1.25760000,1060.40000000,1.2552
1749266647,1.25770000,3207.10000000,1.2552
1749266647,1.25780000,98.00000000,1.2552
1749266647,1.25790000,3228.60000000,1.2552
1749266647,1.25800000,1307.40000000,1.2552
1749266647,1.25810000,8.00000000,1.2552
1749266647,1.25820000,130.20000000,1.2552
1749266647,1.25830000,8.00000000,1.2552
1749266647,1.25840000,1120.30000000,1.2552
1749266647,1.25850000,1997.40000000,1.2552
1749266647,1.25860000,14.00000000,1.2552
1749266647,1.25870000,87.50000000,1.2552
1749266647,1.25880000,2584.50000000,1.2552
1749266647,1.25890000,103.40000000,1.2552
1749266647,1.25900000,157.70000000,1.2552
1749266647,1.25910000,803.80000000,1.2552
1749266647,1.25920000,1212.00000000,1.2552
1749266647,1.25930000,8.00000000,1.2552
1749266647,1.25940000,87.40000000,1.2552
1749266647,1.25950000,185.30000000,1.2552
1749266647,1.25960000,1281.00000000,1.2552
1749266647,1.25970000,803.80000000,1.2552
1749266647,1.25980000,1207.60000000,1.2552
1749266647,1.25990000,8.00000000,1.2552
1749266647,1.26000000,107.70000000,1.2552
1749266647,1.26010000,1369.30000000,1.2552
1749266647,1.26020000,4597.20000000,1.2552
1749266647,1.26030000,942.10000000,1.2552
1749266647,1.26040000,1207.60000000,1.2552
1749266647,1.26050000,186.50000000,1.2552
1749266647,1.26060000,1280.90000000,1.2552
1749266647,1.26070000,8.00000000,1.2552
1749266647,1.26080000,208.00000000,1.2552
1749266647,1.26090000,803.80000000,1.2552
1749266647,1.26100000,39594.30000000,1.2552
1749266647,1.26110000,296.40000000,1.2552
1749266647,1.26120000,12.40000000,1.2552
1749266647,1.26130000,1201.60000000,1.2552
1749266647,1.26140000,1280.90000000,1.2552
1749266647,1.26150000,803.80000000,1.2552
1749266647,1.26160000,14.00000000,1.2552
1749266647,1.26170000,8.00000000,1.2552
1749266647,1.26180000,87.30000000,1.2552
1749266647,1.26190000,8.00000000,1.2552
1749266647,1.26200000,1596.00000000,1.2552
1749266647,1.26210000,1338.80000000,1.2552
1749266647,1.26220000,825.80000000,1.2552
1749266647,1.26230000,87.70000000,1.2552
1749266647,1.26240000,12.40000000,1.2552
1749266647,1.26250000,87.60000000,1.2552
1749266647,1.26260000,1201.60000000,1.2552
1749266647,1.26270000,100.90000000,1.2552
1749266647,1.26280000,809.80000000,1.2552
1749266647,1.26290000,8.00000000,1.2552
1749266647,1.26310000,1193.60000000,1.2552
1749266647,1.26320000,1214.10000000,1.2552
1749266647,1.26330000,16.00000000,1.2552
1749266647,1.26340000,928.20000000,1.2552
1749266647,1.26360000,4.40000000,1.2552
1749266647,1.26380000,1193.60000000,1.2552
1749266647,1.26390000,1193.60000000,1.2552
1749266647,1.26400000,6.00000000,1.2552
1749266647,1.26410000,795.80000000,1.2552
1749266647,1.26440000,1209.60000000,1.2552
1749266647,1.26460000,154.10000000,1.2552
1749266647,1.26470000,1193.60000000,1.2552
1749266647,1.26480000,4.40000000,1.2552
1749266647,1.26500000,4200.10000000,1.2552
1749266647,1.26520000,1199.60000000,1.2552
1749266647,1.26550000,1209.60000000,1.2552
1749266647,1.26580000,15.20000000,1.2552
1749266647,1.26590000,286.70000000,1.2552
1749266647,1.26600000,85.40000000,1.2552
1749266647,1.26610000,4459.70000000,1.2552
1749266647,1.26620000,1193.60000000,1.2552
1749266647,1.26630000,1193.60000000,1.2552
1749266647,1.26640000,87.70000000,1.2552
1749266647,1.26660000,122.50000000,1.2552
1749266948,1.24530000,311.50000000,1.2453
1749266948,1.24540000,238.20000000,1.2453
1749266948,1.24550000,142.20000000,1.2453
1749266948,1.24560000,146.20000000,1.2453
1749266948,1.24570000,20.90000000,1.2453
1749266948,1.24580000,211.60000000,1.2453
1749266948,1.24590000,294.60000000,1.2453
1749266948,1.24600000,1038.60000000,1.2453
1749266948,1.24610000,1862.30000000,1.2453
1749266948,1.24620000,1287.60000000,1.2453
1749266948,1.24630000,635.50000000,1.2453
1749266948,1.24640000,1708.60000000,1.2453
1749266948,1.24650000,2283.80000000,1.2453
1749266948,1.24660000,1003.90000000,1.2453
1749266948,1.24670000,189.60000000,1.2453
1749266948,1.24680000,246.90000000,1.2453
1749266948,1.24690000,1010.40000000,1.2453
1749266948,1.24700000,4304.70000000,1.2453
1749266948,1.24710000,3548.80000000,1.2453
1749266948,1.24720000,1468.70000000,1.2453
1749266948,1.24730000,1286.20000000,1.2453
1749266948,1.24740000,1777.80000000,1.2453
1749266948,1.24750000,2166.60000000,1.2453
1749266948,1.24760000,2055.10000000,1.2453
1749266948,1.24770000,1255.60000000,1.2453
1749266948,1.24780000,5757.00000000,1.2453
1749266948,1.24790000,2118.10000000,1.2453
1749266948,1.24800000,1504.40000000,1.2453
1749266948,1.24810000,4588.40000000,1.2453
1749266948,1.24820000,1952.50000000,1.2453
1749266948,1.24830000,4115.00000000,1.2453
1749266948,1.24840000,4390.60000000,1.2453
1749266948,1.24850000,1997.50000000,1.2453
1749266948,1.24860000,1201.70000000,1.2453
1749266948,1.24870000,1089.00000000,1.2453
1749266948,1.24880000,28.60000000,1.2453
1749266948,1.24890000,8.10000000,1.2453
1749266948,1.24900000,86.90000000,1.2453
1749266948,1.24910000,2227.80000000,1.2453
1749266948,1.24920000,1206.20000000,1.2453
1749266948,1.24930000,8.10000000,1.2453
1749266948,1.24940000,197.70000000,1.2453
1749266948,1.24950000,88.10000000,1.2453
1749266948,1.24960000,18.70000000,1.2453
1749266948,1.24970000,104.00000000,1.2453
1749266948,1.24980000,2411.30000000,1.2453
1749266948,1.24990000,8.10000000,1.2453
1749266948,1.25000000,808.40000000,1.2453
1749266948,1.25010000,8.10000000,1.2453
1749266948,1.25020000,14.20000000,1.2453
1749266948,1.25030000,1281.60000000,1.2453
1749266948,1.25040000,12.50000000,1.2453
1749266948,1.25050000,229.90000000,1.2453
1749266948,1.25060000,1196.50000000,1.2453
1749266948,1.25070000,1201.70000000,1.2453
1749266948,1.25080000,1287.60000000,1.2453
1749266948,1.25090000,39696.70000000,1.2453
1749266948,1.25100000,8.10000000,1.2453
1749266948,1.25110000,8.10000000,1.2453
1749266948,1.25120000,4721.90000000,1.2453
1749266948,1.25130000,1201.70000000,1.2453
1749266948,1.25140000,14.10000000,1.2453
1749266948,1.25150000,2195.70000000,1.2453
1749266948,1.25160000,12.40000000,1.2453
1749266948,1.25170000,154.00000000,1.2453
1749266948,1.25180000,299.10000000,1.2453
1749266948,1.25190000,1281.50000000,1.2453
1749266948,1.25200000,1393.70000000,1.2453
1749266948,1.25210000,883.70000000,1.2453
1749266948,1.25220000,8.00000000,1.2453
1749266948,1.25230000,1310.50000000,1.2453
1749266948,1.25240000,8.00000000,1.2453
1749266948,1.25250000,1385.60000000,1.2453
1749266948,1.25260000,93.80000000,1.2453
1749266948,1.25270000,803.80000000,1.2453
1749266948,1.25280000,12.40000000,1.2453
1749266948,1.25310000,1392.40000000,1.2453
1749266948,1.25320000,1199.60000000,1.2453
1749266948,1.25330000,795.80000000,1.2453
1749266948,1.25340000,16.00000000,1.2453
1749266948,1.25350000,153.00000000,1.2453
1749266948,1.25380000,1199.60000000,1.2453
1749266948,1.25390000,1989.40000000,1.2453
1749266948,1.25400000,4.40000000,1.2453
1749266948,1.25440000,6.00000000,1.2453
1749266948,1.25450000,16.00000000,1.2453
1749266948,1.25470000,1989.40000000,1.2453
1749266948,1.25480000,1338.10000000,1.2453
1749266948,1.25500000,6.00000000,1.2453
1749266948,1.25520000,4.40000000,1.2453
1749266948,1.25530000,795.80000000,1.2453
1749266948,1.25540000,1193.60000000,1.2453
1749266948,1.25550000,1288.00000000,1.2453
1749266948,1.25560000,22.00000000,1.2453
1749266948,1.25590000,984.30000000,1.2453
1749266948,1.25600000,1193.60000000,1.2453
1749266948,1.25620000,6.00000000,1.2453
1749266948,1.25630000,1193.60000000,1.2453
1749266948,1.25640000,4.40000000,1.2453
1749266948,1.25660000,1989.40000000,1.2453
1749267250,1.23910000,281.60000000,1.2388
1749267250,1.23920000,114.70000000,1.2388
1749267250,1.23930000,200.70000000,1.2388
1749267250,1.23940000,125.30000000,1.2388
1749267250,1.23950000,14.20000000,1.2388
1749267250,1.23960000,123.90000000,1.2388
1749267250,1.23970000,385.50000000,1.2388
1749267250,1.23980000,23.50000000,1.2388
1749267250,1.23990000,14.20000000,1.2388
1749267250,1.24000000,357.20000000,1.2388
1749267250,1.24010000,382.40000000,1.2388
1749267250,1.24020000,99.40000000,1.2388
1749267250,1.24030000,403.70000000,1.2388
1749267250,1.24040000,1618.70000000,1.2388
1749267250,1.24050000,2131.30000000,1.2388
1749267250,1.24060000,6776.80000000,1.2388
1749267250,1.24070000,3581.60000000,1.2388
1749267250,1.24080000,5498.20000000,1.2388
1749267250,1.24090000,3781.30000000,1.2388
1749267250,1.24100000,3422.60000000,1.2388
1749267250,1.24110000,4344.50000000,1.2388
1749267250,1.24120000,5201.00000000,1.2388
1749267250,1.24130000,2866.90000000,1.2388
1749267250,1.24140000,130.30000000,1.2388
1749267250,1.24150000,88.70000000,1.2388
1749267250,1.24160000,134.80000000,1.2388
1749267250,1.24170000,104.70000000,1.2388
1749267250,1.24180000,178.50000000,1.2388
1749267250,1.24190000,2585.40000000,1.2388
1749267250,1.24200000,2002.00000000,1.2388
1749267250,1.24210000,88.80000000,1.2388
1749267250,1.24220000,8.10000000,1.2388
1749267250,1.24230000,12.30000000,1.2388
1749267250,1.24240000,205.20000000,1.2388
1749267250,1.24250000,24.20000000,1.2388
1749267250,1.24260000,88.80000000,1.2388
1749267250,1.24270000,1201.80000000,1.2388
1749267250,1.24280000,2018.10000000,1.2388
1749267250,1.24290000,4660.60000000,1.2388
1749267250,1.24300000,14.30000000,1.2388
1749267250,1.24310000,88.80000000,1.2388
1749267250,1.24320000,1206.30000000,1.2388
1749267250,1.24330000,8.20000000,1.2388
1749267250,1.24340000,8.20000000,1.2388
1749267250,1.24350000,88.80000000,1.2388
1749267250,1.24360000,2237.40000000,1.2388
1749267250,1.24370000,1201.80000000,1.2388
1749267250,1.24380000,24.10000000,1.2388
1749267250,1.24390000,8.10000000,1.2388
1749267250,1.24400000,8.10000000,1.2388
1749267250,1.24410000,186.50000000,1.2388
1749267250,1.24420000,810.00000000,1.2388
1749267250,1.24430000,974.80000000,1.2388
1749267250,1.24440000,177.40000000,1.2388
1749267250,1.24450000,1201.70000000,1.2388
1749267250,1.24460000,1201.70000000,1.2388
1749267250,1.24470000,39480.30000000,1.2388
1749267250,1.24480000,826.00000000,1.2388
1749267250,1.24490000,199.80000000,1.2388
1749267250,1.24500000,1282.50000000,1.2388
1749267250,1.24510000,137.60000000,1.2388
1749267250,1.24520000,8.10000000,1.2388
1749267250,1.24530000,8.10000000,1.2388
1749267250,1.24540000,2003.60000000,1.2388
1749267250,1.24550000,1375.40000000,1.2388
1749267250,1.24560000,12.60000000,1.2388
1749267250,1.24570000,8.10000000,1.2388
1749267250,1.24580000,118.50000000,1.2388
1749267250,1.24590000,200.50000000,1.2388
1749267250,1.24600000,1207.80000000,1.2388
1749267250,1.24610000,8.10000000,1.2388
1749267250,1.24620000,1201.70000000,1.2388
1749267250,1.24630000,88.80000000,1.2388
1749267250,1.24640000,157.60000000,1.2388
1749267250,1.24650000,1464.20000000,1.2388
1749267250,1.24660000,936.20000000,1.2388
1749267250,1.24670000,80.70000000,1.2388
1749267250,1.24680000,29.70000000,1.2388
1749267250,1.24700000,2387.20000000,1.2388
1749267250,1.24710000,262.20000000,1.2388
1749267250,1.24720000,6.10000000,1.2388
1749267250,1.24750000,1193.60000000,1.2388
1749267250,1.24760000,266.50000000,1.2388
1749267250,1.24770000,77.60000000,1.2388
1749267250,1.24780000,1215.70000000,1.2388
1749267250,1.24800000,1346.20000000,1.2388
1749267250,1.24840000,6.10000000,1.2388
1749267250,1.24850000,1193.60000000,1.2388
1749267250,1.24860000,1193.60000000,1.2388
1749267250,1.24880000,16.00000000,1.2388
1749267250,1.24900000,6.10000000,1.2388
1749267250,1.24910000,155.40000000,1.2388
1749267250,1.24920000,1198.10000000,1.2388
1749267250,1.24960000,6.10000000,1.2388
1749267250,1.24980000,2403.20000000,1.2388
1749267250,1.25000000,240.60000000,1.2388
1749267250,1.25020000,364.40000000,1.2388
1749267250,1.25030000,1193.60000000,1.2388
1749267250,1.25040000,4.40000000,1.2388
1749267250,1.25050000,164.40000000,1.2388
1749267551,1.24030000,108.20000000,1.2403
1749267551,1.24040000,188.80000000,1.2403
1749267551,1.24050000,204.80000000,1.2403
1749267551,1.24060000,278.80000000,1.2403
1749267551,1.24070000,78.20000000,1.2403
1749267551,1.24080000,481.90000000,1.2403
1749267551,1.24090000,1290.10000000,1.2403
1749267551,1.24100000,617.00000000,1.2403
1749267551,1.24110000,1856.20000000,1.2403
1749267551,1.24120000,1023.20000000,1.2403
1749267551,1.24130000,1912.00000000,1.2403
1749267551,1.24140000,2162.80000000,1.2403
1749267551,1.24150000,1094.20000000,1.2403
1749267551,1.24160000,150.70000000,1.2403
1749267551,1.24170000,14.20000000,1.2403
1749267551,1.24180000,282.10000000,1.2403
1749267551,1.24190000,423.20000000,1.2403
1749267551,1.24200000,1348.40000000,1.2403
1749267551,1.24210000,1653.80000000,1.2403
1749267551,1.24220000,1907.90000000,1.2403
1749267551,1.24230000,3721.00000000,1.2403
1749267551,1.24240000,639.90000000,1.2403
1749267551,1.24250000,4696.90000000,1.2403
1749267551,1.24260000,7142.40000000,1.2403
1749267551,1.24270000,2123.90000000,1.2403
1749267551,1.24280000,4381.00000000,1.2403
1749267551,1.24290000,3863.50000000,1.2403
1749267551,1.24300000,1238.70000000,1.2403
1749267551,1.24310000,88.50000000,1.2403
1749267551,1.24320000,103.40000000,1.2403
1749267551,1.24330000,543.10000000,1.2403
1749267551,1.24340000,2119.80000000,1.2403
1749267551,1.24350000,8.20000000,1.2403
1749267551,1.24360000,18.80000000,1.2403
1749267551,1.24370000,1201.80000000,1.2403
1749267551,1.24380000,253.90000000,1.2403
1749267551,1.24390000,8.10000000,1.2403
1749267551,1.24400000,2091.40000000,1.2403
1749267551,1.24410000,278.70000000,1.2403
1749267551,1.24420000,14.20000000,1.2403
1749267551,1.24430000,1929.40000000,1.2403
1749267551,1.24440000,1201.00000000,1.2403
1749267551,1.24450000,1201.70000000,1.2403
1749267551,1.24460000,1201.70000000,1.2403
1749267551,1.24470000,1031.70000000,1.2403
1749267551,1.24480000,119.30000000,1.2403
1749267551,1.24490000,8.10000000,1.2403
1749267551,1.24500000,1201.70000000,1.2403
1749267551,1.24510000,8.10000000,1.2403
1749267551,1.24520000,8.10000000,1.2403
1749267551,1.24530000,884.40000000,1.2403
1749267551,1.24540000,1207.80000000,1.2403
1749267551,1.24550000,1201.70000000,1.2403
1749267551,1.24560000,12.60000000,1.2403
1749267551,1.24570000,1277.00000000,1.2403
1749267551,1.24580000,4662.10000000,1.2403
1749267551,1.24590000,40213.00000000,1.2403
1749267551,1.24600000,1386.20000000,1.2403
1749267551,1.24610000,199.80000000,1.2403
1749267551,1.24620000,1201.70000000,1.2403
1749267551,1.24630000,88.60000000,1.2403
1749267551,1.24640000,238.10000000,1.2403
1749267551,1.24650000,1201.70000000,1.2403
1749267551,1.24660000,810.00000000,1.2403
1749267551,1.24670000,8.10000000,1.2403
1749267551,1.24680000,37.80000000,1.2403
1749267551,1.24690000,88.70000000,1.2403
1749267551,1.24700000,2395.30000000,1.2403
1749267551,1.24710000,172.90000000,1.2403
1749267551,1.24720000,810.00000000,1.2403
1749267551,1.24730000,188.40000000,1.2403
1749267551,1.24740000,8.10000000,1.2403
1749267551,1.24750000,1282.30000000,1.2403
1749267551,1.24760000,8.10000000,1.2403
1749267551,1.24770000,8.10000000,1.2403
1749267551,1.24780000,2019.60000000,1.2403
1749267551,1.24790000,80.60000000,1.2403
1749267551,1.24800000,1541.10000000,1.2403
1749267551,1.24820000,129.50000000,1.2403
1749267551,1.24830000,80.60000000,1.2403
1749267551,1.24840000,6.10000000,1.2403
1749267551,1.24850000,1386.00000000,1.2403
1749267551,1.24860000,1193.60000000,1.2403
1749267551,1.24870000,80.60000000,1.2403
1749267551,1.24880000,16.00000000,1.2403
1749267551,1.24900000,801.90000000,1.2403
1749267551,1.24910000,347.20000000,1.2403
1749267551,1.24920000,1198.10000000,1.2403
1749267551,1.24950000,92.90000000,1.2403
1749267551,1.24960000,324.30000000,1.2403
1749267551,1.24980000,2497.60000000,1.2403
1749267551,1.25000000,240.60000000,1.2403
1749267551,1.25020000,801.90000000,1.2403
1749267551,1.25030000,1193.60000000,1.2403
1749267551,1.25040000,4.40000000,1.2403
1749267551,1.25070000,1329.80000000,1.2403
1749267551,1.25080000,1199.60000000,1.2403
1749267551,1.25120000,97.00000000,1.2403
1749267551,1.25130000,1193.60000000,1.2403
1749267551,1.25140000,801.80000000,1.2403
1749267853,1.24080000,122.30000000,1.2407
1749267853,1.24090000,14.20000000,1.2407
1749267853,1.24100000,119.40000000,1.2407
1749267853,1.24110000,14.20000000,1.2407
1749267853,1.24120000,214.00000000,1.2407
1749267853,1.24130000,175.30000000,1.2407
1749267853,1.24140000,404.60000000,1.2407
1749267853,1.24150000,1270.80000000,1.2407
1749267853,1.24160000,59.40000000,1.2407
1749267853,1.24170000,141.10000000,1.2407
1749267853,1.24180000,966.70000000,1.2407
1749267853,1.24190000,2370.20000000,1.2407
1749267853,1.24200000,93.20000000,1.2407
1749267853,1.24210000,896.70000000,1.2407
1749267853,1.24220000,3348.40000000,1.2407
1749267853,1.24230000,8654.10000000,1.2407
1749267853,1.24240000,2964.70000000,1.2407
1749267853,1.24250000,1670.20000000,1.2407
1749267853,1.24260000,2939.30000000,1.2407
1749267853,1.24270000,5443.00000000,1.2407
1749267853,1.24280000,2831.60000000,1.2407
1749267853,1.24290000,1823.90000000,1.2407
1749267853,1.24300000,4254.30000000,1.2407
1749267853,1.24310000,130.30000000,1.2407
1749267853,1.24320000,3351.00000000,1.2407
1749267853,1.24330000,1017.50000000,1.2407
1749267853,1.24340000,130.30000000,1.2407
1749267853,1.24350000,3329.30000000,1.2407
1749267853,1.24360000,92.10000000,1.2407
1749267853,1.24370000,237.40000000,1.2407
1749267853,1.24380000,24.10000000,1.2407
1749267853,1.24390000,8.10000000,1.2407
1749267853,1.24400000,12.60000000,1.2407
1749267853,1.24410000,803.90000000,1.2407
