timestamp,price,volume,current_price
1749258452,1.22410000,294.80000000,1.224
1749258452,1.22420000,275.90000000,1.224
1749258452,1.22430000,31.50000000,1.224
1749258452,1.22440000,365.70000000,1.224
1749258452,1.22450000,121.00000000,1.224
1749258452,1.22460000,321.20000000,1.224
1749258452,1.22470000,21.00000000,1.224
1749258452,1.22480000,142.40000000,1.224
1749258452,1.22490000,21.00000000,1.224
1749258452,1.22500000,246.40000000,1.224
1749258452,1.22510000,306.90000000,1.224
1749258452,1.22520000,110.90000000,1.224
1749258452,1.22530000,14.40000000,1.224
1749258452,1.22540000,117.50000000,1.224
1749258452,1.22550000,264.50000000,1.224
1749258452,1.22560000,157.60000000,1.224
1749258452,1.22570000,20.20000000,1.224
1749258452,1.22580000,417.20000000,1.224
1749258452,1.22590000,1710.70000000,1.224
1749258452,1.22600000,1652.20000000,1.224
1749258452,1.22610000,1926.80000000,1.224
1749258452,1.22620000,2332.70000000,1.224
1749258452,1.22630000,8.20000000,1.224
1749258452,1.22640000,525.70000000,1.224
1749258452,1.22650000,1262.00000000,1.224
1749258452,1.22660000,386.80000000,1.224
1749258452,1.22670000,1262.00000000,1.224
1749258452,1.22680000,277.20000000,1.224
1749258452,1.22690000,1240.90000000,1.224
1749258452,1.22700000,1266.50000000,1.224
1749258452,1.22710000,1027.60000000,1.224
1749258452,1.22720000,3398.00000000,1.224
1749258452,1.22730000,750.30000000,1.224
1749258452,1.22740000,2019.70000000,1.224
1749258452,1.22750000,2515.80000000,1.224
1749258452,1.22760000,564.30000000,1.224
1749258452,1.22770000,1838.60000000,1.224
1749258452,1.22780000,138.70000000,1.224
1749258452,1.22790000,25.00000000,1.224
1749258452,1.22800000,1272.70000000,1.224
1749258452,1.22810000,8.20000000,1.224
1749258452,1.22820000,12.30000000,1.224
1749258452,1.22830000,1262.00000000,1.224
1749258452,1.22840000,848.60000000,1.224
1749258452,1.22850000,3715.70000000,1.224
1749258452,1.22860000,96.00000000,1.224
1749258452,1.22870000,1258.80000000,1.224
1749258452,1.22880000,12.70000000,1.224
1749258452,1.22890000,25.00000000,1.224
1749258452,1.22900000,3703.60000000,1.224
1749258452,1.22910000,1262.00000000,1.224
1749258452,1.22920000,850.30000000,1.224
1749258452,1.22930000,8.20000000,1.224
1749258452,1.22940000,8.20000000,1.224
1749258452,1.22950000,471.60000000,1.224
1749258452,1.22960000,41543.20000000,1.224
1749258452,1.22970000,89.70000000,1.224
1749258452,1.22980000,973.90000000,1.224
1749258452,1.22990000,1278.80000000,1.224
1749258452,1.23000000,12.70000000,1.224
1749258452,1.23010000,5961.80000000,1.224
1749258452,1.23020000,8.20000000,1.224
1749258452,1.23030000,89.90000000,1.224
1749258452,1.23040000,2104.00000000,1.224
1749258452,1.23050000,8.20000000,1.224
1749258452,1.23060000,8.20000000,1.224
1749258452,1.23070000,8.20000000,1.224
1749258452,1.23080000,102.60000000,1.224
1749258452,1.23090000,2667.10000000,1.224
1749258452,1.23100000,850.20000000,1.224
1749258452,1.23110000,8.20000000,1.224
1749258452,1.23120000,12.70000000,1.224
1749258452,1.23130000,101.10000000,1.224
1749258452,1.23140000,8.20000000,1.224
1749258452,1.23150000,1262.00000000,1.224
1749258452,1.23160000,850.20000000,1.224
1749258452,1.23190000,1270.60000000,1.224
1749258452,1.23210000,1253.80000000,1.224
1749258452,1.23220000,979.80000000,1.224
1749258452,1.23240000,4.50000000,1.224
1749258452,1.23260000,372.10000000,1.224
1749258452,1.23270000,2507.60000000,1.224
1749258452,1.23280000,842.00000000,1.224
1749258452,1.23290000,16.80000000,1.224
1749258452,1.23310000,5442.40000000,1.224
1749258452,1.23320000,77.60000000,1.224
1749258452,1.23340000,1259.90000000,1.224
1749258452,1.23350000,1253.80000000,1.224
1749258452,1.23360000,840.40000000,1.224
1749258452,1.23390000,16.80000000,1.224
1749258452,1.23400000,1392.10000000,1.224
1749258452,1.23410000,9.20000000,1.224
1749258452,1.23420000,5631.50000000,1.224
1749258452,1.23450000,2538.20000000,1.224
1749258452,1.23460000,6.10000000,1.224
1749258452,1.23480000,4.50000000,1.224
1749258452,1.23490000,144.90000000,1.224
1749258452,1.23520000,6.10000000,1.224
1749258452,1.23530000,6446.00000000,1.224
1749258452,1.23570000,1253.80000000,1.224
1749258809,1.22570000,403.90000000,1.2257
1749258809,1.22580000,106.40000000,1.2257
1749258809,1.22590000,142.40000000,1.2257
1749258809,1.22600000,291.90000000,1.2257
1749258809,1.22610000,21.80000000,1.2257
1749258809,1.22620000,222.30000000,1.2257
1749258809,1.22630000,21.00000000,1.2257
1749258809,1.22640000,313.40000000,1.2257
1749258809,1.22650000,149.80000000,1.2257
1749258809,1.22660000,270.40000000,1.2257
1749258809,1.22670000,78.40000000,1.2257
1749258809,1.22680000,245.10000000,1.2257
1749258809,1.22690000,131.20000000,1.2257
1749258809,1.22700000,840.00000000,1.2257
1749258809,1.22710000,2478.60000000,1.2257
1749258809,1.22720000,274.90000000,1.2257
1749258809,1.22730000,442.60000000,1.2257
1749258809,1.22740000,1370.90000000,1.2257
1749258809,1.22750000,422.90000000,1.2257
1749258809,1.22760000,1994.30000000,1.2257
1749258809,1.22770000,3046.70000000,1.2257
1749258809,1.22780000,244.40000000,1.2257
1749258809,1.22790000,25.00000000,1.2257
1749258809,1.22800000,550.90000000,1.2257
1749258809,1.22810000,2485.60000000,1.2257
1749258809,1.22820000,2520.30000000,1.2257
1749258809,1.22830000,346.20000000,1.2257
1749258809,1.22840000,848.70000000,1.2257
1749258809,1.22850000,8.30000000,1.2257
1749258809,1.22860000,379.00000000,1.2257
1749258809,1.22870000,8.30000000,1.2257
1749258809,1.22880000,395.50000000,1.2257
1749258809,1.22890000,1654.30000000,1.2257
1749258809,1.22900000,1749.20000000,1.2257
1749258809,1.22910000,1518.60000000,1.2257
1749258809,1.22920000,1149.10000000,1.2257
1749258809,1.22930000,995.60000000,1.2257
1749258809,1.22940000,8.20000000,1.2257
1749258809,1.22950000,8.20000000,1.2257
1749258809,1.22960000,12.70000000,1.2257
1749258809,1.22970000,89.70000000,1.2257
1749258809,1.22980000,973.90000000,1.2257
1749258809,1.22990000,1278.80000000,1.2257
1749258809,1.23000000,94.20000000,1.2257
1749258809,1.23010000,4816.00000000,1.2257
1749258809,1.23020000,3768.90000000,1.2257
1749258809,1.23030000,1258.80000000,1.2257
1749258809,1.23040000,2108.50000000,1.2257
1749258809,1.23050000,2485.50000000,1.2257
1749258809,1.23060000,8.20000000,1.2257
1749258809,1.23070000,8.20000000,1.2257
1749258809,1.23080000,12.70000000,1.2257
1749258809,1.23090000,2667.10000000,1.2257
1749258809,1.23100000,3226.30000000,1.2257
1749258809,1.23110000,8.20000000,1.2257
1749258809,1.23120000,40392.80000000,1.2257
1749258809,1.23130000,8.20000000,1.2257
1749258809,1.23140000,89.60000000,1.2257
1749258809,1.23150000,1262.00000000,1.2257
1749258809,1.23160000,850.20000000,1.2257
1749258809,1.23170000,8.20000000,1.2257
1749258809,1.23180000,89.70000000,1.2257
1749258809,1.23190000,1278.80000000,1.2257
1749258809,1.23200000,8.20000000,1.2257
1749258809,1.23210000,1262.00000000,1.2257
1749258809,1.23220000,850.20000000,1.2257
1749258809,1.23230000,380.30000000,1.2257
1749258809,1.23240000,12.70000000,1.2257
1749258809,1.23250000,8.20000000,1.2257
1749258809,1.23260000,149.00000000,1.2257
1749258809,1.23270000,7211.70000000,1.2257
1749258809,1.23280000,850.20000000,1.2257
1749258809,1.23290000,25.00000000,1.2257
1749258809,1.23300000,8.20000000,1.2257
1749258809,1.23310000,8.20000000,1.2257
1749258809,1.23320000,8.20000000,1.2257
1749258809,1.23340000,2095.80000000,1.2257
1749258809,1.23350000,1401.50000000,1.2257
1749258809,1.23360000,4.50000000,1.2257
1749258809,1.23390000,16.80000000,1.2257
1749258809,1.23400000,1259.90000000,1.2257
1749258809,1.23410000,9.20000000,1.2257
1749258809,1.23440000,94.40000000,1.2257
1749258809,1.23450000,2538.20000000,1.2257
1749258809,1.23460000,6.10000000,1.2257
1749258809,1.23470000,92.90000000,1.2257
1749258809,1.23480000,4.50000000,1.2257
1749258809,1.23490000,16.80000000,1.2257
1749258809,1.23520000,6.10000000,1.2257
1749258809,1.23530000,7192.10000000,1.2257
1749258809,1.23570000,1253.80000000,1.2257
1749258809,1.23580000,6.20000000,1.2257
1749258809,1.23590000,1270.60000000,1.2257
1749258809,1.23600000,4.50000000,1.2257
1749258809,1.23640000,1407.30000000,1.2257
1749258809,1.23660000,7085.70000000,1.2257
1749258809,1.23690000,1270.60000000,1.2257
1749258809,1.23700000,6.20000000,1.2257
1749258809,1.23720000,85.50000000,1.2257
1749258809,1.23740000,1253.80000000,1.2257
1749259116,1.21780000,294.70000000,1.2185
1749259116,1.21790000,123.50000000,1.2185
1749259116,1.21800000,364.30000000,1.2185
1749259116,1.21810000,214.10000000,1.2185
1749259116,1.21820000,147.10000000,1.2185
1749259116,1.21830000,14.50000000,1.2185
1749259116,1.21840000,1045.10000000,1.2185
1749259116,1.21850000,14.50000000,1.2185
1749259116,1.21860000,281.80000000,1.2185
1749259116,1.21870000,303.40000000,1.2185
1749259116,1.21880000,628.90000000,1.2185
1749259116,1.21890000,903.20000000,1.2185
1749259116,1.21900000,906.40000000,1.2185
1749259116,1.21910000,2659.90000000,1.2185
1749259116,1.21920000,2833.50000000,1.2185
1749259116,1.21930000,1295.80000000,1.2185
1749259116,1.21940000,2176.60000000,1.2185
1749259116,1.21950000,2338.40000000,1.2185
1749259116,1.21960000,2688.70000000,1.2185
1749259116,1.21970000,2352.10000000,1.2185
1749259116,1.21980000,2866.40000000,1.2185
1749259116,1.21990000,2301.50000000,1.2185
1749259116,1.22000000,4601.10000000,1.2185
1749259116,1.22010000,1146.00000000,1.2185
1749259116,1.22020000,1507.50000000,1.2185
1749259116,1.22030000,1070.00000000,1.2185
1749259116,1.22040000,3539.10000000,1.2185
1749259116,1.22050000,130.50000000,1.2185
1749259116,1.22060000,679.90000000,1.2185
1749259116,1.22070000,2715.50000000,1.2185
1749259116,1.22080000,1651.00000000,1.2185
1749259116,1.22090000,25.10000000,1.2185
1749259116,1.22100000,8.20000000,1.2185
1749259116,1.22110000,8.20000000,1.2185
1749259116,1.22120000,12.80000000,1.2185
1749259116,1.22130000,2253.00000000,1.2185
1749259116,1.22140000,30.40000000,1.2185
1749259116,1.22150000,1258.80000000,1.2185
1749259116,1.22160000,1266.60000000,1.2185
1749259116,1.22170000,196.60000000,1.2185
1749259116,1.22180000,1511.70000000,1.2185
1749259116,1.22190000,860.90000000,1.2185
1749259116,1.22200000,101.00000000,1.2185
1749259116,1.22210000,8.20000000,1.2185
1749259116,1.22220000,159.80000000,1.2185
1749259116,1.22230000,8.20000000,1.2185
1749259116,1.22240000,90.20000000,1.2185
1749259116,1.22250000,4798.40000000,1.2185
1749259116,1.22260000,850.30000000,1.2185
1749259116,1.22270000,8.20000000,1.2185
1749259116,1.22280000,6181.50000000,1.2185
1749259116,1.22290000,25.00000000,1.2185
1749259116,1.22300000,3671.00000000,1.2185
1749259116,1.22310000,90.30000000,1.2185
1749259116,1.22320000,850.30000000,1.2185
1749259116,1.22330000,40714.30000000,1.2185
1749259116,1.22340000,90.30000000,1.2185
1749259116,1.22350000,3498.70000000,1.2185
1749259116,1.22360000,8.20000000,1.2185
1749259116,1.22370000,8.20000000,1.2185
1749259116,1.22380000,850.30000000,1.2185
1749259116,1.22390000,25.10000000,1.2185
1749259116,1.22400000,1266.60000000,1.2185
1749259116,1.22410000,1404.30000000,1.2185
1749259116,1.22420000,8.30000000,1.2185
1749259116,1.22430000,8.30000000,1.2185
1749259116,1.22440000,850.40000000,1.2185
1749259116,1.22450000,1262.10000000,1.2185
1749259116,1.22460000,8.30000000,1.2185
1749259116,1.22470000,140.40000000,1.2185
1749259116,1.22480000,8.30000000,1.2185
1749259116,1.22490000,1278.90000000,1.2185
1749259116,1.22500000,1268.30000000,1.2185
1749259116,1.22510000,1226.00000000,1.2185
1749259116,1.22520000,200.10000000,1.2185
1749259116,1.22530000,8.30000000,1.2185
1749259116,1.22560000,146.40000000,1.2185
1749259116,1.22570000,3343.50000000,1.2185
1749259116,1.22590000,16.80000000,1.2185
1749259116,1.22620000,6.20000000,1.2185
1749259116,1.22640000,2094.20000000,1.2185
1749259116,1.22650000,1253.80000000,1.2185
1749259116,1.22680000,146.70000000,1.2185
1749259116,1.22690000,388.90000000,1.2185
1749259116,1.22700000,2089.70000000,1.2185
1749259116,1.22740000,1260.00000000,1.2185
1749259116,1.22750000,1253.80000000,1.2185
1749259116,1.22760000,4.50000000,1.2185
1749259116,1.22780000,139.70000000,1.2185
1749259116,1.22790000,16.80000000,1.2185
1749259116,1.22800000,6977.50000000,1.2185
1749259116,1.22820000,7224.80000000,1.2185
1749259116,1.22830000,81.40000000,1.2185
1749259116,1.22850000,1253.80000000,1.2185
1749259116,1.22860000,6.20000000,1.2185
1749259116,1.22870000,295.30000000,1.2185
1749259116,1.22880000,4.50000000,1.2185
1749259116,1.22890000,16.80000000,1.2185
1749259116,1.22900000,1253.80000000,1.2185
1749259116,1.22910000,6843.60000000,1.2185
