timestamp,price,volume,current_price
1749258432,0.30070000,3298.10000000,0.3006
1749258432,0.30080000,16900.50000000,0.3006
1749258432,0.30090000,48150.60000000,0.3006
1749258432,0.30100000,56042.80000000,0.3006
1749258432,0.30110000,32232.60000000,0.3006
1749258432,0.30120000,51261.30000000,0.3006
1749258432,0.30130000,44948.10000000,0.3006
1749258432,0.30140000,19685.30000000,0.3006
1749258432,0.30150000,10803.70000000,0.3006
1749258432,0.30160000,5012.80000000,0.3006
1749258432,0.30170000,4230.50000000,0.3006
1749258432,0.30180000,7610.00000000,0.3006
1749258432,0.30190000,113695.00000000,0.3006
1749258432,0.30200000,1155.80000000,0.3006
1749258432,0.30210000,25159.50000000,0.3006
1749258432,0.30220000,1030.60000000,0.3006
1749258432,0.30230000,4222.40000000,0.3006
1749258432,0.30240000,1030.60000000,0.3006
1749258432,0.30250000,10759.60000000,0.3006
1749258432,0.30260000,1703.80000000,0.3006
1749258432,0.30270000,4205.40000000,0.3006
1749258432,0.30280000,11006.30000000,0.3006
1749258432,0.30290000,4280.10000000,0.3006
1749258432,0.30300000,1028.30000000,0.3006
1749258432,0.30310000,6638.60000000,0.3006
1749258432,0.30320000,33878.30000000,0.3006
1749258432,0.30330000,12191.30000000,0.3006
1749258432,0.30340000,93.30000000,0.3006
1749258432,0.30350000,20172.80000000,0.3006
1749258432,0.30360000,129.80000000,0.3006
1749258432,0.30370000,4180.40000000,0.3006
1749258432,0.30380000,7457.50000000,0.3006
1749258432,0.30390000,4255.10000000,0.3006
1749258432,0.30400000,212.30000000,0.3006
1749258432,0.30410000,9925.10000000,0.3006
1749258432,0.30420000,93.80000000,0.3006
1749258432,0.30430000,3370.80000000,0.3006
1749258432,0.30440000,112.70000000,0.3006
1749258432,0.30450000,3820.50000000,0.3006
1749258432,0.30460000,6647.90000000,0.3006
1749258432,0.30470000,110.70000000,0.3006
1749258432,0.30480000,168.40000000,0.3006
1749258432,0.30490000,93.70000000,0.3006
1749258432,0.30500000,3734.20000000,0.3006
1749258432,0.30510000,6647.90000000,0.3006
1749258432,0.30520000,32833.70000000,0.3006
1749258432,0.30530000,93.60000000,0.3006
1749258432,0.30540000,1012.40000000,0.3006
1749258432,0.30550000,155.20000000,0.3006
1749258432,0.30560000,93.60000000,0.3006
1749258432,0.30570000,4427.00000000,0.3006
1749258432,0.30580000,168.30000000,0.3006
1749258432,0.30590000,93.60000000,0.3006
1749258432,0.30600000,193.60000000,0.3006
1749258432,0.30610000,30093.60000000,0.3006
1749258432,0.30620000,113.90000000,0.3006
1749258432,0.30630000,93.50000000,0.3006
1749258432,0.30640000,93.50000000,0.3006
1749258432,0.30650000,93.50000000,0.3006
1749258432,0.30660000,93.50000000,0.3006
1749258432,0.30670000,30115.50000000,0.3006
1749258432,0.30680000,168.20000000,0.3006
1749258432,0.30690000,119.70000000,0.3006
1749258432,0.30700000,220.40000000,0.3006
1749258432,0.30710000,510.40000000,0.3006
1749258432,0.30720000,254.10000000,0.3006
1749258432,0.30730000,30330.10000000,0.3006
1749258432,0.30740000,93.40000000,0.3006
1749258432,0.30750000,119.50000000,0.3006
1749258432,0.30760000,93.40000000,0.3006
1749258432,0.30770000,93.40000000,0.3006
1749258432,0.30780000,185.60000000,0.3006
1749258432,0.30790000,30170.80000000,0.3006
1749258432,0.30800000,342.10000000,0.3006
1749258432,0.30810000,93.30000000,0.3006
1749258432,0.30820000,93.30000000,0.3006
1749258432,0.30830000,60.00000000,0.3006
1749258432,0.30840000,60.00000000,0.3006
1749258432,0.30850000,60.00000000,0.3006
1749258432,0.30860000,7557.50000000,0.3006
1749258432,0.30870000,150.70000000,0.3006
1749258432,0.30880000,200.80000000,0.3006
1749258432,0.30890000,60.00000000,0.3006
1749258432,0.30900000,532.70000000,0.3006
1749258432,0.30910000,60.00000000,0.3006
1749258432,0.30920000,2134.40000000,0.3006
1749258432,0.30930000,868.50000000,0.3006
1749258432,0.30940000,60.00000000,0.3006
1749258432,0.30950000,99.00000000,0.3006
1749258432,0.30960000,60.00000000,0.3006
1749258432,0.30970000,60.00000000,0.3006
1749258432,0.30980000,512.20000000,0.3006
1749258432,0.30990000,93.30000000,0.3006
1749258432,0.31000000,3155.30000000,0.3006
1749258432,0.31040000,1006.00000000,0.3006
1749258432,0.31050000,28.40000000,0.3006
1749258432,0.31080000,74.70000000,0.3006
1749258432,0.31090000,880.90000000,0.3006
1749258432,0.31100000,7410.90000000,0.3006
1749258432,0.31110000,358.60000000,0.3006
1749258772,0.30120000,5773.40000000,0.3011
1749258772,0.30130000,37130.90000000,0.3011
1749258772,0.30140000,79846.20000000,0.3011
1749258772,0.30150000,45020.30000000,0.3011
1749258772,0.30160000,72559.20000000,0.3011
1749258772,0.30170000,61482.70000000,0.3011
1749258772,0.30180000,10132.80000000,0.3011
1749258772,0.30190000,5881.80000000,0.3011
1749258772,0.30200000,4133.10000000,0.3011
1749258772,0.30210000,12438.50000000,0.3011
1749258772,0.30220000,104692.30000000,0.3011
1749258772,0.30230000,16976.40000000,0.3011
1749258772,0.30240000,1710.50000000,0.3011
1749258772,0.30250000,10842.80000000,0.3011
1749258772,0.30260000,947.30000000,0.3011
1749258772,0.30270000,4205.40000000,0.3011
1749258772,0.30280000,9173.70000000,0.3011
1749258772,0.30290000,4280.10000000,0.3011
1749258772,0.30300000,2878.20000000,0.3011
1749258772,0.30310000,5495.30000000,0.3011
1749258772,0.30320000,3072.80000000,0.3011
1749258772,0.30330000,12030.70000000,0.3011
1749258772,0.30340000,93.30000000,0.3011
1749258772,0.30350000,3474.00000000,0.3011
1749258772,0.30360000,33042.40000000,0.3011
1749258772,0.30370000,3370.40000000,0.3011
1749258772,0.30380000,6647.50000000,0.3011
1749258772,0.30390000,19386.10000000,0.3011
1749258772,0.30400000,295.50000000,0.3011
1749258772,0.30410000,9925.10000000,0.3011
1749258772,0.30420000,93.80000000,0.3011
1749258772,0.30430000,3370.80000000,0.3011
1749258772,0.30440000,112.70000000,0.3011
1749258772,0.30450000,3903.70000000,0.3011
1749258772,0.30460000,6808.50000000,0.3011
1749258772,0.30470000,110.70000000,0.3011
1749258772,0.30480000,187.40000000,0.3011
1749258772,0.30490000,93.70000000,0.3011
1749258772,0.30500000,3817.40000000,0.3011
1749258772,0.30510000,6647.90000000,0.3011
1749258772,0.30520000,32833.70000000,0.3011
1749258772,0.30530000,93.60000000,0.3011
1749258772,0.30540000,1012.40000000,0.3011
1749258772,0.30550000,238.40000000,0.3011
1749258772,0.30560000,93.60000000,0.3011
1749258772,0.30570000,93.60000000,0.3011
1749258772,0.30580000,168.30000000,0.3011
1749258772,0.30590000,93.60000000,0.3011
1749258772,0.30600000,276.80000000,0.3011
1749258772,0.30610000,30093.60000000,0.3011
1749258772,0.30620000,113.90000000,0.3011
1749258772,0.30630000,93.50000000,0.3011
1749258772,0.30640000,4426.90000000,0.3011
1749258772,0.30650000,176.50000000,0.3011
1749258772,0.30660000,93.50000000,0.3011
1749258772,0.30670000,30115.50000000,0.3011
1749258772,0.30680000,168.20000000,0.3011
1749258772,0.30690000,119.70000000,0.3011
1749258772,0.30700000,220.40000000,0.3011
1749258772,0.30710000,510.40000000,0.3011
1749258772,0.30720000,254.10000000,0.3011
1749258772,0.30730000,30330.10000000,0.3011
1749258772,0.30740000,93.40000000,0.3011
1749258772,0.30750000,119.50000000,0.3011
1749258772,0.30760000,93.40000000,0.3011
1749258772,0.30770000,93.40000000,0.3011
1749258772,0.30780000,185.60000000,0.3011
1749258772,0.30790000,30170.80000000,0.3011
1749258772,0.30800000,342.10000000,0.3011
1749258772,0.30810000,93.30000000,0.3011
1749258772,0.30820000,93.30000000,0.3011
1749258772,0.30830000,93.30000000,0.3011
1749258772,0.30840000,93.30000000,0.3011
1749258772,0.30850000,93.30000000,0.3011
1749258772,0.30860000,7590.80000000,0.3011
1749258772,0.30870000,184.00000000,0.3011
1749258772,0.30880000,200.80000000,0.3011
1749258772,0.30890000,60.00000000,0.3011
1749258772,0.30900000,532.70000000,0.3011
1749258772,0.30910000,60.00000000,0.3011
1749258772,0.30920000,2134.40000000,0.3011
1749258772,0.30930000,868.50000000,0.3011
1749258772,0.30940000,60.00000000,0.3011
1749258772,0.30950000,99.00000000,0.3011
1749258772,0.30960000,60.00000000,0.3011
1749258772,0.30970000,60.00000000,0.3011
1749258772,0.30980000,512.20000000,0.3011
1749258772,0.30990000,93.30000000,0.3011
1749258772,0.31000000,3155.30000000,0.3011
1749258772,0.31040000,1006.00000000,0.3011
1749258772,0.31050000,28.40000000,0.3011
1749258772,0.31080000,74.70000000,0.3011
1749258772,0.31090000,880.90000000,0.3011
1749258772,0.31100000,7410.90000000,0.3011
1749258772,0.31110000,358.60000000,0.3011
1749258772,0.31120000,25.70000000,0.3011
1749258772,0.31130000,112.50000000,0.3011
1749258772,0.31150000,20.40000000,0.3011
1749258772,0.31180000,125.50000000,0.3011
1749258772,0.31190000,39.50000000,0.3011
1749259075,0.30020000,4055.50000000,0.3002
1749259075,0.30030000,12553.30000000,0.3002
1749259075,0.30040000,21327.50000000,0.3002
1749259075,0.30050000,59384.70000000,0.3002
1749259075,0.30060000,90755.40000000,0.3002
1749259075,0.30070000,57394.30000000,0.3002
1749259075,0.30080000,55170.40000000,0.3002
1749259075,0.30090000,40327.00000000,0.3002
1749259075,0.30100000,11984.60000000,0.3002
1749259075,0.30110000,10458.50000000,0.3002
1749259075,0.30120000,13311.70000000,0.3002
1749259075,0.30130000,4189.30000000,0.3002
1749259075,0.30140000,1749.60000000,0.3002
1749259075,0.30150000,25226.10000000,0.3002
1749259075,0.30160000,912.00000000,0.3002
1749259075,0.30170000,5926.50000000,0.3002
1749259075,0.30180000,9161.40000000,0.3002
1749259075,0.30190000,4305.20000000,0.3002
1749259075,0.30200000,1155.30000000,0.3002
1749259075,0.30210000,10784.70000000,0.3002
1749259075,0.30220000,4758.90000000,0.3002
1749259075,0.30230000,4891.70000000,0.3002
1749259075,0.30240000,137.30000000,0.3002
1749259075,0.30250000,10032.80000000,0.3002
1749259075,0.30260000,118.30000000,0.3002
1749259075,0.30270000,111240.20000000,0.3002
1749259075,0.30280000,8363.70000000,0.3002
1749259075,0.30290000,36858.70000000,0.3002
1749259075,0.30300000,301.50000000,0.3002
1749259075,0.30310000,19700.10000000,0.3002
1749259075,0.30320000,137.30000000,0.3002
1749259075,0.30330000,11245.60000000,0.3002
1749259075,0.30340000,118.20000000,0.3002
1749259075,0.30350000,3498.90000000,0.3002
1749259075,0.30360000,154.70000000,0.3002
1749259075,0.30370000,3395.30000000,0.3002
1749259075,0.30380000,6647.50000000,0.3002
1749259075,0.30390000,3445.10000000,0.3002
1749259075,0.30400000,295.50000000,0.3002
1749259075,0.30410000,9925.10000000,0.3002
1749259075,0.30420000,93.80000000,0.3002
1749259075,0.30430000,3370.80000000,0.3002
1749259075,0.30440000,112.70000000,0.3002
1749259075,0.30450000,3903.70000000,0.3002
1749259075,0.30460000,6808.50000000,0.3002
1749259075,0.30470000,110.70000000,0.3002
1749259075,0.30480000,187.40000000,0.3002
1749259075,0.30490000,93.70000000,0.3002
1749259075,0.30500000,3817.40000000,0.3002
1749259075,0.30510000,6647.90000000,0.3002
1749259075,0.30520000,32833.70000000,0.3002
1749259075,0.30530000,93.60000000,0.3002
1749259075,0.30540000,1012.40000000,0.3002
1749259075,0.30550000,238.40000000,0.3002
1749259075,0.30560000,6647.80000000,0.3002
1749259075,0.30570000,93.60000000,0.3002
1749259075,0.30580000,4501.70000000,0.3002
1749259075,0.30590000,93.60000000,0.3002
1749259075,0.30600000,6747.80000000,0.3002
1749259075,0.30610000,30093.60000000,0.3002
1749259075,0.30620000,113.90000000,0.3002
1749259075,0.30630000,93.50000000,0.3002
1749259075,0.30640000,93.50000000,0.3002
1749259075,0.30650000,93.50000000,0.3002
1749259075,0.30660000,93.50000000,0.3002
1749259075,0.30670000,30115.50000000,0.3002
1749259075,0.30680000,168.20000000,0.3002
1749259075,0.30690000,119.70000000,0.3002
1749259075,0.30700000,220.40000000,0.3002
1749259075,0.30710000,510.40000000,0.3002
1749259075,0.30720000,254.10000000,0.3002
1749259075,0.30730000,30330.10000000,0.3002
1749259075,0.30740000,93.40000000,0.3002
1749259075,0.30750000,119.50000000,0.3002
1749259075,0.30760000,93.40000000,0.3002
1749259075,0.30770000,93.40000000,0.3002
1749259075,0.30780000,152.20000000,0.3002
1749259075,0.30790000,30137.40000000,0.3002
1749259075,0.30800000,308.80000000,0.3002
1749259075,0.30810000,60.00000000,0.3002
1749259075,0.30820000,60.00000000,0.3002
1749259075,0.30830000,60.00000000,0.3002
1749259075,0.30840000,60.00000000,0.3002
1749259075,0.30850000,60.00000000,0.3002
1749259075,0.30860000,7557.50000000,0.3002
1749259075,0.30870000,150.70000000,0.3002
1749259075,0.30880000,200.80000000,0.3002
1749259075,0.30890000,60.00000000,0.3002
1749259075,0.30900000,532.70000000,0.3002
1749259075,0.30910000,60.00000000,0.3002
1749259075,0.30920000,2134.40000000,0.3002
1749259075,0.30930000,868.50000000,0.3002
1749259075,0.30940000,60.00000000,0.3002
1749259075,0.30950000,99.00000000,0.3002
1749259075,0.30960000,60.00000000,0.3002
1749259075,0.30970000,60.00000000,0.3002
1749259075,0.30980000,512.20000000,0.3002
1749259075,0.30990000,93.30000000,0.3002
1749259075,0.31000000,3155.30000000,0.3002
1749259075,0.31040000,1006.00000000,0.3002
