timestamp,price,volume,current_price
1749260819,0.29980000,1006.60000000,0.2997
1749260819,0.29990000,16198.50000000,0.2997
1749260819,0.30000000,38779.80000000,0.2997
1749260819,0.30010000,49710.00000000,0.2997
1749260819,0.30020000,50835.70000000,0.2997
1749260819,0.30030000,47726.70000000,0.2997
1749260819,0.30040000,43867.90000000,0.2997
1749260819,0.30050000,62681.50000000,0.2997
1749260819,0.30060000,14933.30000000,0.2997
1749260819,0.30070000,3660.70000000,0.2997
1749260819,0.30080000,1104.90000000,0.2997
1749260819,0.30090000,118505.30000000,0.2997
1749260819,0.30100000,14603.80000000,0.2997
1749260819,0.30110000,3646.20000000,0.2997
1749260819,0.30120000,7441.50000000,0.2997
1749260819,0.30130000,5904.90000000,0.2997
1749260819,0.30140000,887.10000000,0.2997
1749260819,0.30150000,10699.40000000,0.2997
1749260819,0.30160000,3018.70000000,0.2997
1749260819,0.30170000,4976.80000000,0.2997
1749260819,0.30180000,7901.60000000,0.2997
1749260819,0.30190000,4280.20000000,0.2997
1749260819,0.30200000,237.40000000,0.2997
1749260819,0.30210000,9949.70000000,0.2997
1749260819,0.30220000,33183.30000000,0.2997
1749260819,0.30230000,3412.40000000,0.2997
1749260819,0.30240000,137.30000000,0.2997
1749260819,0.30250000,9949.60000000,0.2997
1749260819,0.30260000,16130.30000000,0.2997
1749260819,0.30270000,3395.40000000,0.2997
1749260819,0.30280000,7987.60000000,0.2997
1749260819,0.30290000,3470.10000000,0.2997
1749260819,0.30300000,218.30000000,0.2997
1749260819,0.30310000,3704.10000000,0.2997
1749260819,0.30320000,112.30000000,0.2997
1749260819,0.30330000,9924.60000000,0.2997
1749260819,0.30340000,93.30000000,0.2997
1749260819,0.30350000,3551.40000000,0.2997
1749260819,0.30360000,129.80000000,0.2997
1749260819,0.30370000,3370.40000000,0.2997
1749260819,0.30380000,6647.50000000,0.2997
1749260819,0.30390000,3445.10000000,0.2997
1749260819,0.30400000,193.30000000,0.2997
1749260819,0.30410000,9925.10000000,0.2997
1749260819,0.30420000,93.80000000,0.2997
1749260819,0.30430000,3370.80000000,0.2997
1749260819,0.30440000,93.70000000,0.2997
1749260819,0.30450000,3820.50000000,0.2997
1749260819,0.30460000,6647.90000000,0.2997
1749260819,0.30470000,32904.50000000,0.2997
1749260819,0.30480000,168.40000000,0.2997
1749260819,0.30490000,93.70000000,0.2997
1749260819,0.30500000,3734.20000000,0.2997
1749260819,0.30510000,6647.90000000,0.2997
1749260819,0.30520000,93.70000000,0.2997
1749260819,0.30530000,4427.00000000,0.2997
1749260819,0.30540000,1012.40000000,0.2997
1749260819,0.30550000,155.20000000,0.2997
1749260819,0.30560000,6647.80000000,0.2997
1749260819,0.30570000,93.60000000,0.2997
1749260819,0.30580000,168.30000000,0.2997
1749260819,0.30590000,93.60000000,0.2997
1749260819,0.30600000,6747.80000000,0.2997
1749260819,0.30610000,30093.60000000,0.2997
1749260819,0.30620000,113.90000000,0.2997
1749260819,0.30630000,93.50000000,0.2997
1749260819,0.30640000,93.50000000,0.2997
1749260819,0.30650000,93.50000000,0.2997
1749260819,0.30660000,93.50000000,0.2997
1749260819,0.30670000,30115.50000000,0.2997
1749260819,0.30680000,168.20000000,0.2997
1749260819,0.30690000,119.70000000,0.2997
1749260819,0.30700000,220.40000000,0.2997
1749260819,0.30710000,510.40000000,0.2997
1749260819,0.30720000,254.10000000,0.2997
1749260819,0.30730000,30330.10000000,0.2997
1749260819,0.30740000,60.00000000,0.2997
1749260819,0.30750000,86.10000000,0.2997
1749260819,0.30760000,60.00000000,0.2997
1749260819,0.30770000,60.00000000,0.2997
1749260819,0.30780000,152.20000000,0.2997
1749260819,0.30790000,30137.40000000,0.2997
1749260819,0.30800000,308.80000000,0.2997
1749260819,0.30810000,60.00000000,0.2997
1749260819,0.30820000,60.00000000,0.2997
1749260819,0.30830000,60.00000000,0.2997
1749260819,0.30840000,60.00000000,0.2997
1749260819,0.30850000,60.00000000,0.2997
1749260819,0.30860000,7557.50000000,0.2997
1749260819,0.30870000,150.70000000,0.2997
1749260819,0.30880000,200.80000000,0.2997
1749260819,0.30890000,60.00000000,0.2997
1749260819,0.30900000,532.70000000,0.2997
1749260819,0.30910000,60.00000000,0.2997
1749260819,0.30920000,2134.40000000,0.2997
1749260819,0.30930000,868.50000000,0.2997
1749260819,0.30940000,60.00000000,0.2997
1749260819,0.30950000,99.00000000,0.2997
1749260819,0.30960000,60.00000000,0.2997
1749260819,0.30970000,60.00000000,0.2997
1749261140,0.30000000,5008.30000000,0.2999
1749261140,0.30010000,18047.50000000,0.2999
1749261140,0.30020000,23431.20000000,0.2999
1749261140,0.30030000,66297.70000000,0.2999
1749261140,0.30040000,17539.90000000,0.2999
1749261140,0.30050000,44500.90000000,0.2999
1749261140,0.30060000,50820.30000000,0.2999
1749261140,0.30070000,23989.50000000,0.2999
1749261140,0.30080000,4440.60000000,0.2999
1749261140,0.30090000,118524.30000000,0.2999
1749261140,0.30100000,1276.30000000,0.2999
1749261140,0.30110000,3853.20000000,0.2999
1749261140,0.30120000,8240.60000000,0.2999
1749261140,0.30130000,16964.30000000,0.2999
1749261140,0.30140000,912.10000000,0.2999
1749261140,0.30150000,12457.20000000,0.2999
1749261140,0.30160000,887.10000000,0.2999
1749261140,0.30170000,4145.20000000,0.2999
1749261140,0.30180000,7501.60000000,0.2999
1749261140,0.30190000,5015.60000000,0.2999
1749261140,0.30200000,3177.00000000,0.2999
1749261140,0.30210000,10759.70000000,0.2999
1749261140,0.30220000,137.30000000,0.2999
1749261140,0.30230000,3412.40000000,0.2999
1749261140,0.30240000,137.30000000,0.2999
1749261140,0.30250000,9949.60000000,0.2999
1749261140,0.30260000,118.30000000,0.2999
1749261140,0.30270000,3795.40000000,0.2999
1749261140,0.30280000,40987.10000000,0.2999
1749261140,0.30290000,19463.10000000,0.2999
1749261140,0.30300000,218.30000000,0.2999
1749261140,0.30310000,3704.10000000,0.2999
1749261140,0.30320000,112.30000000,0.2999
1749261140,0.30330000,9924.60000000,0.2999
1749261140,0.30340000,93.30000000,0.2999
1749261140,0.30350000,3551.40000000,0.2999
1749261140,0.30360000,129.80000000,0.2999
1749261140,0.30370000,3370.40000000,0.2999
1749261140,0.30380000,6647.50000000,0.2999
1749261140,0.30390000,3445.10000000,0.2999
1749261140,0.30400000,212.30000000,0.2999
1749261140,0.30410000,9925.10000000,0.2999
1749261140,0.30420000,93.80000000,0.2999
1749261140,0.30430000,3370.80000000,0.2999
1749261140,0.30440000,93.70000000,0.2999
1749261140,0.30450000,3820.50000000,0.2999
1749261140,0.30460000,6647.90000000,0.2999
1749261140,0.30470000,32904.50000000,0.2999
1749261140,0.30480000,168.40000000,0.2999
1749261140,0.30490000,93.70000000,0.2999
1749261140,0.30500000,3734.20000000,0.2999
1749261140,0.30510000,6647.90000000,0.2999
1749261140,0.30520000,93.70000000,0.2999
1749261140,0.30530000,93.60000000,0.2999
1749261140,0.30540000,1012.40000000,0.2999
1749261140,0.30550000,4488.60000000,0.2999
1749261140,0.30560000,6647.80000000,0.2999
1749261140,0.30570000,93.60000000,0.2999
1749261140,0.30580000,168.30000000,0.2999
1749261140,0.30590000,93.60000000,0.2999
1749261140,0.30600000,6747.80000000,0.2999
1749261140,0.30610000,30093.60000000,0.2999
1749261140,0.30620000,113.90000000,0.2999
1749261140,0.30630000,93.50000000,0.2999
1749261140,0.30640000,93.50000000,0.2999
1749261140,0.30650000,93.50000000,0.2999
1749261140,0.30660000,93.50000000,0.2999
1749261140,0.30670000,30115.50000000,0.2999
1749261140,0.30680000,168.20000000,0.2999
1749261140,0.30690000,119.70000000,0.2999
1749261140,0.30700000,220.40000000,0.2999
1749261140,0.30710000,510.40000000,0.2999
1749261140,0.30720000,254.10000000,0.2999
1749261140,0.30730000,30330.10000000,0.2999
1749261140,0.30740000,93.40000000,0.2999
1749261140,0.30750000,119.50000000,0.2999
1749261140,0.30760000,60.00000000,0.2999
1749261140,0.30770000,60.00000000,0.2999
1749261140,0.30780000,152.20000000,0.2999
1749261140,0.30790000,30137.40000000,0.2999
1749261140,0.30800000,308.80000000,0.2999
1749261140,0.30810000,60.00000000,0.2999
1749261140,0.30820000,60.00000000,0.2999
1749261140,0.30830000,60.00000000,0.2999
1749261140,0.30840000,60.00000000,0.2999
1749261140,0.30850000,60.00000000,0.2999
1749261140,0.30860000,7557.50000000,0.2999
1749261140,0.30870000,150.70000000,0.2999
1749261140,0.30880000,200.80000000,0.2999
1749261140,0.30890000,60.00000000,0.2999
1749261140,0.30900000,532.70000000,0.2999
1749261140,0.30910000,60.00000000,0.2999
1749261140,0.30920000,2134.40000000,0.2999
1749261140,0.30930000,868.50000000,0.2999
1749261140,0.30940000,60.00000000,0.2999
1749261140,0.30950000,99.00000000,0.2999
1749261140,0.30960000,60.00000000,0.2999
1749261140,0.30970000,60.00000000,0.2999
1749261140,0.30980000,512.20000000,0.2999
1749261140,0.30990000,93.30000000,0.2999
1749261451,0.30030000,9431.40000000,0.3002
1749261451,0.30040000,39372.60000000,0.3002
1749261451,0.30050000,66779.40000000,0.3002
1749261451,0.30060000,83728.40000000,0.3002
1749261451,0.30070000,46228.40000000,0.3002
1749261451,0.30080000,55680.20000000,0.3002
1749261451,0.30090000,26908.30000000,0.3002
1749261451,0.30100000,2900.40000000,0.3002
1749261451,0.30110000,3853.20000000,0.3002
1749261451,0.30120000,7648.10000000,0.3002
1749261451,0.30130000,4170.30000000,0.3002
1749261451,0.30140000,912.10000000,0.3002
1749261451,0.30150000,24329.20000000,0.3002
1749261451,0.30160000,124078.20000000,0.3002
1749261451,0.30170000,4145.20000000,0.3002
1749261451,0.30180000,9257.10000000,0.3002
1749261451,0.30190000,4280.20000000,0.3002
1749261451,0.30200000,1944.80000000,0.3002
1749261451,0.30210000,9949.70000000,0.3002
1749261451,0.30220000,137.30000000,0.3002
1749261451,0.30230000,3412.40000000,0.3002
1749261451,0.30240000,137.30000000,0.3002
1749261451,0.30250000,12077.40000000,0.3002
1749261451,0.30260000,118.30000000,0.3002
1749261451,0.30270000,3795.40000000,0.3002
1749261451,0.30280000,40987.10000000,0.3002
1749261451,0.30290000,19461.10000000,0.3002
1749261451,0.30300000,218.30000000,0.3002
1749261451,0.30310000,3704.10000000,0.3002
1749261451,0.30320000,112.30000000,0.3002
1749261451,0.30330000,9924.60000000,0.3002
1749261451,0.30340000,93.30000000,0.3002
1749261451,0.30350000,3551.40000000,0.3002
1749261451,0.30360000,129.80000000,0.3002
1749261451,0.30370000,3370.40000000,0.3002
1749261451,0.30380000,6647.50000000,0.3002
1749261451,0.30390000,3445.10000000,0.3002
1749261451,0.30400000,212.30000000,0.3002
1749261451,0.30410000,9925.10000000,0.3002
1749261451,0.30420000,93.80000000,0.3002
1749261451,0.30430000,3370.80000000,0.3002
1749261451,0.30440000,93.70000000,0.3002
1749261451,0.30450000,3820.50000000,0.3002
1749261451,0.30460000,6647.90000000,0.3002
1749261451,0.30470000,32904.50000000,0.3002
1749261451,0.30480000,168.40000000,0.3002
1749261451,0.30490000,93.70000000,0.3002
1749261451,0.30500000,3734.20000000,0.3002
1749261451,0.30510000,6647.90000000,0.3002
1749261451,0.30520000,93.70000000,0.3002
1749261451,0.30530000,93.60000000,0.3002
1749261451,0.30540000,1012.40000000,0.3002
1749261451,0.30550000,4488.60000000,0.3002
1749261451,0.30560000,6647.80000000,0.3002
1749261451,0.30570000,93.60000000,0.3002
1749261451,0.30580000,168.30000000,0.3002
1749261451,0.30590000,93.60000000,0.3002
1749261451,0.30600000,6747.80000000,0.3002
1749261451,0.30610000,30093.60000000,0.3002
1749261451,0.30620000,113.90000000,0.3002
1749261451,0.30630000,93.50000000,0.3002
1749261451,0.30640000,93.50000000,0.3002
1749261451,0.30650000,93.50000000,0.3002
1749261451,0.30660000,93.50000000,0.3002
1749261451,0.30670000,30115.50000000,0.3002
1749261451,0.30680000,168.20000000,0.3002
1749261451,0.30690000,119.70000000,0.3002
1749261451,0.30700000,220.40000000,0.3002
1749261451,0.30710000,510.40000000,0.3002
1749261451,0.30720000,254.10000000,0.3002
1749261451,0.30730000,30330.10000000,0.3002
1749261451,0.30740000,93.40000000,0.3002
1749261451,0.30750000,119.50000000,0.3002
1749261451,0.30760000,93.40000000,0.3002
1749261451,0.30770000,93.40000000,0.3002
1749261451,0.30780000,185.60000000,0.3002
1749261451,0.30790000,30137.40000000,0.3002
1749261451,0.30800000,308.80000000,0.3002
1749261451,0.30810000,60.00000000,0.3002
1749261451,0.30820000,60.00000000,0.3002
1749261451,0.30830000,60.00000000,0.3002
1749261451,0.30840000,60.00000000,0.3002
1749261451,0.30850000,60.00000000,0.3002
1749261451,0.30860000,7557.50000000,0.3002
1749261451,0.30870000,150.70000000,0.3002
1749261451,0.30880000,200.80000000,0.3002
1749261451,0.30890000,60.00000000,0.3002
1749261451,0.30900000,532.70000000,0.3002
1749261451,0.30910000,60.00000000,0.3002
1749261451,0.30920000,2134.40000000,0.3002
1749261451,0.30930000,868.50000000,0.3002
1749261451,0.30940000,60.00000000,0.3002
1749261451,0.30950000,99.00000000,0.3002
1749261451,0.30960000,60.00000000,0.3002
1749261451,0.30970000,60.00000000,0.3002
1749261451,0.30980000,512.20000000,0.3002
1749261451,0.30990000,93.30000000,0.3002
1749261451,0.31000000,7036.20000000,0.3002
1749261451,0.31040000,1006.00000000,0.3002
1749261451,0.31050000,28.40000000,0.3002
1749261767,0.29960000,2695.30000000,0.2995
1749261767,0.29970000,21794.40000000,0.2995
1749261767,0.29980000,30509.70000000,0.2995
1749261767,0.29990000,52709.70000000,0.2995
1749261767,0.30000000,50040.50000000,0.2995
1749261767,0.30010000,36001.90000000,0.2995
1749261767,0.30020000,50043.80000000,0.2995
1749261767,0.30030000,34902.10000000,0.2995
1749261767,0.30040000,7525.80000000,0.2995
1749261767,0.30050000,6050.20000000,0.2995
1749261767,0.30060000,9101.30000000,0.2995
1749261767,0.30070000,3449.10000000,0.2995
1749261767,0.30080000,16044.70000000,0.2995
1749261767,0.30090000,12561.40000000,0.2995
1749261767,0.30100000,1086.10000000,0.2995
1749261767,0.30110000,3671.20000000,0.2995
1749261767,0.30120000,9599.60000000,0.2995
1749261767,0.30130000,4170.30000000,0.2995
1749261767,0.30140000,887.10000000,0.2995
1749261767,0.30150000,11658.30000000,0.2995
1749261767,0.30160000,124078.20000000,0.2995
1749261767,0.30170000,4145.20000000,0.2995
1749261767,0.30180000,7882.60000000,0.2995
1749261767,0.30190000,4280.20000000,0.2995
1749261767,0.30200000,1047.40000000,0.2995
1749261767,0.30210000,43835.70000000,0.2995
1749261767,0.30220000,118.30000000,0.2995
1749261767,0.30230000,4222.40000000,0.2995
1749261767,0.30240000,137.30000000,0.2995
1749261767,0.30250000,26775.60000000,0.2995
1749261767,0.30260000,118.30000000,0.2995
1749261767,0.30270000,4205.40000000,0.2995
1749261767,0.30280000,7987.60000000,0.2995
1749261767,0.30290000,3470.10000000,0.2995
1749261767,0.30300000,218.30000000,0.2995
1749261767,0.30310000,3704.10000000,0.2995
1749261767,0.30320000,112.30000000,0.2995
1749261767,0.30330000,9924.60000000,0.2995
1749261767,0.30340000,93.30000000,0.2995
1749261767,0.30350000,3551.40000000,0.2995
1749261767,0.30360000,129.80000000,0.2995
1749261767,0.30370000,3370.40000000,0.2995
1749261767,0.30380000,6647.50000000,0.2995
1749261767,0.30390000,3445.10000000,0.2995
1749261767,0.30400000,193.30000000,0.2995
1749261767,0.30410000,9925.10000000,0.2995
1749261767,0.30420000,93.80000000,0.2995
1749261767,0.30430000,3370.80000000,0.2995
1749261767,0.30440000,93.70000000,0.2995
1749261767,0.30450000,3820.50000000,0.2995
1749261767,0.30460000,6647.90000000,0.2995
1749261767,0.30470000,110.70000000,0.2995
1749261767,0.30480000,168.40000000,0.2995
1749261767,0.30490000,32865.90000000,0.2995
1749261767,0.30500000,8067.60000000,0.2995
1749261767,0.30510000,6647.90000000,0.2995
1749261767,0.30520000,93.70000000,0.2995
1749261767,0.30530000,93.60000000,0.2995
1749261767,0.30540000,1012.40000000,0.2995
1749261767,0.30550000,155.20000000,0.2995
1749261767,0.30560000,6647.80000000,0.2995
1749261767,0.30570000,93.60000000,0.2995
1749261767,0.30580000,168.30000000,0.2995
1749261767,0.30590000,93.60000000,0.2995
1749261767,0.30600000,6747.80000000,0.2995
1749261767,0.30610000,30093.60000000,0.2995
1749261767,0.30620000,113.90000000,0.2995
1749261767,0.30630000,93.50000000,0.2995
1749261767,0.30640000,93.50000000,0.2995
1749261767,0.30650000,93.50000000,0.2995
1749261767,0.30660000,93.50000000,0.2995
1749261767,0.30670000,30115.50000000,0.2995
1749261767,0.30680000,168.20000000,0.2995
1749261767,0.30690000,119.70000000,0.2995
1749261767,0.30700000,220.40000000,0.2995
1749261767,0.30710000,510.40000000,0.2995
1749261767,0.30720000,220.70000000,0.2995
1749261767,0.30730000,30296.70000000,0.2995
1749261767,0.30740000,60.00000000,0.2995
1749261767,0.30750000,86.10000000,0.2995
1749261767,0.30760000,60.00000000,0.2995
1749261767,0.30770000,60.00000000,0.2995
1749261767,0.30780000,152.20000000,0.2995
1749261767,0.30790000,30137.40000000,0.2995
1749261767,0.30800000,308.80000000,0.2995
1749261767,0.30810000,60.00000000,0.2995
1749261767,0.30820000,60.00000000,0.2995
1749261767,0.30830000,60.00000000,0.2995
1749261767,0.30840000,60.00000000,0.2995
1749261767,0.30850000,60.00000000,0.2995
1749261767,0.30860000,7557.50000000,0.2995
1749261767,0.30870000,150.70000000,0.2995
1749261767,0.30880000,200.80000000,0.2995
1749261767,0.30890000,60.00000000,0.2995
1749261767,0.30900000,532.70000000,0.2995
1749261767,0.30910000,60.00000000,0.2995
1749261767,0.30920000,2134.40000000,0.2995
1749261767,0.30930000,868.50000000,0.2995
1749261767,0.30940000,60.00000000,0.2995
1749261767,0.30950000,99.00000000,0.2995
1749262070,0.29990000,6376.60000000,0.2999
1749262070,0.30000000,11481.30000000,0.2999
1749262070,0.30010000,31215.80000000,0.2999
1749262070,0.30020000,78080.20000000,0.2999
1749262070,0.30030000,66739.80000000,0.2999
1749262070,0.30040000,66648.60000000,0.2999
1749262070,0.30050000,39220.10000000,0.2999
1749262070,0.30060000,12137.30000000,0.2999
1749262070,0.30070000,5969.10000000,0.2999
1749262070,0.30080000,12958.10000000,0.2999
1749262070,0.30090000,10818.30000000,0.2999
1749262070,0.30100000,1287.50000000,0.2999
1749262070,0.30110000,4356.20000000,0.2999
1749262070,0.30120000,20255.50000000,0.2999
1749262070,0.30130000,5929.20000000,0.2999
1749262070,0.30140000,912.10000000,0.2999
1749262070,0.30150000,10699.40000000,0.2999
1749262070,0.30160000,1964.10000000,0.2999
1749262070,0.30170000,4145.20000000,0.2999
1749262070,0.30180000,7501.60000000,0.2999
1749262070,0.30190000,122777.20000000,0.2999
1749262070,0.30200000,3177.50000000,0.2999
1749262070,0.30210000,10759.70000000,0.2999
1749262070,0.30220000,928.30000000,0.2999
1749262070,0.30230000,4222.40000000,0.2999
1749262070,0.30240000,947.30000000,0.2999
1749262070,0.30250000,10759.60000000,0.2999
1749262070,0.30260000,118.30000000,0.2999
1749262070,0.30270000,52803.80000000,0.2999
1749262070,0.30280000,7987.60000000,0.2999
1749262070,0.30290000,3470.10000000,0.2999
1749262070,0.30300000,218.30000000,0.2999
1749262070,0.30310000,3704.10000000,0.2999
1749262070,0.30320000,112.30000000,0.2999
1749262070,0.30330000,9924.60000000,0.2999
1749262070,0.30340000,93.30000000,0.2999
1749262070,0.30350000,3551.40000000,0.2999
1749262070,0.30360000,129.80000000,0.2999
1749262070,0.30370000,3370.40000000,0.2999
1749262070,0.30380000,6647.50000000,0.2999
1749262070,0.30390000,3445.10000000,0.2999
1749262070,0.30400000,212.30000000,0.2999
1749262070,0.30410000,9925.10000000,0.2999
1749262070,0.30420000,93.80000000,0.2999
1749262070,0.30430000,3370.80000000,0.2999
1749262070,0.30440000,93.70000000,0.2999
1749262070,0.30450000,3820.50000000,0.2999
1749262070,0.30460000,6647.90000000,0.2999
1749262070,0.30470000,110.70000000,0.2999
1749262070,0.30480000,168.40000000,0.2999
1749262070,0.30490000,32865.90000000,0.2999
1749262070,0.30500000,3734.20000000,0.2999
1749262070,0.30510000,6647.90000000,0.2999
1749262070,0.30520000,93.70000000,0.2999
1749262070,0.30530000,93.60000000,0.2999
1749262070,0.30540000,5345.80000000,0.2999
1749262070,0.30550000,155.20000000,0.2999
1749262070,0.30560000,6647.80000000,0.2999
1749262070,0.30570000,93.60000000,0.2999
1749262070,0.30580000,168.30000000,0.2999
1749262070,0.30590000,93.60000000,0.2999
1749262070,0.30600000,6747.80000000,0.2999
1749262070,0.30610000,30093.60000000,0.2999
1749262070,0.30620000,113.90000000,0.2999
1749262070,0.30630000,93.50000000,0.2999
1749262070,0.30640000,93.50000000,0.2999
1749262070,0.30650000,93.50000000,0.2999
1749262070,0.30660000,93.50000000,0.2999
1749262070,0.30670000,30115.50000000,0.2999
1749262070,0.30680000,168.20000000,0.2999
1749262070,0.30690000,119.70000000,0.2999
1749262070,0.30700000,220.40000000,0.2999
1749262070,0.30710000,510.40000000,0.2999
1749262070,0.30720000,254.10000000,0.2999
1749262070,0.30730000,30330.10000000,0.2999
1749262070,0.30740000,93.40000000,0.2999
1749262070,0.30750000,86.10000000,0.2999
1749262070,0.30760000,60.00000000,0.2999
1749262070,0.30770000,60.00000000,0.2999
1749262070,0.30780000,152.20000000,0.2999
1749262070,0.30790000,30137.40000000,0.2999
1749262070,0.30800000,308.80000000,0.2999
1749262070,0.30810000,60.00000000,0.2999
1749262070,0.30820000,60.00000000,0.2999
1749262070,0.30830000,60.00000000,0.2999
1749262070,0.30840000,60.00000000,0.2999
1749262070,0.30850000,60.00000000,0.2999
1749262070,0.30860000,7557.50000000,0.2999
1749262070,0.30870000,150.70000000,0.2999
1749262070,0.30880000,200.80000000,0.2999
1749262070,0.30890000,60.00000000,0.2999
1749262070,0.30900000,532.70000000,0.2999
1749262070,0.30910000,60.00000000,0.2999
1749262070,0.30920000,2134.40000000,0.2999
1749262070,0.30930000,868.50000000,0.2999
1749262070,0.30940000,60.00000000,0.2999
1749262070,0.30950000,99.00000000,0.2999
1749262070,0.30960000,60.00000000,0.2999
1749262070,0.30970000,60.00000000,0.2999
1749262070,0.30980000,512.20000000,0.2999
1749262376,0.30090000,3725.90000000,0.3009
1749262376,0.30100000,34703.10000000,0.3009
1749262376,0.30110000,65883.50000000,0.3009
1749262376,0.30120000,70436.00000000,0.3009
1749262376,0.30130000,77378.20000000,0.3009
1749262376,0.30140000,57382.50000000,0.3009
1749262376,0.30150000,24111.40000000,0.3009
1749262376,0.30160000,3820.90000000,0.3009
1749262376,0.30170000,4385.00000000,0.3009
1749262376,0.30180000,7526.60000000,0.3009
1749262376,0.30190000,4305.20000000,0.3009
1749262376,0.30200000,14555.70000000,0.3009
1749262376,0.30210000,12513.00000000,0.3009
1749262376,0.30220000,947.30000000,0.3009
1749262376,0.30230000,105668.70000000,0.3009
1749262376,0.30240000,947.30000000,0.3009
1749262376,0.30250000,10759.60000000,0.3009
1749262376,0.30260000,137.30000000,0.3009
1749262376,0.30270000,5400.20000000,0.3009
1749262376,0.30280000,10924.60000000,0.3009
1749262376,0.30290000,4280.10000000,0.3009
1749262376,0.30300000,218.30000000,0.3009
1749262376,0.30310000,4514.10000000,0.3009
1749262376,0.30320000,922.30000000,0.3009
1749262376,0.30330000,10734.60000000,0.3009
1749262376,0.30340000,33027.60000000,0.3009
1749262376,0.30350000,3551.40000000,0.3009
1749262376,0.30360000,129.80000000,0.3009
1749262376,0.30370000,19324.40000000,0.3009
1749262376,0.30380000,6647.50000000,0.3009
1749262376,0.30390000,3445.10000000,0.3009
1749262376,0.30400000,212.30000000,0.3009
1749262376,0.30410000,9925.10000000,0.3009
1749262376,0.30420000,93.80000000,0.3009
1749262376,0.30430000,3370.80000000,0.3009
1749262376,0.30440000,112.70000000,0.3009
1749262376,0.30450000,3820.50000000,0.3009
1749262376,0.30460000,6647.90000000,0.3009
1749262376,0.30470000,110.70000000,0.3009
1749262376,0.30480000,187.40000000,0.3009
1749262376,0.30490000,32865.90000000,0.3009
1749262376,0.30500000,3734.20000000,0.3009
1749262376,0.30510000,6647.90000000,0.3009
1749262376,0.30520000,93.70000000,0.3009
1749262376,0.30530000,93.60000000,0.3009
1749262376,0.30540000,1012.40000000,0.3009
1749262376,0.30550000,155.20000000,0.3009
1749262376,0.30560000,6647.80000000,0.3009
1749262376,0.30570000,93.60000000,0.3009
1749262376,0.30580000,168.30000000,0.3009
1749262376,0.30590000,93.60000000,0.3009
1749262376,0.30600000,6747.80000000,0.3009
1749262376,0.30610000,30093.60000000,0.3009
1749262376,0.30620000,4447.30000000,0.3009
1749262376,0.30630000,93.50000000,0.3009
1749262376,0.30640000,93.50000000,0.3009
1749262376,0.30650000,93.50000000,0.3009
1749262376,0.30660000,93.50000000,0.3009
1749262376,0.30670000,30115.50000000,0.3009
1749262376,0.30680000,168.20000000,0.3009
1749262376,0.30690000,119.70000000,0.3009
1749262376,0.30700000,220.40000000,0.3009
1749262376,0.30710000,510.40000000,0.3009
1749262376,0.30720000,254.10000000,0.3009
1749262376,0.30730000,30330.10000000,0.3009
1749262376,0.30740000,93.40000000,0.3009
1749262376,0.30750000,119.50000000,0.3009
1749262376,0.30760000,93.40000000,0.3009
1749262376,0.30770000,93.40000000,0.3009
1749262376,0.30780000,185.60000000,0.3009
1749262376,0.30790000,30170.80000000,0.3009
1749262376,0.30800000,342.20000000,0.3009
1749262376,0.30810000,93.30000000,0.3009
1749262376,0.30820000,93.30000000,0.3009
1749262376,0.30830000,93.30000000,0.3009
1749262376,0.30840000,93.30000000,0.3009
1749262376,0.30850000,60.00000000,0.3009
1749262376,0.30860000,7557.50000000,0.3009
1749262376,0.30870000,150.70000000,0.3009
1749262376,0.30880000,200.80000000,0.3009
1749262376,0.30890000,60.00000000,0.3009
1749262376,0.30900000,532.70000000,0.3009
1749262376,0.30910000,60.00000000,0.3009
1749262376,0.30920000,2134.40000000,0.3009
1749262376,0.30930000,868.50000000,0.3009
1749262376,0.30940000,60.00000000,0.3009
1749262376,0.30950000,99.00000000,0.3009
1749262376,0.30960000,60.00000000,0.3009
1749262376,0.30970000,60.00000000,0.3009
1749262376,0.30980000,512.20000000,0.3009
1749262376,0.30990000,93.30000000,0.3009
1749262376,0.31000000,7036.20000000,0.3009
1749262376,0.31040000,1006.00000000,0.3009
1749262376,0.31050000,28.40000000,0.3009
1749262376,0.31080000,74.70000000,0.3009
1749262376,0.31090000,880.90000000,0.3009
1749262376,0.31100000,7410.90000000,0.3009
1749262376,0.31110000,358.60000000,0.3009
1749262376,0.31120000,25.70000000,0.3009
1749262376,0.31130000,112.50000000,0.3009
1749262678,0.30090000,983.50000000,0.3009
1749262678,0.30100000,13318.50000000,0.3009
1749262678,0.30110000,30897.00000000,0.3009
1749262678,0.30120000,48477.10000000,0.3009
1749262678,0.30130000,80076.80000000,0.3009
1749262678,0.30140000,34852.10000000,0.3009
1749262678,0.30150000,68788.00000000,0.3009
1749262678,0.30160000,36686.00000000,0.3009
1749262678,0.30170000,55408.30000000,0.3009
1749262678,0.30180000,9161.40000000,0.3009
1749262678,0.30190000,13079.00000000,0.3009
1749262678,0.30200000,1287.70000000,0.3009
1749262678,0.30210000,24431.40000000,0.3009
1749262678,0.30220000,972.30000000,0.3009
1749262678,0.30230000,4222.40000000,0.3009
1749262678,0.30240000,947.30000000,0.3009
1749262678,0.30250000,10759.60000000,0.3009
1749262678,0.30260000,2697.30000000,0.3009
1749262678,0.30270000,4205.40000000,0.3009
1749262678,0.30280000,120588.90000000,0.3009
1749262678,0.30290000,6495.40000000,0.3009
1749262678,0.30300000,237.30000000,0.3009
1749262678,0.30310000,3729.10000000,0.3009
1749262678,0.30320000,137.30000000,0.3009
1749262678,0.30330000,9924.60000000,0.3009
1749262678,0.30340000,93.30000000,0.3009
1749262678,0.30350000,3407.80000000,0.3009
1749262678,0.30360000,129.80000000,0.3009
1749262678,0.30370000,36672.10000000,0.3009
1749262678,0.30380000,22595.50000000,0.3009
1749262678,0.30390000,3445.10000000,0.3009
1749262678,0.30400000,212.30000000,0.3009
1749262678,0.30410000,9925.10000000,0.3009
1749262678,0.30420000,93.80000000,0.3009
1749262678,0.30430000,3370.80000000,0.3009
1749262678,0.30440000,112.70000000,0.3009
1749262678,0.30450000,3981.10000000,0.3009
1749262678,0.30460000,6647.90000000,0.3009
1749262678,0.30470000,110.70000000,0.3009
1749262678,0.30480000,187.40000000,0.3009
1749262678,0.30490000,93.70000000,0.3009
1749262678,0.30500000,3734.20000000,0.3009
1749262678,0.30510000,6647.90000000,0.3009
1749262678,0.30520000,93.70000000,0.3009
1749262678,0.30530000,93.60000000,0.3009
1749262678,0.30540000,1012.40000000,0.3009
1749262678,0.30550000,155.20000000,0.3009
1749262678,0.30560000,6647.80000000,0.3009
1749262678,0.30570000,93.60000000,0.3009
1749262678,0.30580000,32844.10000000,0.3009
1749262678,0.30590000,93.60000000,0.3009
1749262678,0.30600000,6764.80000000,0.3009
1749262678,0.30610000,30093.60000000,0.3009
1749262678,0.30620000,4447.30000000,0.3009
1749262678,0.30630000,93.50000000,0.3009
1749262678,0.30640000,93.50000000,0.3009
1749262678,0.30650000,93.50000000,0.3009
1749262678,0.30660000,93.50000000,0.3009
1749262678,0.30670000,30115.50000000,0.3009
1749262678,0.30680000,168.20000000,0.3009
1749262678,0.30690000,119.70000000,0.3009
1749262678,0.30700000,220.40000000,0.3009
1749262678,0.30710000,510.40000000,0.3009
1749262678,0.30720000,254.10000000,0.3009
1749262678,0.30730000,30330.10000000,0.3009
1749262678,0.30740000,93.40000000,0.3009
1749262678,0.30750000,119.50000000,0.3009
1749262678,0.30760000,93.40000000,0.3009
1749262678,0.30770000,93.40000000,0.3009
1749262678,0.30780000,185.60000000,0.3009
1749262678,0.30790000,30170.80000000,0.3009
1749262678,0.30800000,342.20000000,0.3009
1749262678,0.30810000,93.30000000,0.3009
1749262678,0.30820000,93.30000000,0.3009
1749262678,0.30830000,93.30000000,0.3009
1749262678,0.30840000,93.30000000,0.3009
1749262678,0.30850000,60.00000000,0.3009
1749262678,0.30860000,7557.50000000,0.3009
1749262678,0.30870000,150.70000000,0.3009
1749262678,0.30880000,200.80000000,0.3009
1749262678,0.30890000,60.00000000,0.3009
1749262678,0.30900000,532.70000000,0.3009
1749262678,0.30910000,60.00000000,0.3009
1749262678,0.30920000,2134.40000000,0.3009
1749262678,0.30930000,868.50000000,0.3009
1749262678,0.30940000,60.00000000,0.3009
1749262678,0.30950000,99.00000000,0.3009
1749262678,0.30960000,60.00000000,0.3009
1749262678,0.30970000,60.00000000,0.3009
1749262678,0.30980000,512.20000000,0.3009
1749262678,0.30990000,93.30000000,0.3009
1749262678,0.31000000,7036.20000000,0.3009
1749262678,0.31040000,1006.00000000,0.3009
1749262678,0.31050000,28.40000000,0.3009
1749262678,0.31080000,74.70000000,0.3009
1749262678,0.31090000,880.90000000,0.3009
1749262678,0.31100000,7410.90000000,0.3009
1749262678,0.31110000,358.60000000,0.3009
1749262678,0.31120000,25.70000000,0.3009
1749262678,0.31130000,112.50000000,0.3009
1749262981,0.30070000,200.10000000,0.3008
1749262981,0.30080000,14591.40000000,0.3008
1749262981,0.30090000,17175.80000000,0.3008
1749262981,0.30100000,46137.40000000,0.3008
1749262981,0.30110000,58728.70000000,0.3008
1749262981,0.30120000,47836.60000000,0.3008
1749262981,0.30130000,55361.80000000,0.3008
1749262981,0.30140000,47359.60000000,0.3008
1749262981,0.30150000,60073.50000000,0.3008
1749262981,0.30160000,2183.90000000,0.3008
1749262981,0.30170000,6045.30000000,0.3008
1749262981,0.30180000,9161.40000000,0.3008
1749262981,0.30190000,17828.80000000,0.3008
1749262981,0.30200000,1091.90000000,0.3008
1749262981,0.30210000,12538.00000000,0.3008
1749262981,0.30220000,162.30000000,0.3008
1749262981,0.30230000,3412.40000000,0.3008
1749262981,0.30240000,137.30000000,0.3008
1749262981,0.30250000,10888.70000000,0.3008
1749262981,0.30260000,2265.70000000,0.3008
1749262981,0.30270000,3395.40000000,0.3008
1749262981,0.30280000,120588.90000000,0.3008
1749262981,0.30290000,3470.10000000,0.3008
1749262981,0.30300000,218.30000000,0.3008
1749262981,0.30310000,3729.10000000,0.3008
1749262981,0.30320000,137.30000000,0.3008
1749262981,0.30330000,42869.70000000,0.3008
1749262981,0.30340000,93.30000000,0.3008
1749262981,0.30350000,19366.80000000,0.3008
1749262981,0.30360000,129.80000000,0.3008
1749262981,0.30370000,3370.40000000,0.3008
1749262981,0.30380000,6647.50000000,0.3008
1749262981,0.30390000,3445.10000000,0.3008
1749262981,0.30400000,212.30000000,0.3008
1749262981,0.30410000,9925.10000000,0.3008
1749262981,0.30420000,93.80000000,0.3008
1749262981,0.30430000,3370.80000000,0.3008
1749262981,0.30440000,112.70000000,0.3008
1749262981,0.30450000,3981.10000000,0.3008
1749262981,0.30460000,6647.90000000,0.3008
1749262981,0.30470000,110.70000000,0.3008
1749262981,0.30480000,187.40000000,0.3008
1749262981,0.30490000,93.70000000,0.3008
1749262981,0.30500000,3734.20000000,0.3008
1749262981,0.30510000,6647.90000000,0.3008
1749262981,0.30520000,93.70000000,0.3008
1749262981,0.30530000,93.60000000,0.3008
1749262981,0.30540000,1012.40000000,0.3008
1749262981,0.30550000,155.20000000,0.3008
1749262981,0.30560000,6647.80000000,0.3008
1749262981,0.30570000,93.60000000,0.3008
1749262981,0.30580000,32844.10000000,0.3008
1749262981,0.30590000,93.60000000,0.3008
1749262981,0.30600000,6764.80000000,0.3008
1749262981,0.30610000,30093.60000000,0.3008
1749262981,0.30620000,4447.30000000,0.3008
1749262981,0.30630000,93.50000000,0.3008
1749262981,0.30640000,93.50000000,0.3008
1749262981,0.30650000,93.50000000,0.3008
1749262981,0.30660000,93.50000000,0.3008
1749262981,0.30670000,30115.50000000,0.3008
1749262981,0.30680000,168.20000000,0.3008
1749262981,0.30690000,119.70000000,0.3008
1749262981,0.30700000,220.40000000,0.3008
1749262981,0.30710000,510.40000000,0.3008
1749262981,0.30720000,254.10000000,0.3008
1749262981,0.30730000,30330.10000000,0.3008
1749262981,0.30740000,93.40000000,0.3008
1749262981,0.30750000,119.50000000,0.3008
1749262981,0.30760000,93.40000000,0.3008
1749262981,0.30770000,93.40000000,0.3008
1749262981,0.30780000,185.60000000,0.3008
1749262981,0.30790000,30170.80000000,0.3008
1749262981,0.30800000,408.80000000,0.3008
1749262981,0.30810000,93.30000000,0.3008
1749262981,0.30820000,93.30000000,0.3008
1749262981,0.30830000,60.00000000,0.3008
1749262981,0.30840000,60.00000000,0.3008
1749262981,0.30850000,77.00000000,0.3008
1749262981,0.30860000,7557.50000000,0.3008
1749262981,0.30870000,150.70000000,0.3008
1749262981,0.30880000,200.80000000,0.3008
1749262981,0.30890000,60.00000000,0.3008
1749262981,0.30900000,532.70000000,0.3008
1749262981,0.30910000,60.00000000,0.3008
1749262981,0.30920000,2134.40000000,0.3008
1749262981,0.30930000,868.50000000,0.3008
1749262981,0.30940000,60.00000000,0.3008
1749262981,0.30950000,99.00000000,0.3008
1749262981,0.30960000,60.00000000,0.3008
1749262981,0.30970000,60.00000000,0.3008
1749262981,0.30980000,512.20000000,0.3008
1749262981,0.30990000,93.30000000,0.3008
1749262981,0.31000000,7036.20000000,0.3008
1749262981,0.31040000,1006.00000000,0.3008
1749262981,0.31050000,28.40000000,0.3008
1749262981,0.31080000,74.70000000,0.3008
1749262981,0.31090000,880.90000000,0.3008
1749262981,0.31100000,7410.90000000,0.3008
1749262981,0.31110000,358.60000000,0.3008
1749263289,0.30160000,1770.00000000,0.3016
1749263289,0.30170000,12483.40000000,0.3016
1749263289,0.30180000,26950.30000000,0.3016
1749263289,0.30190000,76959.10000000,0.3016
1749263289,0.30200000,58442.80000000,0.3016
1749263289,0.30210000,71682.10000000,0.3016
1749263289,0.30220000,23207.80000000,0.3016
1749263289,0.30230000,62964.70000000,0.3016
1749263289,0.30240000,26541.20000000,0.3016
1749263289,0.30250000,10803.50000000,0.3016
1749263289,0.30260000,162.20000000,0.3016
1749263289,0.30270000,4230.30000000,0.3016
1749263289,0.30280000,6691.50000000,0.3016
1749263289,0.30290000,120821.20000000,0.3016
1749263289,0.30300000,237.30000000,0.3016
1749263289,0.30310000,3729.10000000,0.3016
1749263289,0.30320000,1882.90000000,0.3016
1749263289,0.30330000,9949.60000000,0.3016
1749263289,0.30340000,137.20000000,0.3016
1749263289,0.30350000,6434.90000000,0.3016
1749263289,0.30360000,154.70000000,0.3016
1749263289,0.30370000,3395.30000000,0.3016
1749263289,0.30380000,6647.50000000,0.3016
1749263289,0.30390000,3445.10000000,0.3016
1749263289,0.30400000,212.30000000,0.3016
1749263289,0.30410000,11221.20000000,0.3016
1749263289,0.30420000,32941.50000000,0.3016
1749263289,0.30430000,3370.80000000,0.3016
1749263289,0.30440000,112.70000000,0.3016
1749263289,0.30450000,19894.10000000,0.3016
1749263289,0.30460000,6647.90000000,0.3016
1749263289,0.30470000,110.70000000,0.3016
1749263289,0.30480000,187.40000000,0.3016
1749263289,0.30490000,93.70000000,0.3016
1749263289,0.30500000,3734.20000000,0.3016
1749263289,0.30510000,6647.90000000,0.3016
1749263289,0.30520000,112.70000000,0.3016
1749263289,0.30530000,93.60000000,0.3016
1749263289,0.30540000,1012.40000000,0.3016
1749263289,0.30550000,155.20000000,0.3016
1749263289,0.30560000,6665.80000000,0.3016
1749263289,0.30570000,93.60000000,0.3016
1749263289,0.30580000,32844.10000000,0.3016
1749263289,0.30590000,93.60000000,0.3016
1749263289,0.30600000,6764.80000000,0.3016
1749263289,0.30610000,30093.60000000,0.3016
1749263289,0.30620000,113.90000000,0.3016
1749263289,0.30630000,93.50000000,0.3016
1749263289,0.30640000,93.50000000,0.3016
1749263289,0.30650000,93.50000000,0.3016
1749263289,0.30660000,93.50000000,0.3016
1749263289,0.30670000,30115.50000000,0.3016
1749263289,0.30680000,168.20000000,0.3016
1749263289,0.30690000,119.70000000,0.3016
1749263289,0.30700000,4553.80000000,0.3016
1749263289,0.30710000,510.40000000,0.3016
1749263289,0.30720000,254.10000000,0.3016
1749263289,0.30730000,30330.10000000,0.3016
1749263289,0.30740000,93.40000000,0.3016
1749263289,0.30750000,119.50000000,0.3016
1749263289,0.30760000,93.40000000,0.3016
1749263289,0.30770000,93.40000000,0.3016
1749263289,0.30780000,185.60000000,0.3016
1749263289,0.30790000,30170.80000000,0.3016
1749263289,0.30800000,408.80000000,0.3016
1749263289,0.30810000,93.30000000,0.3016
1749263289,0.30820000,93.30000000,0.3016
1749263289,0.30830000,93.30000000,0.3016
1749263289,0.30840000,93.30000000,0.3016
1749263289,0.30850000,110.30000000,0.3016
1749263289,0.30860000,7590.80000000,0.3016
1749263289,0.30870000,184.00000000,0.3016
1749263289,0.30880000,234.10000000,0.3016
1749263289,0.30890000,93.20000000,0.3016
1749263289,0.30900000,565.90000000,0.3016
1749263289,0.30910000,93.20000000,0.3016
1749263289,0.30920000,2134.40000000,0.3016
1749263289,0.30930000,868.50000000,0.3016
1749263289,0.30940000,60.00000000,0.3016
1749263289,0.30950000,99.00000000,0.3016
1749263289,0.30960000,60.00000000,0.3016
1749263289,0.30970000,60.00000000,0.3016
1749263289,0.30980000,512.20000000,0.3016
1749263289,0.30990000,93.30000000,0.3016
1749263289,0.31000000,7036.20000000,0.3016
1749263289,0.31040000,1006.00000000,0.3016
1749263289,0.31050000,28.40000000,0.3016
1749263289,0.31080000,74.70000000,0.3016
1749263289,0.31090000,880.90000000,0.3016
1749263289,0.31100000,7410.90000000,0.3016
1749263289,0.31110000,358.60000000,0.3016
1749263289,0.31120000,25.70000000,0.3016
1749263289,0.31130000,112.50000000,0.3016
1749263289,0.31150000,20.40000000,0.3016
1749263289,0.31180000,125.50000000,0.3016
1749263289,0.31190000,39.50000000,0.3016
1749263289,0.31200000,10476.50000000,0.3016
1749263289,0.31220000,70.40000000,0.3016
1749263289,0.31230000,87.30000000,0.3016
1749263289,0.31240000,1000.00000000,0.3016
1749263591,0.30150000,1914.40000000,0.3016
1749263591,0.30160000,7202.80000000,0.3016
1749263591,0.30170000,22515.50000000,0.3016
1749263591,0.30180000,67192.50000000,0.3016
1749263591,0.30190000,67367.80000000,0.3016
1749263591,0.30200000,63281.00000000,0.3016
1749263591,0.30210000,73819.60000000,0.3016
1749263591,0.30220000,32820.80000000,0.3016
1749263591,0.30230000,38263.90000000,0.3016
1749263591,0.30240000,21139.30000000,0.3016
1749263591,0.30250000,11650.50000000,0.3016
1749263591,0.30260000,358.00000000,0.3016
1749263591,0.30270000,16876.80000000,0.3016
1749263591,0.30280000,6992.90000000,0.3016
1749263591,0.30290000,3470.10000000,0.3016
1749263591,0.30300000,1984.20000000,0.3016
1749263591,0.30310000,3729.10000000,0.3016
1749263591,0.30320000,105232.30000000,0.3016
1749263591,0.30330000,9949.60000000,0.3016
1749263591,0.30340000,137.20000000,0.3016
1749263591,0.30350000,5559.10000000,0.3016
1749263591,0.30360000,1021.30000000,0.3016
1749263591,0.30370000,3395.30000000,0.3016
1749263591,0.30380000,6672.40000000,0.3016
1749263591,0.30390000,3445.10000000,0.3016
1749263591,0.30400000,212.30000000,0.3016
1749263591,0.30410000,11221.20000000,0.3016
1749263591,0.30420000,32941.50000000,0.3016
1749263591,0.30430000,3370.80000000,0.3016
1749263591,0.30440000,16024.70000000,0.3016
1749263591,0.30450000,3981.10000000,0.3016
1749263591,0.30460000,6647.90000000,0.3016
1749263591,0.30470000,110.70000000,0.3016
1749263591,0.30480000,187.40000000,0.3016
1749263591,0.30490000,93.70000000,0.3016
1749263591,0.30500000,3734.20000000,0.3016
1749263591,0.30510000,6647.90000000,0.3016
1749263591,0.30520000,112.70000000,0.3016
1749263591,0.30530000,93.60000000,0.3016
1749263591,0.30540000,1012.40000000,0.3016
1749263591,0.30550000,155.20000000,0.3016
1749263591,0.30560000,6665.80000000,0.3016
1749263591,0.30570000,93.60000000,0.3016
1749263591,0.30580000,168.30000000,0.3016
1749263591,0.30590000,93.60000000,0.3016
1749263591,0.30600000,6764.80000000,0.3016
1749263591,0.30610000,30093.60000000,0.3016
1749263591,0.30620000,113.90000000,0.3016
1749263591,0.30630000,6647.70000000,0.3016
1749263591,0.30640000,32705.30000000,0.3016
1749263591,0.30650000,93.50000000,0.3016
1749263591,0.30660000,93.50000000,0.3016
1749263591,0.30670000,30115.50000000,0.3016
1749263591,0.30680000,168.20000000,0.3016
1749263591,0.30690000,119.70000000,0.3016
1749263591,0.30700000,4553.80000000,0.3016
1749263591,0.30710000,510.40000000,0.3016
1749263591,0.30720000,254.10000000,0.3016
1749263591,0.30730000,30330.10000000,0.3016
1749263591,0.30740000,93.40000000,0.3016
1749263591,0.30750000,119.50000000,0.3016
1749263591,0.30760000,93.40000000,0.3016
1749263591,0.30770000,93.40000000,0.3016
1749263591,0.30780000,185.60000000,0.3016
1749263591,0.30790000,30170.80000000,0.3016
1749263591,0.30800000,408.80000000,0.3016
1749263591,0.30810000,93.30000000,0.3016
1749263591,0.30820000,93.30000000,0.3016
1749263591,0.30830000,93.30000000,0.3016
1749263591,0.30840000,93.30000000,0.3016
1749263591,0.30850000,110.30000000,0.3016
1749263591,0.30860000,7590.80000000,0.3016
1749263591,0.30870000,184.00000000,0.3016
1749263591,0.30880000,234.10000000,0.3016
1749263591,0.30890000,93.20000000,0.3016
1749263591,0.30900000,565.90000000,0.3016
1749263591,0.30910000,60.00000000,0.3016
1749263591,0.30920000,2134.40000000,0.3016
1749263591,0.30930000,868.50000000,0.3016
1749263591,0.30940000,60.00000000,0.3016
1749263591,0.30950000,99.00000000,0.3016
1749263591,0.30960000,60.00000000,0.3016
1749263591,0.30970000,60.00000000,0.3016
1749263591,0.30980000,512.20000000,0.3016
1749263591,0.30990000,93.30000000,0.3016
1749263591,0.31000000,10262.00000000,0.3016
1749263591,0.31040000,1006.00000000,0.3016
1749263591,0.31050000,28.40000000,0.3016
1749263591,0.31080000,74.70000000,0.3016
1749263591,0.31090000,880.90000000,0.3016
1749263591,0.31100000,7410.90000000,0.3016
1749263591,0.31110000,358.60000000,0.3016
1749263591,0.31120000,25.70000000,0.3016
1749263591,0.31130000,112.50000000,0.3016
1749263591,0.31150000,20.40000000,0.3016
1749263591,0.31180000,125.50000000,0.3016
1749263591,0.31190000,39.50000000,0.3016
1749263591,0.31200000,10476.50000000,0.3016
1749263591,0.31220000,70.40000000,0.3016
1749263591,0.31230000,87.30000000,0.3016
1749263893,0.30270000,3068.70000000,0.3026
1749263893,0.30280000,40797.50000000,0.3026
1749263893,0.30290000,45773.60000000,0.3026
1749263893,0.30300000,35412.60000000,0.3026
1749263893,0.30310000,56712.60000000,0.3026
1749263893,0.30320000,32165.70000000,0.3026
1749263893,0.30330000,71221.90000000,0.3026
1749263893,0.30340000,25018.60000000,0.3026
1749263893,0.30350000,3682.60000000,0.3026
1749263893,0.30360000,1292.10000000,0.3026
1749263893,0.30370000,3420.10000000,0.3026
1749263893,0.30380000,7551.50000000,0.3026
1749263893,0.30390000,16162.00000000,0.3026
1749263893,0.30400000,512.60000000,0.3026
1749263893,0.30410000,11246.10000000,0.3026
1749263893,0.30420000,107430.50000000,0.3026
1749263893,0.30430000,3395.70000000,0.3026
1749263893,0.30440000,137.60000000,0.3026
1749263893,0.30450000,3845.40000000,0.3026
1749263893,0.30460000,9613.70000000,0.3026
1749263893,0.30470000,135.50000000,0.3026
1749263893,0.30480000,3464.50000000,0.3026
1749263893,0.30490000,93.70000000,0.3026
1749263893,0.30500000,7011.30000000,0.3026
1749263893,0.30510000,6647.90000000,0.3026
1749263893,0.30520000,32852.70000000,0.3026
1749263893,0.30530000,93.60000000,0.3026
1749263893,0.30540000,1012.40000000,0.3026
1749263893,0.30550000,16177.80000000,0.3026
1749263893,0.30560000,6665.80000000,0.3026
1749263893,0.30570000,93.60000000,0.3026
1749263893,0.30580000,168.30000000,0.3026
1749263893,0.30590000,93.60000000,0.3026
1749263893,0.30600000,6782.80000000,0.3026
1749263893,0.30610000,30093.60000000,0.3026
1749263893,0.30620000,113.90000000,0.3026
1749263893,0.30630000,6647.70000000,0.3026
1749263893,0.30640000,111.50000000,0.3026
1749263893,0.30650000,93.50000000,0.3026
1749263893,0.30660000,6647.70000000,0.3026
1749263893,0.30670000,30115.50000000,0.3026
1749263893,0.30680000,168.20000000,0.3026
1749263893,0.30690000,119.70000000,0.3026
1749263893,0.30700000,220.40000000,0.3026
1749263893,0.30710000,7064.60000000,0.3026
1749263893,0.30720000,254.10000000,0.3026
1749263893,0.30730000,63139.40000000,0.3026
1749263893,0.30740000,93.40000000,0.3026
1749263893,0.30750000,119.50000000,0.3026
1749263893,0.30760000,93.40000000,0.3026
1749263893,0.30770000,93.40000000,0.3026
1749263893,0.30780000,4519.00000000,0.3026
1749263893,0.30790000,30170.80000000,0.3026
1749263893,0.30800000,408.80000000,0.3026
1749263893,0.30810000,93.30000000,0.3026
1749263893,0.30820000,93.30000000,0.3026
1749263893,0.30830000,93.30000000,0.3026
1749263893,0.30840000,93.30000000,0.3026
1749263893,0.30850000,110.30000000,0.3026
1749263893,0.30860000,7590.80000000,0.3026
1749263893,0.30870000,184.00000000,0.3026
1749263893,0.30880000,234.10000000,0.3026
1749263893,0.30890000,93.20000000,0.3026
1749263893,0.30900000,565.90000000,0.3026
1749263893,0.30910000,93.20000000,0.3026
1749263893,0.30920000,2135.30000000,0.3026
1749263893,0.30930000,901.70000000,0.3026
1749263893,0.30940000,93.20000000,0.3026
1749263893,0.30950000,132.20000000,0.3026
1749263893,0.30960000,93.20000000,0.3026
1749263893,0.30970000,93.20000000,0.3026
1749263893,0.30980000,545.30000000,0.3026
1749263893,0.30990000,126.40000000,0.3026
1749263893,0.31000000,10295.10000000,0.3026
1749263893,0.31010000,33.10000000,0.3026
1749263893,0.31020000,33.10000000,0.3026
1749263893,0.31040000,1006.00000000,0.3026
1749263893,0.31050000,28.40000000,0.3026
1749263893,0.31080000,74.70000000,0.3026
1749263893,0.31090000,880.90000000,0.3026
1749263893,0.31100000,7410.90000000,0.3026
1749263893,0.31110000,358.60000000,0.3026
1749263893,0.31130000,112.50000000,0.3026
1749263893,0.31150000,20.40000000,0.3026
1749263893,0.31180000,125.50000000,0.3026
1749263893,0.31190000,39.50000000,0.3026
1749263893,0.31200000,10476.50000000,0.3026
1749263893,0.31220000,38.40000000,0.3026
1749263893,0.31230000,61.70000000,0.3026
1749263893,0.31240000,1000.00000000,0.3026
1749263893,0.31280000,100.30000000,0.3026
1749263893,0.31290000,125.40000000,0.3026
1749263893,0.31300000,287.30000000,0.3026
1749263893,0.31330000,158.00000000,0.3026
1749263893,0.31360000,22.00000000,0.3026
1749263893,0.31380000,25.60000000,0.3026
1749263893,0.31390000,524.40000000,0.3026
1749263893,0.31400000,278.90000000,0.3026
1749263893,0.31410000,67.20000000,0.3026
1749263893,0.31420000,55.00000000,0.3026
1749264194,0.30230000,4419.70000000,0.3022
1749264194,0.30240000,18432.90000000,0.3022
1749264194,0.30250000,43218.00000000,0.3022
1749264194,0.30260000,56830.00000000,0.3022
1749264194,0.30270000,69076.30000000,0.3022
1749264194,0.30280000,21945.60000000,0.3022
1749264194,0.30290000,54443.30000000,0.3022
1749264194,0.30300000,28941.80000000,0.3022
1749264194,0.30310000,64436.70000000,0.3022
1749264194,0.30320000,26133.30000000,0.3022
1749264194,0.30330000,19294.30000000,0.3022
1749264194,0.30340000,13683.60000000,0.3022
1749264194,0.30350000,3457.60000000,0.3022
1749264194,0.30360000,455.30000000,0.3022
1749264194,0.30370000,3420.10000000,0.3022
1749264194,0.30380000,6716.20000000,0.3022
1749264194,0.30390000,5210.60000000,0.3022
1749264194,0.30400000,237.20000000,0.3022
1749264194,0.30410000,10630.10000000,0.3022
1749264194,0.30420000,107815.30000000,0.3022
1749264194,0.30430000,3395.70000000,0.3022
1749264194,0.30440000,137.60000000,0.3022
1749264194,0.30450000,3845.40000000,0.3022
1749264194,0.30460000,6672.70000000,0.3022
1749264194,0.30470000,135.50000000,0.3022
1749264194,0.30480000,36272.30000000,0.3022
1749264194,0.30490000,93.70000000,0.3022
1749264194,0.30500000,26165.90000000,0.3022
1749264194,0.30510000,6647.90000000,0.3022
1749264194,0.30520000,112.70000000,0.3022
1749264194,0.30530000,3370.70000000,0.3022
1749264194,0.30540000,1012.40000000,0.3022
1749264194,0.30550000,315.80000000,0.3022
1749264194,0.30560000,7961.90000000,0.3022
1749264194,0.30570000,93.60000000,0.3022
1749264194,0.30580000,168.30000000,0.3022
1749264194,0.30590000,93.60000000,0.3022
1749264194,0.30600000,6782.80000000,0.3022
1749264194,0.30610000,30093.60000000,0.3022
1749264194,0.30620000,113.90000000,0.3022
1749264194,0.30630000,6647.70000000,0.3022
1749264194,0.30640000,111.50000000,0.3022
1749264194,0.30650000,93.50000000,0.3022
1749264194,0.30660000,6647.70000000,0.3022
1749264194,0.30670000,30115.50000000,0.3022
1749264194,0.30680000,168.20000000,0.3022
1749264194,0.30690000,119.70000000,0.3022
1749264194,0.30700000,220.40000000,0.3022
1749264194,0.30710000,7064.60000000,0.3022
1749264194,0.30720000,254.10000000,0.3022
1749264194,0.30730000,62846.40000000,0.3022
1749264194,0.30740000,93.40000000,0.3022
1749264194,0.30750000,119.50000000,0.3022
1749264194,0.30760000,93.40000000,0.3022
1749264194,0.30770000,4426.80000000,0.3022
1749264194,0.30780000,185.60000000,0.3022
1749264194,0.30790000,30170.80000000,0.3022
1749264194,0.30800000,408.80000000,0.3022
1749264194,0.30810000,93.30000000,0.3022
1749264194,0.30820000,93.30000000,0.3022
1749264194,0.30830000,93.30000000,0.3022
1749264194,0.30840000,93.30000000,0.3022
1749264194,0.30850000,110.30000000,0.3022
1749264194,0.30860000,7590.80000000,0.3022
1749264194,0.30870000,184.00000000,0.3022
1749264194,0.30880000,234.10000000,0.3022
1749264194,0.30890000,93.20000000,0.3022
1749264194,0.30900000,565.90000000,0.3022
1749264194,0.30910000,93.20000000,0.3022
1749264194,0.30920000,2135.30000000,0.3022
1749264194,0.30930000,901.70000000,0.3022
1749264194,0.30940000,93.20000000,0.3022
1749264194,0.30950000,132.20000000,0.3022
1749264194,0.30960000,93.20000000,0.3022
1749264194,0.30970000,93.20000000,0.3022
1749264194,0.30980000,545.30000000,0.3022
1749264194,0.30990000,93.30000000,0.3022
1749264194,0.31000000,7036.20000000,0.3022
1749264194,0.31040000,1006.00000000,0.3022
1749264194,0.31050000,28.40000000,0.3022
1749264194,0.31080000,74.70000000,0.3022
1749264194,0.31090000,880.90000000,0.3022
1749264194,0.31100000,7410.90000000,0.3022
1749264194,0.31110000,358.60000000,0.3022
1749264194,0.31130000,112.50000000,0.3022
1749264194,0.31150000,20.40000000,0.3022
1749264194,0.31180000,125.50000000,0.3022
1749264194,0.31190000,39.50000000,0.3022
1749264194,0.31200000,10476.50000000,0.3022
1749264194,0.31220000,38.40000000,0.3022
1749264194,0.31230000,61.70000000,0.3022
1749264194,0.31240000,1000.00000000,0.3022
1749264194,0.31280000,100.30000000,0.3022
1749264194,0.31290000,125.40000000,0.3022
1749264194,0.31300000,287.30000000,0.3022
1749264194,0.31330000,158.00000000,0.3022
1749264194,0.31360000,22.00000000,0.3022
1749264194,0.31380000,25.60000000,0.3022
1749264194,0.31390000,524.40000000,0.3022
1749264194,0.31400000,278.90000000,0.3022
1749264496,0.30320000,926.10000000,0.3031
1749264496,0.30330000,9738.20000000,0.3031
1749264496,0.30340000,35714.20000000,0.3031
1749264496,0.30350000,84475.50000000,0.3031
1749264496,0.30360000,41762.90000000,0.3031
1749264496,0.30370000,61260.10000000,0.3031
1749264496,0.30380000,157378.10000000,0.3031
1749264496,0.30390000,35006.70000000,0.3031
1749264496,0.30400000,1560.20000000,0.3031
1749264496,0.30410000,11644.70000000,0.3031
1749264496,0.30420000,1797.30000000,0.3031
1749264496,0.30430000,3395.70000000,0.3031
1749264496,0.30440000,13745.30000000,0.3031
1749264496,0.30450000,3845.40000000,0.3031
1749264496,0.30460000,112447.10000000,0.3031
1749264496,0.30470000,135.50000000,0.3031
1749264496,0.30480000,3489.30000000,0.3031
1749264496,0.30490000,118.50000000,0.3031
1749264496,0.30500000,10333.70000000,0.3031
1749264496,0.30510000,11281.90000000,0.3031
1749264496,0.30520000,137.50000000,0.3031
1749264496,0.30530000,3370.70000000,0.3031
1749264496,0.30540000,1012.40000000,0.3031
1749264496,0.30550000,3432.30000000,0.3031
1749264496,0.30560000,40659.10000000,0.3031
1749264496,0.30570000,93.60000000,0.3031
1749264496,0.30580000,168.30000000,0.3031
1749264496,0.30590000,93.60000000,0.3031
1749264496,0.30600000,22611.80000000,0.3031
1749264496,0.30610000,30093.60000000,0.3031
1749264496,0.30620000,113.90000000,0.3031
1749264496,0.30630000,6647.70000000,0.3031
1749264496,0.30640000,111.50000000,0.3031
1749264496,0.30650000,93.50000000,0.3031
1749264496,0.30660000,6647.70000000,0.3031
1749264496,0.30670000,30115.50000000,0.3031
1749264496,0.30680000,186.20000000,0.3031
1749264496,0.30690000,280.30000000,0.3031
1749264496,0.30700000,220.40000000,0.3031
1749264496,0.30710000,7064.60000000,0.3031
1749264496,0.30720000,254.10000000,0.3031
1749264496,0.30730000,62846.40000000,0.3031
1749264496,0.30740000,93.40000000,0.3031
1749264496,0.30750000,119.50000000,0.3031
1749264496,0.30760000,6647.60000000,0.3031
1749264496,0.30770000,93.40000000,0.3031
1749264496,0.30780000,185.60000000,0.3031
1749264496,0.30790000,30170.80000000,0.3031
1749264496,0.30800000,701.80000000,0.3031
1749264496,0.30810000,93.30000000,0.3031
1749264496,0.30820000,93.30000000,0.3031
1749264496,0.30830000,93.30000000,0.3031
1749264496,0.30840000,93.30000000,0.3031
1749264496,0.30850000,4443.70000000,0.3031
1749264496,0.30860000,7590.80000000,0.3031
1749264496,0.30870000,184.00000000,0.3031
1749264496,0.30880000,234.10000000,0.3031
1749264496,0.30890000,93.20000000,0.3031
1749264496,0.30900000,565.90000000,0.3031
1749264496,0.30910000,93.20000000,0.3031
1749264496,0.30920000,2135.30000000,0.3031
1749264496,0.30930000,901.70000000,0.3031
1749264496,0.30940000,93.20000000,0.3031
1749264496,0.30950000,132.20000000,0.3031
1749264496,0.30960000,93.20000000,0.3031
1749264496,0.30970000,93.20000000,0.3031
1749264496,0.30980000,545.30000000,0.3031
1749264496,0.30990000,126.40000000,0.3031
1749264496,0.31000000,7069.30000000,0.3031
1749264496,0.31010000,33.10000000,0.3031
1749264496,0.31020000,33.10000000,0.3031
1749264496,0.31030000,33.10000000,0.3031
1749264496,0.31040000,1039.10000000,0.3031
1749264496,0.31050000,61.50000000,0.3031
1749264496,0.31060000,33.10000000,0.3031
1749264496,0.31070000,33.00000000,0.3031
1749264496,0.31080000,74.70000000,0.3031
1749264496,0.31090000,880.90000000,0.3031
1749264496,0.31100000,7410.90000000,0.3031
1749264496,0.31110000,358.60000000,0.3031
1749264496,0.31130000,112.50000000,0.3031
1749264496,0.31150000,20.40000000,0.3031
1749264496,0.31180000,125.50000000,0.3031
1749264496,0.31190000,39.50000000,0.3031
1749264496,0.31200000,10476.50000000,0.3031
1749264496,0.31220000,38.40000000,0.3031
1749264496,0.31230000,61.70000000,0.3031
1749264496,0.31240000,1000.00000000,0.3031
1749264496,0.31280000,100.30000000,0.3031
1749264496,0.31290000,125.40000000,0.3031
1749264496,0.31300000,287.30000000,0.3031
1749264496,0.31330000,158.00000000,0.3031
1749264496,0.31360000,22.00000000,0.3031
1749264496,0.31380000,25.60000000,0.3031
1749264496,0.31390000,524.40000000,0.3031
1749264496,0.31400000,278.90000000,0.3031
1749264496,0.31410000,67.20000000,0.3031
1749264496,0.31420000,55.00000000,0.3031
1749264496,0.31450000,6448.00000000,0.3031
1749264496,0.31480000,72.70000000,0.3031
1749264798,0.30300000,829.00000000,0.303
1749264798,0.30310000,14627.50000000,0.303
1749264798,0.30320000,28497.00000000,0.303
1749264798,0.30330000,35560.90000000,0.303
1749264798,0.30340000,58057.20000000,0.303
1749264798,0.30350000,76525.10000000,0.303
1749264798,0.30360000,56694.90000000,0.303
1749264798,0.30370000,51026.60000000,0.303
1749264798,0.30380000,33543.80000000,0.303
1749264798,0.30390000,16348.00000000,0.303
1749264798,0.30400000,537.40000000,0.303
1749264798,0.30410000,9974.80000000,0.303
1749264798,0.30420000,2662.80000000,0.303
1749264798,0.30430000,16092.50000000,0.303
1749264798,0.30440000,2086.30000000,0.303
1749264798,0.30450000,4845.40000000,0.303
1749264798,0.30460000,114183.00000000,0.303
1749264798,0.30470000,135.50000000,0.303
1749264798,0.30480000,4247.40000000,0.303
1749264798,0.30490000,518.50000000,0.303
1749264798,0.30500000,10314.70000000,0.303
1749264798,0.30510000,6672.70000000,0.303
1749264798,0.30520000,2256.70000000,0.303
1749264798,0.30530000,36124.80000000,0.303
1749264798,0.30540000,1037.20000000,0.303
1749264798,0.30550000,3432.30000000,0.303
1749264798,0.30560000,23812.90000000,0.303
1749264798,0.30570000,93.60000000,0.303
1749264798,0.30580000,3445.40000000,0.303
1749264798,0.30590000,93.60000000,0.303
1749264798,0.30600000,6782.80000000,0.303
1749264798,0.30610000,30093.60000000,0.303
1749264798,0.30620000,113.90000000,0.303
1749264798,0.30630000,6647.70000000,0.303
1749264798,0.30640000,111.50000000,0.303
1749264798,0.30650000,93.50000000,0.303
1749264798,0.30660000,6647.70000000,0.303
1749264798,0.30670000,30115.50000000,0.303
1749264798,0.30680000,186.20000000,0.303
1749264798,0.30690000,280.30000000,0.303
1749264798,0.30700000,220.40000000,0.303
1749264798,0.30710000,7064.60000000,0.303
1749264798,0.30720000,254.10000000,0.303
1749264798,0.30730000,30330.10000000,0.303
1749264798,0.30740000,93.40000000,0.303
1749264798,0.30750000,32614.60000000,0.303
1749264798,0.30760000,6647.60000000,0.303
1749264798,0.30770000,93.40000000,0.303
1749264798,0.30780000,185.60000000,0.303
1749264798,0.30790000,30170.80000000,0.303
1749264798,0.30800000,408.80000000,0.303
1749264798,0.30810000,4426.70000000,0.303
1749264798,0.30820000,93.30000000,0.303
1749264798,0.30830000,93.30000000,0.303
1749264798,0.30840000,93.30000000,0.303
1749264798,0.30850000,110.30000000,0.303
1749264798,0.30860000,7590.80000000,0.303
1749264798,0.30870000,184.00000000,0.303
1749264798,0.30880000,234.10000000,0.303
1749264798,0.30890000,93.20000000,0.303
1749264798,0.30900000,565.90000000,0.303
1749264798,0.30910000,93.20000000,0.303
1749264798,0.30920000,2135.30000000,0.303
1749264798,0.30930000,901.70000000,0.303
1749264798,0.30940000,93.20000000,0.303
1749264798,0.30950000,132.20000000,0.303
1749264798,0.30960000,93.20000000,0.303
1749264798,0.30970000,93.20000000,0.303
1749264798,0.30980000,545.30000000,0.303
1749264798,0.30990000,126.40000000,0.303
1749264798,0.31000000,7069.30000000,0.303
1749264798,0.31010000,33.10000000,0.303
1749264798,0.31020000,33.10000000,0.303
1749264798,0.31030000,33.10000000,0.303
1749264798,0.31040000,1039.10000000,0.303
1749264798,0.31050000,61.50000000,0.303
1749264798,0.31080000,74.70000000,0.303
1749264798,0.31090000,880.90000000,0.303
1749264798,0.31100000,7410.90000000,0.303
1749264798,0.31110000,358.60000000,0.303
1749264798,0.31130000,112.50000000,0.303
1749264798,0.31150000,20.40000000,0.303
1749264798,0.31180000,125.50000000,0.303
1749264798,0.31190000,39.50000000,0.303
1749264798,0.31200000,10476.50000000,0.303
1749264798,0.31230000,61.70000000,0.303
1749264798,0.31240000,1000.00000000,0.303
1749264798,0.31280000,100.30000000,0.303
1749264798,0.31290000,125.40000000,0.303
1749264798,0.31300000,287.30000000,0.303
1749264798,0.31330000,158.00000000,0.303
1749264798,0.31360000,22.00000000,0.303
1749264798,0.31380000,25.60000000,0.303
1749264798,0.31390000,524.40000000,0.303
1749264798,0.31400000,278.90000000,0.303
1749264798,0.31410000,67.20000000,0.303
1749264798,0.31420000,55.00000000,0.303
1749264798,0.31450000,5327.90000000,0.303
1749264798,0.31480000,72.70000000,0.303
1749264798,0.31490000,74.70000000,0.303
1749265099,0.30310000,13579.70000000,0.303
1749265099,0.30320000,43696.40000000,0.303
1749265099,0.30330000,106408.20000000,0.303
1749265099,0.30340000,26063.90000000,0.303
1749265099,0.30350000,80205.90000000,0.303
1749265099,0.30360000,26461.70000000,0.303
1749265099,0.30370000,39460.60000000,0.303
1749265099,0.30380000,7966.80000000,0.303
1749265099,0.30390000,3703.20000000,0.303
1749265099,0.30400000,746.40000000,0.303
1749265099,0.30410000,9974.80000000,0.303
1749265099,0.30420000,1797.30000000,0.303
1749265099,0.30430000,4107.00000000,0.303
1749265099,0.30440000,13103.40000000,0.303
1749265099,0.30450000,4845.40000000,0.303
1749265099,0.30460000,105889.10000000,0.303
1749265099,0.30470000,135.50000000,0.303
1749265099,0.30480000,3489.30000000,0.303
1749265099,0.30490000,3215.30000000,0.303
1749265099,0.30500000,10333.70000000,0.303
1749265099,0.30510000,6672.70000000,0.303
1749265099,0.30520000,2258.00000000,0.303
1749265099,0.30530000,3395.50000000,0.303
1749265099,0.30540000,1037.20000000,0.303
1749265099,0.30550000,3432.30000000,0.303
1749265099,0.30560000,7961.90000000,0.303
1749265099,0.30570000,32780.10000000,0.303
1749265099,0.30580000,3445.40000000,0.303
1749265099,0.30590000,93.60000000,0.303
1749265099,0.30600000,22611.80000000,0.303
1749265099,0.30610000,30093.60000000,0.303
1749265099,0.30620000,113.90000000,0.303
1749265099,0.30630000,6647.70000000,0.303
1749265099,0.30640000,111.50000000,0.303
1749265099,0.30650000,93.50000000,0.303
1749265099,0.30660000,6647.70000000,0.303
1749265099,0.30670000,30115.50000000,0.303
1749265099,0.30680000,186.20000000,0.303
1749265099,0.30690000,280.30000000,0.303
1749265099,0.30700000,220.40000000,0.303
1749265099,0.30710000,7064.60000000,0.303
1749265099,0.30720000,272.10000000,0.303
1749265099,0.30730000,30330.10000000,0.303
1749265099,0.30740000,93.40000000,0.303
1749265099,0.30750000,32614.60000000,0.303
1749265099,0.30760000,6647.60000000,0.303
1749265099,0.30770000,93.40000000,0.303
1749265099,0.30780000,185.60000000,0.303
1749265099,0.30790000,30170.80000000,0.303
1749265099,0.30800000,408.80000000,0.303
1749265099,0.30810000,93.30000000,0.303
1749265099,0.30820000,93.30000000,0.303
1749265099,0.30830000,93.30000000,0.303
1749265099,0.30840000,4426.70000000,0.303
1749265099,0.30850000,110.30000000,0.303
1749265099,0.30860000,7590.80000000,0.303
1749265099,0.30870000,184.00000000,0.303
1749265099,0.30880000,234.10000000,0.303
1749265099,0.30890000,93.20000000,0.303
1749265099,0.30900000,565.90000000,0.303
1749265099,0.30910000,93.20000000,0.303
1749265099,0.30920000,2135.30000000,0.303
1749265099,0.30930000,901.70000000,0.303
1749265099,0.30940000,93.20000000,0.303
1749265099,0.30950000,132.20000000,0.303
1749265099,0.30960000,93.20000000,0.303
1749265099,0.30970000,93.20000000,0.303
1749265099,0.30980000,545.30000000,0.303
1749265099,0.30990000,126.40000000,0.303
1749265099,0.31000000,7069.30000000,0.303
1749265099,0.31010000,33.10000000,0.303
1749265099,0.31020000,33.10000000,0.303
1749265099,0.31030000,33.10000000,0.303
1749265099,0.31040000,33.10000000,0.303
1749265099,0.31050000,61.50000000,0.303
1749265099,0.31060000,33.10000000,0.303
1749265099,0.31080000,74.70000000,0.303
1749265099,0.31090000,880.90000000,0.303
1749265099,0.31100000,7410.90000000,0.303
1749265099,0.31110000,358.60000000,0.303
1749265099,0.31130000,112.50000000,0.303
1749265099,0.31150000,20.40000000,0.303
1749265099,0.31180000,125.50000000,0.303
1749265099,0.31190000,39.50000000,0.303
1749265099,0.31200000,10476.50000000,0.303
1749265099,0.31230000,61.70000000,0.303
1749265099,0.31240000,1000.00000000,0.303
1749265099,0.31280000,100.30000000,0.303
1749265099,0.31290000,125.40000000,0.303
1749265099,0.31300000,287.30000000,0.303
1749265099,0.31330000,158.00000000,0.303
1749265099,0.31360000,22.00000000,0.303
1749265099,0.31380000,25.60000000,0.303
1749265099,0.31390000,524.40000000,0.303
1749265099,0.31400000,278.90000000,0.303
1749265099,0.31410000,67.20000000,0.303
1749265099,0.31420000,55.00000000,0.303
1749265099,0.31450000,5327.90000000,0.303
1749265099,0.31480000,72.70000000,0.303
1749265099,0.31490000,74.70000000,0.303
1749265403,0.30400000,503.50000000,0.304
1749265403,0.30410000,6155.50000000,0.304
1749265403,0.30420000,12641.30000000,0.304
1749265403,0.30430000,40057.80000000,0.304
1749265403,0.30440000,54404.90000000,0.304
1749265403,0.30450000,69766.70000000,0.304
1749265403,0.30460000,154765.60000000,0.304
1749265403,0.30470000,6587.10000000,0.304
1749265403,0.30480000,12824.00000000,0.304
1749265403,0.30490000,379.80000000,0.304
1749265403,0.30500000,11993.20000000,0.304
1749265403,0.30510000,27863.90000000,0.304
1749265403,0.30520000,970.70000000,0.304
1749265403,0.30530000,3395.50000000,0.304
1749265403,0.30540000,1056.20000000,0.304
1749265403,0.30550000,5577.60000000,0.304
1749265403,0.30560000,9715.90000000,0.304
1749265403,0.30570000,118.40000000,0.304
1749265403,0.30580000,3488.10000000,0.304
1749265403,0.30590000,518.30000000,0.304
1749265403,0.30600000,10965.90000000,0.304
1749265403,0.30610000,30118.30000000,0.304
1749265403,0.30620000,113.90000000,0.304
1749265403,0.30630000,9924.80000000,0.304
1749265403,0.30640000,32723.30000000,0.304
1749265403,0.30650000,93.50000000,0.304
1749265403,0.30660000,9924.80000000,0.304
1749265403,0.30670000,30115.50000000,0.304
1749265403,0.30680000,186.20000000,0.304
1749265403,0.30690000,16077.30000000,0.304
1749265403,0.30700000,220.40000000,0.304
1749265403,0.30710000,7064.60000000,0.304
1749265403,0.30720000,272.10000000,0.304
1749265403,0.30730000,30330.10000000,0.304
1749265403,0.30740000,93.40000000,0.304
1749265403,0.30750000,119.50000000,0.304
1749265403,0.30760000,6665.60000000,0.304
1749265403,0.30770000,93.40000000,0.304
1749265403,0.30780000,185.60000000,0.304
1749265403,0.30790000,30170.80000000,0.304
1749265403,0.30800000,408.80000000,0.304
1749265403,0.30810000,6647.50000000,0.304
1749265403,0.30820000,93.30000000,0.304
1749265403,0.30830000,93.30000000,0.304
1749265403,0.30840000,32493.60000000,0.304
1749265403,0.30850000,110.30000000,0.304
1749265403,0.30860000,14145.00000000,0.304
1749265403,0.30870000,184.00000000,0.304
1749265403,0.30880000,234.10000000,0.304
1749265403,0.30890000,93.20000000,0.304
1749265403,0.30900000,858.90000000,0.304
1749265403,0.30910000,93.20000000,0.304
1749265403,0.30920000,6468.70000000,0.304
1749265403,0.30930000,901.70000000,0.304
1749265403,0.30940000,93.20000000,0.304
1749265403,0.30950000,132.20000000,0.304
1749265403,0.30960000,93.20000000,0.304
1749265403,0.30970000,93.20000000,0.304
1749265403,0.30980000,545.30000000,0.304
1749265403,0.30990000,126.40000000,0.304
1749265403,0.31000000,7069.30000000,0.304
1749265403,0.31010000,33.10000000,0.304
1749265403,0.31020000,33.10000000,0.304
1749265403,0.31030000,33.10000000,0.304
1749265403,0.31040000,33.10000000,0.304
1749265403,0.31050000,61.50000000,0.304
1749265403,0.31060000,33.10000000,0.304
1749265403,0.31070000,33.00000000,0.304
1749265403,0.31080000,107.70000000,0.304
1749265403,0.31090000,913.90000000,0.304
1749265403,0.31100000,7443.90000000,0.304
1749265403,0.31110000,391.60000000,0.304
1749265403,0.31120000,33.00000000,0.304
1749265403,0.31130000,145.50000000,0.304
1749265403,0.31140000,33.00000000,0.304
1749265403,0.31150000,53.40000000,0.304
1749265403,0.31180000,125.50000000,0.304
1749265403,0.31190000,39.50000000,0.304
1749265403,0.31200000,10476.50000000,0.304
1749265403,0.31230000,61.70000000,0.304
1749265403,0.31240000,1000.00000000,0.304
1749265403,0.31280000,100.30000000,0.304
1749265403,0.31290000,125.40000000,0.304
1749265403,0.31300000,287.30000000,0.304
1749265403,0.31330000,158.00000000,0.304
1749265403,0.31360000,22.00000000,0.304
1749265403,0.31380000,25.60000000,0.304
1749265403,0.31390000,524.40000000,0.304
1749265403,0.31400000,278.90000000,0.304
1749265403,0.31410000,67.20000000,0.304
1749265403,0.31420000,55.00000000,0.304
1749265403,0.31450000,5327.90000000,0.304
1749265403,0.31480000,72.70000000,0.304
1749265403,0.31490000,74.70000000,0.304
1749265403,0.31500000,3551.50000000,0.304
1749265403,0.31530000,35.00000000,0.304
1749265403,0.31540000,1166.50000000,0.304
1749265403,0.31590000,155.30000000,0.304
1749265403,0.31600000,387.20000000,0.304
1749265403,0.31610000,17.50000000,0.304
1749265710,0.30440000,441.30000000,0.3044
1749265710,0.30450000,11355.80000000,0.3044
1749265710,0.30460000,29560.00000000,0.3044
1749265710,0.30470000,31696.50000000,0.3044
1749265710,0.30480000,77378.30000000,0.3044
1749265710,0.30490000,35192.60000000,0.3044
1749265710,0.30500000,21997.70000000,0.3044
1749265710,0.30510000,20731.90000000,0.3044
1749265710,0.30520000,13067.50000000,0.3044
1749265710,0.30530000,12182.50000000,0.3044
1749265710,0.30540000,1299.90000000,0.3044
1749265710,0.30550000,5116.60000000,0.3044
1749265710,0.30560000,7661.70000000,0.3044
1749265710,0.30570000,118.40000000,0.3044
1749265710,0.30580000,16096.10000000,0.3044
1749265710,0.30590000,118.30000000,0.3044
1749265710,0.30600000,28038.40000000,0.3044
1749265710,0.30610000,30118.30000000,0.3044
1749265710,0.30620000,156.60000000,0.3044
1749265710,0.30630000,9949.50000000,0.3044
1749265710,0.30640000,1859.60000000,0.3044
1749265710,0.30650000,780.30000000,0.3044
1749265710,0.30660000,12065.80000000,0.3044
1749265710,0.30670000,30115.50000000,0.3044
1749265710,0.30680000,33155.50000000,0.3044
1749265710,0.30690000,4853.50000000,0.3044
1749265710,0.30700000,220.40000000,0.3044
1749265710,0.30710000,7064.60000000,0.3044
1749265710,0.30720000,3549.20000000,0.3044
1749265710,0.30730000,30330.10000000,0.3044
1749265710,0.30740000,15853.40000000,0.3044
1749265710,0.30750000,119.50000000,0.3044
1749265710,0.30760000,6665.60000000,0.3044
1749265710,0.30770000,93.40000000,0.3044
1749265710,0.30780000,185.60000000,0.3044
1749265710,0.30790000,30170.80000000,0.3044
1749265710,0.30800000,426.80000000,0.3044
1749265710,0.30810000,6647.50000000,0.3044
1749265710,0.30820000,93.30000000,0.3044
1749265710,0.30830000,93.30000000,0.3044
1749265710,0.30840000,111.30000000,0.3044
1749265710,0.30850000,110.30000000,0.3044
1749265710,0.30860000,14145.00000000,0.3044
1749265710,0.30870000,184.00000000,0.3044
1749265710,0.30880000,234.10000000,0.3044
1749265710,0.30890000,93.20000000,0.3044
1749265710,0.30900000,565.90000000,0.3044
1749265710,0.30910000,6647.40000000,0.3044
1749265710,0.30920000,2135.30000000,0.3044
1749265710,0.30930000,33207.70000000,0.3044
1749265710,0.30940000,93.20000000,0.3044
1749265710,0.30950000,132.20000000,0.3044
1749265710,0.30960000,4426.60000000,0.3044
1749265710,0.30970000,93.20000000,0.3044
1749265710,0.30980000,545.30000000,0.3044
1749265710,0.30990000,126.40000000,0.3044
1749265710,0.31000000,7069.30000000,0.3044
1749265710,0.31010000,33.10000000,0.3044
1749265710,0.31020000,33.10000000,0.3044
1749265710,0.31030000,33.10000000,0.3044
1749265710,0.31040000,33.10000000,0.3044
1749265710,0.31050000,61.50000000,0.3044
1749265710,0.31060000,33.10000000,0.3044
1749265710,0.31070000,33.00000000,0.3044
1749265710,0.31080000,107.70000000,0.3044
1749265710,0.31090000,913.90000000,0.3044
1749265710,0.31100000,7443.90000000,0.3044
1749265710,0.31110000,391.60000000,0.3044
1749265710,0.31120000,33.00000000,0.3044
1749265710,0.31130000,145.50000000,0.3044
1749265710,0.31140000,33.00000000,0.3044
1749265710,0.31150000,53.40000000,0.3044
1749265710,0.31160000,32.90000000,0.3044
1749265710,0.31170000,32.90000000,0.3044
1749265710,0.31180000,158.40000000,0.3044
1749265710,0.31190000,72.40000000,0.3044
1749265710,0.31200000,10476.50000000,0.3044
1749265710,0.31230000,61.70000000,0.3044
1749265710,0.31240000,1000.00000000,0.3044
1749265710,0.31280000,100.30000000,0.3044
1749265710,0.31290000,125.40000000,0.3044
1749265710,0.31300000,287.30000000,0.3044
1749265710,0.31330000,158.00000000,0.3044
1749265710,0.31360000,22.00000000,0.3044
1749265710,0.31380000,25.60000000,0.3044
1749265710,0.31390000,524.40000000,0.3044
1749265710,0.31400000,278.90000000,0.3044
1749265710,0.31410000,67.20000000,0.3044
1749265710,0.31420000,55.00000000,0.3044
1749265710,0.31450000,5327.90000000,0.3044
1749265710,0.31480000,72.70000000,0.3044
1749265710,0.31490000,74.70000000,0.3044
1749265710,0.31500000,3551.50000000,0.3044
1749265710,0.31530000,35.00000000,0.3044
1749265710,0.31540000,1166.50000000,0.3044
1749265710,0.31590000,155.30000000,0.3044
1749265710,0.31600000,387.20000000,0.3044
1749265710,0.31610000,17.50000000,0.3044
1749265710,0.31650000,865.30000000,0.3044
1749265710,0.31660000,65.90000000,0.3044
1749266012,0.30480000,4480.20000000,0.3048
1749266012,0.30490000,30432.70000000,0.3048
1749266012,0.30500000,46433.10000000,0.3048
1749266012,0.30510000,40620.50000000,0.3048
1749266012,0.30520000,46865.70000000,0.3048
1749266012,0.30530000,32043.20000000,0.3048
1749266012,0.30540000,35519.20000000,0.3048
1749266012,0.30550000,21250.60000000,0.3048
1749266012,0.30560000,18809.30000000,0.3048
1749266012,0.30570000,393.70000000,0.3048
1749266012,0.30580000,3512.80000000,0.3048
1749266012,0.30590000,143.00000000,0.3048
1749266012,0.30600000,13156.00000000,0.3048
1749266012,0.30610000,42711.30000000,0.3048
1749266012,0.30620000,156.60000000,0.3048
1749266012,0.30630000,9949.50000000,0.3048
1749266012,0.30640000,136.20000000,0.3048
1749266012,0.30650000,34900.40000000,0.3048
1749266012,0.30660000,9967.50000000,0.3048
1749266012,0.30670000,30140.20000000,0.3048
1749266012,0.30680000,1468.70000000,0.3048
1749266012,0.30690000,6437.50000000,0.3048
1749266012,0.30700000,245.10000000,0.3048
1749266012,0.30710000,7064.60000000,0.3048
1749266012,0.30720000,3549.20000000,0.3048
1749266012,0.30730000,32443.20000000,0.3048
1749266012,0.30740000,93.40000000,0.3048
1749266012,0.30750000,35891.70000000,0.3048
1749266012,0.30760000,6665.60000000,0.3048
1749266012,0.30770000,15841.40000000,0.3048
1749266012,0.30780000,3462.70000000,0.3048
1749266012,0.30790000,30170.80000000,0.3048
1749266012,0.30800000,426.80000000,0.3048
1749266012,0.30810000,6647.50000000,0.3048
1749266012,0.30820000,93.30000000,0.3048
1749266012,0.30830000,93.30000000,0.3048
1749266012,0.30840000,271.90000000,0.3048
1749266012,0.30850000,110.30000000,0.3048
1749266012,0.30860000,14145.00000000,0.3048
1749266012,0.30870000,184.00000000,0.3048
1749266012,0.30880000,252.10000000,0.3048
1749266012,0.30890000,93.20000000,0.3048
1749266012,0.30900000,565.90000000,0.3048
1749266012,0.30910000,6647.40000000,0.3048
1749266012,0.30920000,2135.30000000,0.3048
1749266012,0.30930000,33207.70000000,0.3048
1749266012,0.30940000,93.20000000,0.3048
1749266012,0.30950000,132.20000000,0.3048
1749266012,0.30960000,6647.40000000,0.3048
1749266012,0.30970000,93.20000000,0.3048
1749266012,0.30980000,545.30000000,0.3048
1749266012,0.30990000,126.40000000,0.3048
1749266012,0.31000000,11402.70000000,0.3048
1749266012,0.31010000,33.10000000,0.3048
1749266012,0.31020000,33.10000000,0.3048
1749266012,0.31030000,33.10000000,0.3048
1749266012,0.31040000,33.10000000,0.3048
1749266012,0.31050000,61.50000000,0.3048
1749266012,0.31060000,33.10000000,0.3048
1749266012,0.31070000,33.00000000,0.3048
1749266012,0.31080000,107.70000000,0.3048
1749266012,0.31090000,913.90000000,0.3048
1749266012,0.31100000,7443.90000000,0.3048
1749266012,0.31110000,391.60000000,0.3048
1749266012,0.31120000,33.00000000,0.3048
1749266012,0.31130000,145.50000000,0.3048
1749266012,0.31140000,33.00000000,0.3048
1749266012,0.31150000,53.40000000,0.3048
1749266012,0.31160000,32.90000000,0.3048
1749266012,0.31170000,32.90000000,0.3048
1749266012,0.31180000,158.40000000,0.3048
1749266012,0.31190000,72.40000000,0.3048
1749266012,0.31200000,10509.40000000,0.3048
1749266012,0.31210000,32.90000000,0.3048
1749266012,0.31220000,32.90000000,0.3048
1749266012,0.31230000,94.60000000,0.3048
1749266012,0.31240000,1000.00000000,0.3048
1749266012,0.31280000,100.30000000,0.3048
1749266012,0.31290000,125.40000000,0.3048
1749266012,0.31300000,287.30000000,0.3048
1749266012,0.31330000,158.00000000,0.3048
1749266012,0.31360000,22.00000000,0.3048
1749266012,0.31380000,25.60000000,0.3048
1749266012,0.31390000,524.40000000,0.3048
1749266012,0.31400000,278.90000000,0.3048
1749266012,0.31410000,67.20000000,0.3048
1749266012,0.31420000,55.00000000,0.3048
1749266012,0.31450000,5327.90000000,0.3048
1749266012,0.31480000,72.70000000,0.3048
1749266012,0.31490000,74.70000000,0.3048
1749266012,0.31500000,3551.50000000,0.3048
1749266012,0.31530000,35.00000000,0.3048
1749266012,0.31540000,1166.50000000,0.3048
1749266012,0.31590000,155.30000000,0.3048
1749266012,0.31600000,387.20000000,0.3048
1749266012,0.31610000,17.50000000,0.3048
1749266012,0.31650000,865.30000000,0.3048
1749266012,0.31660000,65.90000000,0.3048
1749266012,0.31680000,720.40000000,0.3048
1749266012,0.31690000,74.70000000,0.3048
1749266314,0.30400000,6262.80000000,0.304
1749266314,0.30410000,23380.30000000,0.304
1749266314,0.30420000,41225.70000000,0.304
1749266314,0.30430000,60573.30000000,0.304
1749266314,0.30440000,56536.20000000,0.304
1749266314,0.30450000,45187.00000000,0.304
1749266314,0.30460000,46393.80000000,0.304
1749266314,0.30470000,21408.90000000,0.304
1749266314,0.30480000,11921.20000000,0.304
1749266314,0.30490000,20849.00000000,0.304
1749266314,0.30500000,12586.10000000,0.304
1749266314,0.30510000,4418.60000000,0.304
1749266314,0.30520000,5527.20000000,0.304
1749266314,0.30530000,7401.10000000,0.304
1749266314,0.30540000,6262.80000000,0.304
1749266314,0.30550000,2664.80000000,0.304
1749266314,0.30560000,13271.50000000,0.304
1749266314,0.30570000,19289.60000000,0.304
1749266314,0.30580000,5151.80000000,0.304
1749266314,0.30590000,143.00000000,0.304
1749266314,0.30600000,12644.60000000,0.304
1749266314,0.30610000,31759.50000000,0.304
1749266314,0.30620000,156.60000000,0.304
1749266314,0.30630000,20598.00000000,0.304
1749266314,0.30640000,136.20000000,0.304
1749266314,0.30650000,2256.40000000,0.304
1749266314,0.30660000,42540.00000000,0.304
1749266314,0.30670000,30140.20000000,0.304
1749266314,0.30680000,164081.20000000,0.304
1749266314,0.30690000,6437.70000000,0.304
1749266314,0.30700000,16331.80000000,0.304
1749266314,0.30710000,7089.20000000,0.304
1749266314,0.30720000,3573.80000000,0.304
1749266314,0.30730000,30354.70000000,0.304
1749266314,0.30740000,118.00000000,0.304
1749266314,0.30750000,3396.60000000,0.304
1749266314,0.30760000,6665.60000000,0.304
1749266314,0.30770000,93.40000000,0.304
1749266314,0.30780000,3462.70000000,0.304
1749266314,0.30790000,30170.80000000,0.304
1749266314,0.30800000,426.80000000,0.304
1749266314,0.30810000,9924.60000000,0.304
1749266314,0.30820000,93.30000000,0.304
1749266314,0.30830000,93.30000000,0.304
1749266314,0.30840000,3568.50000000,0.304
1749266314,0.30850000,110.30000000,0.304
1749266314,0.30860000,14145.00000000,0.304
1749266314,0.30870000,184.00000000,0.304
1749266314,0.30880000,234.10000000,0.304
1749266314,0.30890000,93.20000000,0.304
1749266314,0.30900000,565.90000000,0.304
1749266314,0.30910000,6647.40000000,0.304
1749266314,0.30920000,2135.30000000,0.304
1749266314,0.30930000,33207.70000000,0.304
1749266314,0.30940000,93.20000000,0.304
1749266314,0.30950000,132.20000000,0.304
1749266314,0.30960000,6647.40000000,0.304
1749266314,0.30970000,93.20000000,0.304
1749266314,0.30980000,4878.70000000,0.304
1749266314,0.30990000,126.40000000,0.304
1749266314,0.31000000,7069.30000000,0.304
1749266314,0.31010000,33.10000000,0.304
1749266314,0.31020000,33.10000000,0.304
1749266314,0.31030000,33.10000000,0.304
1749266314,0.31040000,33.10000000,0.304
1749266314,0.31050000,61.50000000,0.304
1749266314,0.31060000,33.10000000,0.304
1749266314,0.31070000,33.00000000,0.304
1749266314,0.31080000,107.70000000,0.304
1749266314,0.31090000,913.90000000,0.304
1749266314,0.31100000,7443.90000000,0.304
1749266314,0.31110000,391.60000000,0.304
1749266314,0.31120000,33.00000000,0.304
1749266314,0.31130000,145.50000000,0.304
1749266314,0.31140000,33.00000000,0.304
1749266314,0.31150000,53.40000000,0.304
1749266314,0.31180000,125.50000000,0.304
1749266314,0.31190000,39.50000000,0.304
1749266314,0.31200000,10476.50000000,0.304
1749266314,0.31230000,61.70000000,0.304
1749266314,0.31240000,1000.00000000,0.304
1749266314,0.31280000,100.30000000,0.304
1749266314,0.31290000,125.40000000,0.304
1749266314,0.31300000,287.30000000,0.304
1749266314,0.31330000,158.00000000,0.304
1749266314,0.31360000,22.00000000,0.304
1749266314,0.31380000,25.60000000,0.304
1749266314,0.31390000,524.40000000,0.304
1749266314,0.31400000,278.90000000,0.304
1749266314,0.31410000,67.20000000,0.304
1749266314,0.31420000,55.00000000,0.304
1749266314,0.31450000,5353.30000000,0.304
1749266314,0.31480000,72.70000000,0.304
1749266314,0.31490000,74.70000000,0.304
1749266314,0.31500000,3551.50000000,0.304
1749266314,0.31530000,35.00000000,0.304
1749266314,0.31540000,1166.50000000,0.304
1749266314,0.31590000,155.30000000,0.304
1749266314,0.31600000,387.20000000,0.304
1749266314,0.31610000,17.50000000,0.304
1749266625,0.30380000,2811.70000000,0.3038
1749266625,0.30390000,11554.20000000,0.3038
1749266625,0.30400000,29096.60000000,0.3038
1749266625,0.30410000,82098.70000000,0.3038
1749266625,0.30420000,55328.50000000,0.3038
1749266625,0.30430000,28327.40000000,0.3038
1749266625,0.30440000,18138.80000000,0.3038
1749266625,0.30450000,14863.60000000,0.3038
1749266625,0.30460000,7369.70000000,0.3038
1749266625,0.30470000,9765.50000000,0.3038
1749266625,0.30480000,15234.70000000,0.3038
1749266625,0.30490000,2197.20000000,0.3038
1749266625,0.30500000,11442.70000000,0.3038
1749266625,0.30510000,892.00000000,0.3038
1749266625,0.30520000,224581.10000000,0.3038
1749266625,0.30530000,7421.60000000,0.3038
1749266625,0.30540000,7535.00000000,0.3038
1749266625,0.30550000,3450.10000000,0.3038
1749266625,0.30560000,14056.80000000,0.3038
1749266625,0.30570000,5844.10000000,0.3038
1749266625,0.30580000,7038.30000000,0.3038
1749266625,0.30590000,118.30000000,0.3038
1749266625,0.30600000,12535.80000000,0.3038
1749266625,0.30610000,32569.50000000,0.3038
1749266625,0.30620000,138.60000000,0.3038
1749266625,0.30630000,10759.50000000,0.3038
1749266625,0.30640000,33558.00000000,0.3038
1749266625,0.30650000,928.20000000,0.3038
1749266625,0.30660000,10759.50000000,0.3038
1749266625,0.30670000,45944.20000000,0.3038
1749266625,0.30680000,210.90000000,0.3038
1749266625,0.30690000,4717.60000000,0.3038
1749266625,0.30700000,570.80000000,0.3038
1749266625,0.30710000,7089.20000000,0.3038
1749266625,0.30720000,3549.20000000,0.3038
1749266625,0.30730000,30490.70000000,0.3038
1749266625,0.30740000,93.40000000,0.3038
1749266625,0.30750000,3396.60000000,0.3038
1749266625,0.30760000,6665.60000000,0.3038
1749266625,0.30770000,93.40000000,0.3038
1749266625,0.30780000,35926.20000000,0.3038
1749266625,0.30790000,30170.80000000,0.3038
1749266625,0.30800000,408.80000000,0.3038
1749266625,0.30810000,9924.60000000,0.3038
1749266625,0.30820000,93.30000000,0.3038
1749266625,0.30830000,93.30000000,0.3038
1749266625,0.30840000,3389.90000000,0.3038
1749266625,0.30850000,110.30000000,0.3038
1749266625,0.30860000,14145.00000000,0.3038
1749266625,0.30870000,184.00000000,0.3038
1749266625,0.30880000,234.10000000,0.3038
1749266625,0.30890000,93.20000000,0.3038
1749266625,0.30900000,4899.30000000,0.3038
1749266625,0.30910000,6647.40000000,0.3038
1749266625,0.30920000,2135.30000000,0.3038
1749266625,0.30930000,901.70000000,0.3038
1749266625,0.30940000,93.20000000,0.3038
1749266625,0.30950000,132.20000000,0.3038
1749266625,0.30960000,6647.40000000,0.3038
1749266625,0.30970000,93.20000000,0.3038
1749266625,0.30980000,545.30000000,0.3038
1749266625,0.30990000,126.40000000,0.3038
1749266625,0.31000000,7069.30000000,0.3038
1749266625,0.31010000,33.10000000,0.3038
1749266625,0.31020000,33.10000000,0.3038
1749266625,0.31030000,33.10000000,0.3038
1749266625,0.31040000,33.10000000,0.3038
1749266625,0.31050000,61.50000000,0.3038
1749266625,0.31060000,33.10000000,0.3038
1749266625,0.31070000,33.00000000,0.3038
1749266625,0.31080000,107.70000000,0.3038
1749266625,0.31090000,913.90000000,0.3038
1749266625,0.31100000,7443.90000000,0.3038
1749266625,0.31110000,391.60000000,0.3038
1749266625,0.31120000,33.00000000,0.3038
1749266625,0.31130000,145.50000000,0.3038
1749266625,0.31150000,20.40000000,0.3038
1749266625,0.31180000,125.50000000,0.3038
1749266625,0.31190000,39.50000000,0.3038
1749266625,0.31200000,10476.50000000,0.3038
1749266625,0.31230000,61.70000000,0.3038
1749266625,0.31240000,1000.00000000,0.3038
1749266625,0.31280000,100.30000000,0.3038
1749266625,0.31290000,125.40000000,0.3038
1749266625,0.31300000,3573.40000000,0.3038
1749266625,0.31330000,158.00000000,0.3038
1749266625,0.31360000,22.00000000,0.3038
1749266625,0.31380000,25.60000000,0.3038
1749266625,0.31390000,524.40000000,0.3038
1749266625,0.31400000,278.90000000,0.3038
1749266625,0.31410000,67.20000000,0.3038
1749266625,0.31420000,55.00000000,0.3038
1749266625,0.31450000,5353.30000000,0.3038
1749266625,0.31480000,72.70000000,0.3038
1749266625,0.31490000,74.70000000,0.3038
1749266625,0.31500000,3551.50000000,0.3038
1749266625,0.31530000,35.00000000,0.3038
1749266625,0.31540000,1166.50000000,0.3038
1749266625,0.31590000,155.30000000,0.3038
1749266625,0.31600000,387.20000000,0.3038
1749266926,0.30370000,3446.90000000,0.3037
1749266926,0.30380000,10764.70000000,0.3037
1749266926,0.30390000,17834.00000000,0.3037
1749266926,0.30400000,47443.30000000,0.3037
1749266926,0.30410000,59104.20000000,0.3037
1749266926,0.30420000,42616.50000000,0.3037
1749266926,0.30430000,20002.40000000,0.3037
1749266926,0.30440000,28247.20000000,0.3037
1749266926,0.30450000,11819.00000000,0.3037
1749266926,0.30460000,4440.00000000,0.3037
1749266926,0.30470000,7465.50000000,0.3037
1749266926,0.30480000,6172.70000000,0.3037
1749266926,0.30490000,1609.20000000,0.3037
1749266926,0.30500000,13377.40000000,0.3037
1749266926,0.30510000,15163.80000000,0.3037
1749266926,0.30520000,209971.30000000,0.3037
1749266926,0.30530000,7446.30000000,0.3037
1749266926,0.30540000,7168.20000000,0.3037
1749266926,0.30550000,4354.50000000,0.3037
1749266926,0.30560000,14056.80000000,0.3037
1749266926,0.30570000,5844.10000000,0.3037
1749266926,0.30580000,5937.10000000,0.3037
1749266926,0.30590000,928.30000000,0.3037
1749266926,0.30600000,12535.80000000,0.3037
1749266926,0.30610000,34686.20000000,0.3037
1749266926,0.30620000,138.60000000,0.3037
1749266926,0.30630000,10759.50000000,0.3037
1749266926,0.30640000,33558.00000000,0.3037
1749266926,0.30650000,928.20000000,0.3037
1749266926,0.30660000,10759.50000000,0.3037
1749266926,0.30670000,46748.20000000,0.3037
1749266926,0.30680000,1420.90000000,0.3037
1749266926,0.30690000,5527.60000000,0.3037
1749266926,0.30700000,1380.80000000,0.3037
1749266926,0.30710000,7899.20000000,0.3037
1749266926,0.30720000,4359.20000000,0.3037
1749266926,0.30730000,31300.70000000,0.3037
1749266926,0.30740000,93.40000000,0.3037
1749266926,0.30750000,4206.60000000,0.3037
1749266926,0.30760000,6665.60000000,0.3037
1749266926,0.30770000,93.40000000,0.3037
1749266926,0.30780000,3462.70000000,0.3037
1749266926,0.30790000,30170.80000000,0.3037
1749266926,0.30800000,767.80000000,0.3037
1749266926,0.30810000,9924.60000000,0.3037
1749266926,0.30820000,93.30000000,0.3037
1749266926,0.30830000,93.30000000,0.3037
1749266926,0.30840000,3389.90000000,0.3037
1749266926,0.30850000,110.30000000,0.3037
1749266926,0.30860000,14145.00000000,0.3037
1749266926,0.30870000,184.00000000,0.3037
1749266926,0.30880000,32592.40000000,0.3037
1749266926,0.30890000,4426.60000000,0.3037
1749266926,0.30900000,565.90000000,0.3037
1749266926,0.30910000,6647.40000000,0.3037
1749266926,0.30920000,2135.30000000,0.3037
1749266926,0.30930000,901.70000000,0.3037
1749266926,0.30940000,93.20000000,0.3037
1749266926,0.30950000,132.20000000,0.3037
1749266926,0.30960000,6647.40000000,0.3037
1749266926,0.30970000,775.40000000,0.3037
1749266926,0.30980000,545.30000000,0.3037
1749266926,0.30990000,126.40000000,0.3037
1749266926,0.31000000,7069.30000000,0.3037
1749266926,0.31010000,33.10000000,0.3037
1749266926,0.31020000,33.10000000,0.3037
1749266926,0.31030000,33.10000000,0.3037
1749266926,0.31040000,33.10000000,0.3037
1749266926,0.31050000,61.50000000,0.3037
1749266926,0.31060000,33.10000000,0.3037
1749266926,0.31070000,33.00000000,0.3037
1749266926,0.31080000,107.70000000,0.3037
1749266926,0.31090000,913.90000000,0.3037
1749266926,0.31100000,7443.90000000,0.3037
1749266926,0.31110000,391.60000000,0.3037
1749266926,0.31120000,33.00000000,0.3037
1749266926,0.31130000,112.50000000,0.3037
1749266926,0.31150000,20.40000000,0.3037
1749266926,0.31180000,125.50000000,0.3037
1749266926,0.31190000,39.50000000,0.3037
1749266926,0.31200000,10476.50000000,0.3037
1749266926,0.31230000,61.70000000,0.3037
1749266926,0.31240000,1000.00000000,0.3037
1749266926,0.31280000,100.30000000,0.3037
1749266926,0.31290000,125.40000000,0.3037
1749266926,0.31300000,3573.40000000,0.3037
1749266926,0.31330000,158.00000000,0.3037
1749266926,0.31360000,22.00000000,0.3037
1749266926,0.31380000,25.60000000,0.3037
1749266926,0.31390000,524.40000000,0.3037
1749266926,0.31400000,278.90000000,0.3037
1749266926,0.31410000,67.20000000,0.3037
1749266926,0.31420000,55.00000000,0.3037
1749266926,0.31450000,5353.30000000,0.3037
1749266926,0.31480000,72.70000000,0.3037
1749266926,0.31490000,74.70000000,0.3037
1749266926,0.31500000,3551.50000000,0.3037
1749266926,0.31530000,35.00000000,0.3037
1749266926,0.31540000,1166.50000000,0.3037
1749266926,0.31590000,155.30000000,0.3037
1749267228,0.30290000,166.10000000,0.3028
1749267228,0.30300000,3631.90000000,0.3028
1749267228,0.30310000,15912.30000000,0.3028
1749267228,0.30320000,47722.10000000,0.3028
1749267228,0.30330000,42094.90000000,0.3028
1749267228,0.30340000,49247.00000000,0.3028
1749267228,0.30350000,50391.90000000,0.3028
1749267228,0.30360000,20244.90000000,0.3028
1749267228,0.30370000,1629.30000000,0.3028
1749267228,0.30380000,19843.20000000,0.3028
1749267228,0.30390000,2931.30000000,0.3028
1749267228,0.30400000,4463.90000000,0.3028
1749267228,0.30410000,8497.40000000,0.3028
1749267228,0.30420000,18427.50000000,0.3028
1749267228,0.30430000,1714.80000000,0.3028
1749267228,0.30440000,13221.90000000,0.3028
1749267228,0.30450000,892.30000000,0.3028
1749267228,0.30460000,4163.70000000,0.3028
1749267228,0.30470000,7421.80000000,0.3028
1749267228,0.30480000,7179.60000000,0.3028
1749267228,0.30490000,867.50000000,0.3028
1749267228,0.30500000,10998.80000000,0.3028
1749267228,0.30510000,867.40000000,0.3028
1749267228,0.30520000,209988.80000000,0.3028
1749267228,0.30530000,41447.00000000,0.3028
1749267228,0.30540000,5056.70000000,0.3028
1749267228,0.30550000,3450.10000000,0.3028
1749267228,0.30560000,14056.80000000,0.3028
1749267228,0.30570000,5024.90000000,0.3028
1749267228,0.30580000,22156.10000000,0.3028
1749267228,0.30590000,928.30000000,0.3028
1749267228,0.30600000,12535.80000000,0.3028
1749267228,0.30610000,32569.50000000,0.3028
1749267228,0.30620000,138.60000000,0.3028
1749267228,0.30630000,10759.50000000,0.3028
1749267228,0.30640000,136.20000000,0.3028
1749267228,0.30650000,928.20000000,0.3028
1749267228,0.30660000,10734.80000000,0.3028
1749267228,0.30670000,30925.50000000,0.3028
1749267228,0.30680000,186.20000000,0.3028
1749267228,0.30690000,3396.80000000,0.3028
1749267228,0.30700000,546.10000000,0.3028
1749267228,0.30710000,7064.60000000,0.3028
1749267228,0.30720000,3549.20000000,0.3028
1749267228,0.30730000,30490.70000000,0.3028
1749267228,0.30740000,93.40000000,0.3028
1749267228,0.30750000,3396.60000000,0.3028
1749267228,0.30760000,6647.60000000,0.3028
1749267228,0.30770000,93.40000000,0.3028
1749267228,0.30780000,35926.20000000,0.3028
1749267228,0.30790000,30170.80000000,0.3028
1749267228,0.30800000,408.80000000,0.3028
1749267228,0.30810000,9924.60000000,0.3028
1749267228,0.30820000,93.30000000,0.3028
1749267228,0.30830000,4426.70000000,0.3028
1749267228,0.30840000,3389.90000000,0.3028
1749267228,0.30850000,110.30000000,0.3028
1749267228,0.30860000,14145.00000000,0.3028
1749267228,0.30870000,184.00000000,0.3028
1749267228,0.30880000,234.10000000,0.3028
1749267228,0.30890000,93.20000000,0.3028
1749267228,0.30900000,565.90000000,0.3028
1749267228,0.30910000,6647.40000000,0.3028
1749267228,0.30920000,2135.30000000,0.3028
1749267228,0.30930000,901.70000000,0.3028
1749267228,0.30940000,93.20000000,0.3028
1749267228,0.30950000,132.20000000,0.3028
1749267228,0.30960000,6647.40000000,0.3028
1749267228,0.30970000,775.40000000,0.3028
1749267228,0.30980000,574.40000000,0.3028
1749267228,0.30990000,126.40000000,0.3028
1749267228,0.31000000,7069.30000000,0.3028
1749267228,0.31010000,33.10000000,0.3028
1749267228,0.31020000,33.10000000,0.3028
1749267228,0.31030000,33.10000000,0.3028
1749267228,0.31040000,33.10000000,0.3028
1749267228,0.31050000,28.40000000,0.3028
1749267228,0.31080000,74.70000000,0.3028
1749267228,0.31090000,880.90000000,0.3028
1749267228,0.31100000,7410.90000000,0.3028
1749267228,0.31110000,358.60000000,0.3028
1749267228,0.31130000,112.50000000,0.3028
1749267228,0.31150000,20.40000000,0.3028
1749267228,0.31180000,125.50000000,0.3028
1749267228,0.31190000,39.50000000,0.3028
1749267228,0.31200000,10476.50000000,0.3028
1749267228,0.31230000,61.70000000,0.3028
1749267228,0.31240000,1000.00000000,0.3028
1749267228,0.31280000,100.30000000,0.3028
1749267228,0.31290000,125.40000000,0.3028
1749267228,0.31300000,3573.40000000,0.3028
1749267228,0.31330000,158.00000000,0.3028
1749267228,0.31360000,22.00000000,0.3028
1749267228,0.31380000,25.60000000,0.3028
1749267228,0.31390000,524.40000000,0.3028
1749267228,0.31400000,278.90000000,0.3028
1749267228,0.31410000,67.20000000,0.3028
1749267228,0.31420000,55.00000000,0.3028
1749267228,0.31450000,5353.30000000,0.3028
1749267228,0.31480000,72.70000000,0.3028
1749267529,0.30310000,5532.60000000,0.3031
1749267529,0.30320000,17485.40000000,0.3031
1749267529,0.30330000,32206.80000000,0.3031
1749267529,0.30340000,53055.30000000,0.3031
1749267529,0.30350000,58846.40000000,0.3031
1749267529,0.30360000,22562.00000000,0.3031
1749267529,0.30370000,8406.00000000,0.3031
1749267529,0.30380000,24835.70000000,0.3031
1749267529,0.30390000,9285.10000000,0.3031
1749267529,0.30400000,13505.10000000,0.3031
1749267529,0.30410000,7701.30000000,0.3031
1749267529,0.30420000,5758.50000000,0.3031
1749267529,0.30430000,4311.40000000,0.3031
1749267529,0.30440000,24144.90000000,0.3031
1749267529,0.30450000,937.30000000,0.3031
1749267529,0.30460000,204072.30000000,0.3031
1749267529,0.30470000,9156.70000000,0.3031
1749267529,0.30480000,4238.40000000,0.3031
1749267529,0.30490000,867.50000000,0.3031
1749267529,0.30500000,12839.60000000,0.3031
1749267529,0.30510000,1655.80000000,0.3031
1749267529,0.30520000,4205.70000000,0.3031
1749267529,0.30530000,8717.70000000,0.3031
1749267529,0.30540000,5056.70000000,0.3031
1749267529,0.30550000,3450.10000000,0.3031
1749267529,0.30560000,14056.80000000,0.3031
1749267529,0.30570000,37711.40000000,0.3031
1749267529,0.30580000,6319.10000000,0.3031
1749267529,0.30590000,928.30000000,0.3031
1749267529,0.30600000,28361.80000000,0.3031
1749267529,0.30610000,32569.50000000,0.3031
1749267529,0.30620000,138.60000000,0.3031
1749267529,0.30630000,10759.50000000,0.3031
1749267529,0.30640000,136.20000000,0.3031
1749267529,0.30650000,928.20000000,0.3031
1749267529,0.30660000,10734.80000000,0.3031
1749267529,0.30670000,30925.50000000,0.3031
1749267529,0.30680000,186.20000000,0.3031
1749267529,0.30690000,4206.80000000,0.3031
1749267529,0.30700000,1356.10000000,0.3031
1749267529,0.30710000,7874.60000000,0.3031
1749267529,0.30720000,3549.20000000,0.3031
1749267529,0.30730000,30490.70000000,0.3031
1749267529,0.30740000,93.40000000,0.3031
1749267529,0.30750000,3396.60000000,0.3031
1749267529,0.30760000,6647.60000000,0.3031
1749267529,0.30770000,93.40000000,0.3031
1749267529,0.30780000,35926.20000000,0.3031
1749267529,0.30790000,30170.80000000,0.3031
1749267529,0.30800000,408.80000000,0.3031
1749267529,0.30810000,9924.60000000,0.3031
1749267529,0.30820000,93.30000000,0.3031
1749267529,0.30830000,93.30000000,0.3031
1749267529,0.30840000,3389.90000000,0.3031
1749267529,0.30850000,110.30000000,0.3031
1749267529,0.30860000,14145.00000000,0.3031
1749267529,0.30870000,4517.40000000,0.3031
1749267529,0.30880000,234.10000000,0.3031
1749267529,0.30890000,93.20000000,0.3031
1749267529,0.30900000,565.90000000,0.3031
1749267529,0.30910000,6647.40000000,0.3031
1749267529,0.30920000,2135.30000000,0.3031
1749267529,0.30930000,901.70000000,0.3031
1749267529,0.30940000,93.20000000,0.3031
1749267529,0.30950000,132.20000000,0.3031
1749267529,0.30960000,6647.40000000,0.3031
1749267529,0.30970000,775.40000000,0.3031
1749267529,0.30980000,574.40000000,0.3031
1749267529,0.30990000,126.40000000,0.3031
1749267529,0.31000000,7069.30000000,0.3031
1749267529,0.31010000,33.10000000,0.3031
1749267529,0.31020000,33.10000000,0.3031
1749267529,0.31030000,33.10000000,0.3031
1749267529,0.31040000,33.10000000,0.3031
1749267529,0.31050000,61.50000000,0.3031
1749267529,0.31060000,33.10000000,0.3031
1749267529,0.31080000,74.70000000,0.3031
1749267529,0.31090000,880.90000000,0.3031
1749267529,0.31100000,7410.90000000,0.3031
1749267529,0.31110000,358.60000000,0.3031
1749267529,0.31130000,112.50000000,0.3031
1749267529,0.31150000,20.40000000,0.3031
1749267529,0.31180000,125.50000000,0.3031
1749267529,0.31190000,39.50000000,0.3031
1749267529,0.31200000,10476.50000000,0.3031
1749267529,0.31230000,61.70000000,0.3031
1749267529,0.31240000,1000.00000000,0.3031
1749267529,0.31280000,100.30000000,0.3031
1749267529,0.31290000,125.40000000,0.3031
1749267529,0.31300000,3573.40000000,0.3031
1749267529,0.31330000,158.00000000,0.3031
1749267529,0.31360000,22.00000000,0.3031
1749267529,0.31380000,25.60000000,0.3031
1749267529,0.31390000,524.40000000,0.3031
1749267529,0.31400000,278.90000000,0.3031
1749267529,0.31410000,67.20000000,0.3031
1749267529,0.31420000,55.00000000,0.3031
1749267529,0.31450000,5353.30000000,0.3031
1749267529,0.31480000,72.70000000,0.3031
1749267529,0.31490000,74.70000000,0.3031
1749267831,0.30380000,222.30000000,0.3038
1749267831,0.30390000,24012.90000000,0.3038
1749267831,0.30400000,55694.30000000,0.3038
1749267831,0.30410000,29180.80000000,0.3038
1749267831,0.30420000,78873.80000000,0.3038
1749267831,0.30430000,37038.30000000,0.3038
1749267831,0.30440000,23270.40000000,0.3038
1749267831,0.30450000,17660.30000000,0.3038
1749267831,0.30460000,138703.60000000,0.3038
1749267831,0.30470000,35797.30000000,0.3038
1749267831,0.30480000,4538.00000000,0.3038
1749267831,0.30490000,1171.80000000,0.3038
