timestamp,price,volume,current_price
1749254666,0.29780000,33.60000000,0.2978
1749254666,0.29790000,8828.00000000,0.2978
1749254666,0.29800000,12505.50000000,0.2978
1749254666,0.29810000,28059.70000000,0.2978
1749254666,0.29820000,63937.40000000,0.2978
1749254666,0.29830000,76761.60000000,0.2978
1749254666,0.29840000,60268.20000000,0.2978
1749254666,0.29850000,48730.80000000,0.2978
1749254666,0.29860000,13641.50000000,0.2978
1749254666,0.29870000,4190.00000000,0.2978
1749254666,0.29880000,9185.70000000,0.2978
1749254666,0.29890000,17960.00000000,0.2978
1749254666,0.29900000,4342.50000000,0.2978
1749254666,0.29910000,10744.00000000,0.2978
1749254666,0.29920000,125787.90000000,0.2978
1749254666,0.29930000,4170.80000000,0.2978
1749254666,0.29940000,7550.70000000,0.2978
1749254666,0.29950000,4170.80000000,0.2978
1749254666,0.29960000,954.60000000,0.2978
1749254666,0.29970000,11571.70000000,0.2978
1749254666,0.29980000,971.10000000,0.2978
1749254666,0.29990000,6279.80000000,0.2978
1749254666,0.30000000,7858.70000000,0.2978
1749254666,0.30010000,4605.60000000,0.2978
1749254666,0.30020000,118.40000000,0.2978
1749254666,0.30030000,10759.70000000,0.2978
1749254666,0.30040000,50331.20000000,0.2978
1749254666,0.30050000,3395.40000000,0.2978
1749254666,0.30060000,6672.50000000,0.2978
1749254666,0.30070000,3395.40000000,0.2978
1749254666,0.30080000,1433.40000000,0.2978
1749254666,0.30090000,10044.70000000,0.2978
1749254666,0.30100000,218.30000000,0.2978
1749254666,0.30110000,3395.40000000,0.2978
1749254666,0.30120000,6691.50000000,0.2978
1749254666,0.30130000,3417.50000000,0.2978
1749254666,0.30140000,93.30000000,0.2978
1749254666,0.30150000,9924.60000000,0.2978
1749254666,0.30160000,112.30000000,0.2978
1749254666,0.30170000,3370.40000000,0.2978
1749254666,0.30180000,6647.50000000,0.2978
1749254666,0.30190000,3445.10000000,0.2978
1749254666,0.30200000,212.30000000,0.2978
1749254666,0.30210000,9924.60000000,0.2978
1749254666,0.30220000,93.30000000,0.2978
1749254666,0.30230000,3548.00000000,0.2978
1749254666,0.30240000,93.30000000,0.2978
1749254666,0.30250000,9924.60000000,0.2978
1749254666,0.30260000,93.30000000,0.2978
1749254666,0.30270000,3370.40000000,0.2978
1749254666,0.30280000,41321.90000000,0.2978
1749254666,0.30290000,3445.10000000,0.2978
1749254666,0.30300000,193.30000000,0.2978
1749254666,0.30310000,10258.30000000,0.2978
1749254666,0.30320000,4426.70000000,0.2978
1749254666,0.30330000,3370.40000000,0.2978
1749254666,0.30340000,6647.50000000,0.2978
1749254666,0.30350000,3390.80000000,0.2978
1749254666,0.30360000,110.80000000,0.2978
1749254666,0.30370000,3370.40000000,0.2978
1749254666,0.30380000,93.30000000,0.2978
1749254666,0.30390000,3445.10000000,0.2978
1749254666,0.30400000,193.30000000,0.2978
1749254666,0.30410000,3370.40000000,0.2978
1749254666,0.30420000,93.30000000,0.2978
1749254666,0.30430000,3370.40000000,0.2978
1749254666,0.30440000,93.30000000,0.2978
1749254666,0.30450000,3820.10000000,0.2978
1749254666,0.30460000,93.30000000,0.2978
1749254666,0.30470000,3387.40000000,0.2978
1749254666,0.30480000,168.40000000,0.2978
1749254666,0.30490000,3370.80000000,0.2978
1749254666,0.30500000,3707.70000000,0.2978
1749254666,0.30510000,3370.80000000,0.2978
1749254666,0.30520000,93.70000000,0.2978
1749254666,0.30530000,93.60000000,0.2978
1749254666,0.30540000,978.80000000,0.2978
1749254666,0.30550000,121.60000000,0.2978
1749254666,0.30560000,60.00000000,0.2978
1749254666,0.30570000,60.00000000,0.2978
1749254666,0.30580000,134.70000000,0.2978
1749254666,0.30590000,60.00000000,0.2978
1749254666,0.30600000,160.00000000,0.2978
1749254666,0.30610000,30060.00000000,0.2978
1749254666,0.30620000,80.40000000,0.2978
1749254666,0.30630000,60.00000000,0.2978
1749254666,0.30640000,60.00000000,0.2978
1749254666,0.30650000,60.00000000,0.2978
1749254666,0.30660000,60.00000000,0.2978
1749254666,0.30670000,30082.00000000,0.2978
1749254666,0.30680000,134.70000000,0.2978
1749254666,0.30690000,86.20000000,0.2978
1749254666,0.30700000,186.90000000,0.2978
1749254666,0.30710000,477.00000000,0.2978
1749254666,0.30720000,220.70000000,0.2978
1749254666,0.30730000,30296.70000000,0.2978
1749254666,0.30740000,60.00000000,0.2978
1749254666,0.30750000,86.10000000,0.2978
1749254666,0.30760000,60.00000000,0.2978
1749254666,0.30770000,60.00000000,0.2978
1749254991,0.29770000,3271.20000000,0.2976
1749254991,0.29780000,16759.20000000,0.2976
1749254991,0.29790000,39498.40000000,0.2976
1749254991,0.29800000,72327.20000000,0.2976
1749254991,0.29810000,44066.40000000,0.2976
1749254991,0.29820000,46576.60000000,0.2976
1749254991,0.29830000,51087.40000000,0.2976
1749254991,0.29840000,36492.90000000,0.2976
1749254991,0.29850000,11380.80000000,0.2976
1749254991,0.29860000,996.90000000,0.2976
1749254991,0.29870000,10725.20000000,0.2976
1749254991,0.29880000,3303.30000000,0.2976
1749254991,0.29890000,17069.00000000,0.2976
1749254991,0.29900000,4342.60000000,0.2976
1749254991,0.29910000,12359.80000000,0.2976
1749254991,0.29920000,124013.10000000,0.2976
1749254991,0.29930000,4170.80000000,0.2976
1749254991,0.29940000,8292.30000000,0.2976
1749254991,0.29950000,5918.50000000,0.2976
1749254991,0.29960000,954.80000000,0.2976
1749254991,0.29970000,10699.80000000,0.2976
1749254991,0.29980000,3087.70000000,0.2976
1749254991,0.29990000,4145.60000000,0.2976
1749254991,0.30000000,7775.00000000,0.2976
1749254991,0.30010000,4605.60000000,0.2976
1749254991,0.30020000,118.40000000,0.2976
1749254991,0.30030000,44036.60000000,0.2976
1749254991,0.30040000,137.40000000,0.2976
1749254991,0.30050000,20321.40000000,0.2976
1749254991,0.30060000,7482.50000000,0.2976
1749254991,0.30070000,4205.40000000,0.2976
1749254991,0.30080000,1433.40000000,0.2976
1749254991,0.30090000,10044.70000000,0.2976
1749254991,0.30100000,218.30000000,0.2976
1749254991,0.30110000,3395.40000000,0.2976
1749254991,0.30120000,6691.50000000,0.2976
1749254991,0.30130000,3417.50000000,0.2976
1749254991,0.30140000,93.30000000,0.2976
1749254991,0.30150000,9924.60000000,0.2976
1749254991,0.30160000,112.30000000,0.2976
1749254991,0.30170000,3370.40000000,0.2976
1749254991,0.30180000,6647.50000000,0.2976
1749254991,0.30190000,3445.10000000,0.2976
1749254991,0.30200000,212.30000000,0.2976
1749254991,0.30210000,9924.60000000,0.2976
1749254991,0.30220000,93.30000000,0.2976
1749254991,0.30230000,3548.00000000,0.2976
1749254991,0.30240000,93.30000000,0.2976
1749254991,0.30250000,9924.60000000,0.2976
1749254991,0.30260000,93.30000000,0.2976
1749254991,0.30270000,7703.80000000,0.2976
1749254991,0.30280000,41321.90000000,0.2976
1749254991,0.30290000,3445.10000000,0.2976
1749254991,0.30300000,193.30000000,0.2976
1749254991,0.30310000,10258.30000000,0.2976
1749254991,0.30320000,93.30000000,0.2976
1749254991,0.30330000,3370.40000000,0.2976
1749254991,0.30340000,6647.50000000,0.2976
1749254991,0.30350000,3390.80000000,0.2976
1749254991,0.30360000,110.80000000,0.2976
1749254991,0.30370000,3370.40000000,0.2976
1749254991,0.30380000,93.30000000,0.2976
1749254991,0.30390000,3445.10000000,0.2976
1749254991,0.30400000,193.30000000,0.2976
1749254991,0.30410000,3370.40000000,0.2976
1749254991,0.30420000,93.30000000,0.2976
1749254991,0.30430000,3370.40000000,0.2976
1749254991,0.30440000,93.30000000,0.2976
1749254991,0.30450000,3820.10000000,0.2976
1749254991,0.30460000,93.30000000,0.2976
1749254991,0.30470000,3387.40000000,0.2976
1749254991,0.30480000,168.40000000,0.2976
1749254991,0.30490000,3370.80000000,0.2976
1749254991,0.30500000,3707.70000000,0.2976
1749254991,0.30510000,3370.80000000,0.2976
1749254991,0.30520000,93.70000000,0.2976
1749254991,0.30530000,60.00000000,0.2976
1749254991,0.30540000,978.80000000,0.2976
1749254991,0.30550000,121.60000000,0.2976
1749254991,0.30560000,60.00000000,0.2976
1749254991,0.30570000,60.00000000,0.2976
1749254991,0.30580000,134.70000000,0.2976
1749254991,0.30590000,60.00000000,0.2976
1749254991,0.30600000,160.00000000,0.2976
1749254991,0.30610000,30060.00000000,0.2976
1749254991,0.30620000,80.40000000,0.2976
1749254991,0.30630000,60.00000000,0.2976
1749254991,0.30640000,60.00000000,0.2976
1749254991,0.30650000,60.00000000,0.2976
1749254991,0.30660000,60.00000000,0.2976
1749254991,0.30670000,30082.00000000,0.2976
1749254991,0.30680000,134.70000000,0.2976
1749254991,0.30690000,86.20000000,0.2976
1749254991,0.30700000,186.90000000,0.2976
1749254991,0.30710000,477.00000000,0.2976
1749254991,0.30720000,220.70000000,0.2976
1749254991,0.30730000,30296.70000000,0.2976
1749254991,0.30740000,60.00000000,0.2976
1749254991,0.30750000,86.10000000,0.2976
1749254991,0.30760000,60.00000000,0.2976
