timestamp,price,volume,current_price
1749254579,0.80510000,32.30000000,0.805
1749254579,0.80520000,772.90000000,0.805
1749254579,0.80530000,1464.60000000,0.805
1749254579,0.80540000,2583.40000000,0.805
1749254579,0.80550000,6847.30000000,0.805
1749254579,0.80560000,1545.30000000,0.805
1749254579,0.80570000,1766.60000000,0.805
1749254579,0.80580000,1726.00000000,0.805
1749254579,0.80590000,1613.50000000,0.805
1749254579,0.80600000,2613.50000000,0.805
1749254579,0.80610000,2343.50000000,0.805
1749254579,0.80620000,6242.10000000,0.805
1749254579,0.80630000,1259.80000000,0.805
1749254579,0.80640000,1741.00000000,0.805
1749254579,0.80650000,3272.70000000,0.805
1749254579,0.80660000,3833.10000000,0.805
1749254579,0.80670000,6130.50000000,0.805
1749254579,0.80680000,5056.10000000,0.805
1749254579,0.80690000,4142.10000000,0.805
1749254579,0.80700000,2560.20000000,0.805
1749254579,0.80710000,11336.00000000,0.805
1749254579,0.80720000,5270.50000000,0.805
1749254579,0.80730000,1044.60000000,0.805
1749254579,0.80740000,542.20000000,0.805
1749254579,0.80750000,6190.20000000,0.805
1749254579,0.80760000,325.40000000,0.805
1749254579,0.80770000,2445.80000000,0.805
1749254579,0.80780000,318.50000000,0.805
1749254579,0.80790000,2480.80000000,0.805
1749254579,0.80800000,356.00000000,0.805
1749254579,0.80810000,327.80000000,0.805
1749254579,0.80820000,3042.40000000,0.805
1749254579,0.80830000,318.50000000,0.805
1749254579,0.80840000,12.50000000,0.805
1749254579,0.80850000,2488.40000000,0.805
1749254579,0.80860000,10149.00000000,0.805
1749254579,0.80870000,12.50000000,0.805
1749254579,0.80880000,19.40000000,0.805
1749254579,0.80890000,3046.70000000,0.805
1749254579,0.80900000,982.20000000,0.805
1749254579,0.80910000,2961.30000000,0.805
1749254579,0.80920000,26.40000000,0.805
1749254579,0.80930000,36.90000000,0.805
1749254579,0.80940000,2146.20000000,0.805
1749254579,0.80950000,50.90000000,0.805
1749254579,0.80960000,234.00000000,0.805
1749254579,0.80970000,21.80000000,0.805
1749254579,0.80980000,12.50000000,0.805
1749254579,0.80990000,2137.60000000,0.805
1749254579,0.81000000,706.40000000,0.805
1749254579,0.81010000,21.80000000,0.805
1749254579,0.81020000,2138.40000000,0.805
1749254579,0.81030000,12.50000000,0.805
1749254579,0.81040000,12.50000000,0.805
1749254579,0.81050000,2489.20000000,0.805
1749254579,0.81060000,269.80000000,0.805
1749254579,0.81070000,12.50000000,0.805
1749254579,0.81080000,2143.30000000,0.805
1749254579,0.81090000,21.80000000,0.805
1749254579,0.81100000,12.50000000,0.805
1749254579,0.81110000,2133.40000000,0.805
1749254579,0.81120000,19.30000000,0.805
1749254579,0.81130000,12262.40000000,0.805
1749254579,0.81140000,17496.70000000,0.805
1749254579,0.81150000,56.80000000,0.805
1749254579,0.81160000,12.50000000,0.805
1749254579,0.81170000,24196.20000000,0.805
1749254579,0.81180000,19.30000000,0.805
1749254579,0.81190000,19.20000000,0.805
1749254579,0.81200000,12.50000000,0.805
1749254579,0.81210000,21.80000000,0.805
1749254579,0.81220000,12.50000000,0.805
1749254579,0.81230000,12.50000000,0.805
1749254579,0.81240000,30.10000000,0.805
1749254579,0.81250000,28.30000000,0.805
1749254579,0.81260000,44.00000000,0.805
1749254579,0.81290000,630.00000000,0.805
1749254579,0.81330000,9.30000000,0.805
1749254579,0.81340000,85.30000000,0.805
1749254579,0.81350000,6.50000000,0.805
1749254579,0.81370000,16.70000000,0.805
1749254579,0.81400000,35.10000000,0.805
1749254579,0.81410000,472.30000000,0.805
1749254579,0.81430000,7.40000000,0.805
1749254579,0.81450000,9.30000000,0.805
1749254579,0.81480000,35.20000000,0.805
1749254579,0.81490000,9.30000000,0.805
1749254579,0.81500000,24496.40000000,0.805
1749254579,0.81510000,4268.50000000,0.805
1749254579,0.81530000,9.30000000,0.805
1749254579,0.81540000,13.00000000,0.805
1749254579,0.81560000,16.70000000,0.805
1749254579,0.81570000,15.80000000,0.805
1749254579,0.81600000,6.60000000,0.805
1749254579,0.81610000,9.30000000,0.805
1749254579,0.81620000,6.50000000,0.805
1749254579,0.81630000,12.40000000,0.805
1749254579,0.81640000,14.30000000,0.805
1749254579,0.81650000,9.30000000,0.805
1749254579,0.81690000,9.30000000,0.805
1749254890,0.80610000,958.00000000,0.806
1749254890,0.80620000,812.60000000,0.806
1749254890,0.80630000,4485.40000000,0.806
1749254890,0.80640000,6109.50000000,0.806
1749254890,0.80650000,758.20000000,0.806
1749254890,0.80660000,748.80000000,0.806
1749254890,0.80670000,1587.80000000,0.806
1749254890,0.80680000,1636.00000000,0.806
1749254890,0.80690000,3468.10000000,0.806
1749254890,0.80700000,6747.70000000,0.806
1749254890,0.80710000,18630.10000000,0.806
1749254890,0.80720000,1460.10000000,0.806
1749254890,0.80730000,1981.20000000,0.806
1749254890,0.80740000,3514.60000000,0.806
1749254890,0.80750000,8416.10000000,0.806
1749254890,0.80760000,4473.10000000,0.806
1749254890,0.80770000,3823.10000000,0.806
1749254890,0.80780000,6089.50000000,0.806
1749254890,0.80790000,4994.80000000,0.806
1749254890,0.80800000,362.90000000,0.806
1749254890,0.80810000,4048.80000000,0.806
1749254890,0.80820000,2455.80000000,0.806
1749254890,0.80830000,318.50000000,0.806
1749254890,0.80840000,542.30000000,0.806
1749254890,0.80850000,2457.40000000,0.806
1749254890,0.80860000,318.50000000,0.806
1749254890,0.80870000,318.50000000,0.806
1749254890,0.80880000,19.40000000,0.806
1749254890,0.80890000,2457.10000000,0.806
1749254890,0.80900000,951.20000000,0.806
1749254890,0.80910000,3267.30000000,0.806
1749254890,0.80920000,10513.40000000,0.806
1749254890,0.80930000,36.90000000,0.806
1749254890,0.80940000,2452.20000000,0.806
1749254890,0.80950000,325.90000000,0.806
1749254890,0.80960000,540.00000000,0.806
1749254890,0.80970000,983.90000000,0.806
1749254890,0.80980000,12.50000000,0.806
1749254890,0.80990000,2443.60000000,0.806
1749254890,0.81000000,19.30000000,0.806
1749254890,0.81010000,21.80000000,0.806
1749254890,0.81020000,2138.40000000,0.806
1749254890,0.81030000,602.10000000,0.806
1749254890,0.81040000,12.50000000,0.806
1749254890,0.81050000,2147.70000000,0.806
1749254890,0.81060000,269.80000000,0.806
1749254890,0.81070000,12.50000000,0.806
1749254890,0.81080000,2143.30000000,0.806
1749254890,0.81090000,21.80000000,0.806
1749254890,0.81100000,12.50000000,0.806
1749254890,0.81110000,2133.40000000,0.806
1749254890,0.81120000,19.30000000,0.806
1749254890,0.81130000,14385.40000000,0.806
1749254890,0.81140000,5157.70000000,0.806
1749254890,0.81150000,56.80000000,0.806
1749254890,0.81160000,2134.70000000,0.806
1749254890,0.81170000,18074.80000000,0.806
1749254890,0.81180000,19.30000000,0.806
1749254890,0.81190000,19.20000000,0.806
1749254890,0.81200000,12.50000000,0.806
1749254890,0.81210000,21.80000000,0.806
1749254890,0.81220000,10225.70000000,0.806
1749254890,0.81230000,12.50000000,0.806
1749254890,0.81240000,30.10000000,0.806
1749254890,0.81250000,28.30000000,0.806
1749254890,0.81260000,44.00000000,0.806
1749254890,0.81270000,12.50000000,0.806
1749254890,0.81280000,12.50000000,0.806
1749254890,0.81290000,642.50000000,0.806
1749254890,0.81300000,12.50000000,0.806
1749254890,0.81310000,12.50000000,0.806
1749254890,0.81320000,12.50000000,0.806
1749254890,0.81330000,21.80000000,0.806
1749254890,0.81340000,97.80000000,0.806
1749254890,0.81350000,19.00000000,0.806
1749254890,0.81360000,12.50000000,0.806
1749254890,0.81370000,16.70000000,0.806
1749254890,0.81400000,35.10000000,0.806
1749254890,0.81410000,472.30000000,0.806
1749254890,0.81430000,7.40000000,0.806
1749254890,0.81450000,2637.30000000,0.806
1749254890,0.81480000,35.20000000,0.806
1749254890,0.81490000,9.30000000,0.806
1749254890,0.81500000,10.60000000,0.806
1749254890,0.81510000,4268.50000000,0.806
1749254890,0.81530000,9.30000000,0.806
1749254890,0.81540000,13.00000000,0.806
1749254890,0.81560000,16.70000000,0.806
1749254890,0.81570000,15.80000000,0.806
1749254890,0.81600000,6.60000000,0.806
1749254890,0.81610000,9.30000000,0.806
1749254890,0.81620000,6.50000000,0.806
1749254890,0.81630000,12.40000000,0.806
1749254890,0.81640000,14.30000000,0.806
1749254890,0.81650000,9.30000000,0.806
1749254890,0.81690000,9.30000000,0.806
1749254890,0.81730000,17.60000000,0.806
1749254890,0.81760000,68.80000000,0.806
1749254890,0.81800000,6.70000000,0.806
1749254890,0.81810000,30613.80000000,0.806
