timestamp,price,volume,current_price
1749260748,0.80850000,783.30000000,0.8084
1749260748,0.80860000,455.80000000,0.8084
1749260748,0.80870000,2319.80000000,0.8084
1749260748,0.80880000,9743.00000000,0.8084
1749260748,0.80890000,5719.60000000,0.8084
1749260748,0.80900000,3662.10000000,0.8084
1749260748,0.80910000,13860.70000000,0.8084
1749260748,0.80920000,5053.60000000,0.8084
1749260748,0.80930000,6397.10000000,0.8084
1749260748,0.80940000,7506.70000000,0.8084
1749260748,0.80950000,15986.30000000,0.8084
1749260748,0.80960000,5298.00000000,0.8084
1749260748,0.80970000,19105.40000000,0.8084
1749260748,0.80980000,27545.70000000,0.8084
1749260748,0.80990000,18253.20000000,0.8084
1749260748,0.81000000,17958.60000000,0.8084
1749260748,0.81010000,27064.20000000,0.8084
1749260748,0.81020000,59445.10000000,0.8084
1749260748,0.81030000,29768.00000000,0.8084
1749260748,0.81040000,5251.40000000,0.8084
1749260748,0.81050000,4035.80000000,0.8084
1749260748,0.81060000,2435.60000000,0.8084
1749260748,0.81070000,318.40000000,0.8084
1749260748,0.81080000,1574.00000000,0.8084
1749260748,0.81090000,21.70000000,0.8084
1749260748,0.81100000,5247.30000000,0.8084
1749260748,0.81110000,2429.30000000,0.8084
1749260748,0.81120000,19.20000000,0.8084
1749260748,0.81130000,2445.50000000,0.8084
1749260748,0.81140000,10072.60000000,0.8084
1749260748,0.81150000,75.50000000,0.8084
1749260748,0.81160000,2426.70000000,0.8084
1749260748,0.81170000,327.70000000,0.8084
1749260748,0.81180000,6419.90000000,0.8084
1749260748,0.81190000,3098.60000000,0.8084
1749260748,0.81200000,950.80000000,0.8084
1749260748,0.81210000,30.90000000,0.8084
1749260748,0.81220000,2425.40000000,0.8084
1749260748,0.81230000,20.20000000,0.8084
1749260748,0.81240000,2663.60000000,0.8084
1749260748,0.81250000,584.70000000,0.8084
1749260748,0.81260000,43.90000000,0.8084
1749260748,0.81270000,905.00000000,0.8084
1749260748,0.81280000,19.80000000,0.8084
1749260748,0.81290000,2433.40000000,0.8084
1749260748,0.81300000,19.20000000,0.8084
1749260748,0.81310000,19.80000000,0.8084
1749260748,0.81320000,29.60000000,0.8084
1749260748,0.81330000,21.70000000,0.8084
1749260748,0.81340000,21.40000000,0.8084
1749260748,0.81350000,18.90000000,0.8084
1749260748,0.81360000,19.10000000,0.8084
1749260748,0.81370000,21.60000000,0.8084
1749260748,0.81380000,8257.70000000,0.8084
1749260748,0.81390000,8248.10000000,0.8084
1749260748,0.81400000,18020.10000000,0.8084
1749260748,0.81410000,21.80000000,0.8084
1749260748,0.81420000,27.20000000,0.8084
1749260748,0.81430000,19.90000000,0.8084
1749260748,0.81440000,637.20000000,0.8084
1749260748,0.81450000,32.30000000,0.8084
1749260748,0.81460000,20.30000000,0.8084
1749260748,0.81470000,10189.90000000,0.8084
1749260748,0.81480000,12.40000000,0.8084
1749260748,0.81490000,21.70000000,0.8084
1749260748,0.81500000,30.40000000,0.8084
1749260748,0.81510000,4323.10000000,0.8084
1749260748,0.81520000,12.40000000,0.8084
1749260748,0.81530000,2180.70000000,0.8084
1749260748,0.81540000,25.40000000,0.8084
1749260748,0.81550000,12.40000000,0.8084
1749260748,0.81560000,2338.10000000,0.8084
1749260748,0.81570000,28.20000000,0.8084
1749260748,0.81580000,229.70000000,0.8084
1749260748,0.81590000,258.10000000,0.8084
1749260748,0.81600000,19.00000000,0.8084
1749260748,0.81610000,9.30000000,0.8084
1749260748,0.81620000,6.50000000,0.8084
1749260748,0.81630000,12.40000000,0.8084
1749260748,0.81640000,2342.10000000,0.8084
1749260748,0.81650000,9.30000000,0.8084
1749260748,0.81690000,9.30000000,0.8084
1749260748,0.81720000,2317.00000000,0.8084
1749260748,0.81730000,26.90000000,0.8084
1749260748,0.81750000,9.40000000,0.8084
1749260748,0.81760000,68.80000000,0.8084
1749260748,0.81770000,2541.30000000,0.8084
1749260748,0.81800000,6.70000000,0.8084
1749260748,0.81810000,15.90000000,0.8084
1749260748,0.81850000,26.00000000,0.8084
1749260748,0.81860000,7.80000000,0.8084
1749260748,0.81870000,44.30000000,0.8084
1749260748,0.81890000,15.80000000,0.8084
1749260748,0.81900000,21.20000000,0.8084
1749260748,0.81930000,9.30000000,0.8084
1749260748,0.81970000,9.30000000,0.8084
1749260748,0.82000000,892.60000000,0.8084
1749260748,0.82010000,9.30000000,0.8084
1749260748,0.82050000,9.30000000,0.8084
1749260748,0.82090000,30616.50000000,0.8084
1749261068,0.80820000,1667.90000000,0.8081
1749261068,0.80830000,1009.80000000,0.8081
1749261068,0.80840000,3990.60000000,0.8081
1749261068,0.80850000,6672.60000000,0.8081
1749261068,0.80860000,1076.40000000,0.8081
1749261068,0.80870000,888.00000000,0.8081
1749261068,0.80880000,10790.40000000,0.8081
1749261068,0.80890000,8697.30000000,0.8081
1749261068,0.80900000,1228.50000000,0.8081
1749261068,0.80910000,2772.50000000,0.8081
1749261068,0.80920000,3910.00000000,0.8081
1749261068,0.80930000,3128.90000000,0.8081
1749261068,0.80940000,4666.50000000,0.8081
1749261068,0.80950000,27779.70000000,0.8081
1749261068,0.80960000,42576.80000000,0.8081
1749261068,0.80970000,17766.40000000,0.8081
1749261068,0.80980000,16468.60000000,0.8081
1749261068,0.80990000,5342.60000000,0.8081
1749261068,0.81000000,7355.70000000,0.8081
1749261068,0.81010000,27277.00000000,0.8081
1749261068,0.81020000,28202.40000000,0.8081
1749261068,0.81030000,28200.10000000,0.8081
1749261068,0.81040000,16198.20000000,0.8081
1749261068,0.81050000,2191.70000000,0.8081
1749261068,0.81060000,11075.30000000,0.8081
1749261068,0.81070000,542.20000000,0.8081
1749261068,0.81080000,324.90000000,0.8081
1749261068,0.81090000,327.70000000,0.8081
1749261068,0.81100000,1811.50000000,0.8081
1749261068,0.81110000,7973.30000000,0.8081
1749261068,0.81120000,1286.20000000,0.8081
1749261068,0.81130000,2445.50000000,0.8081
1749261068,0.81140000,9974.40000000,0.8081
1749261068,0.81150000,381.50000000,0.8081
1749261068,0.81160000,2426.70000000,0.8081
1749261068,0.81170000,327.70000000,0.8081
1749261068,0.81180000,325.20000000,0.8081
1749261068,0.81190000,2442.50000000,0.8081
1749261068,0.81200000,327.80000000,0.8081
1749261068,0.81210000,336.90000000,0.8081
1749261068,0.81220000,2119.40000000,0.8081
1749261068,0.81230000,220.50000000,0.8081
1749261068,0.81240000,2153.00000000,0.8081
1749261068,0.81250000,278.70000000,0.8081
1749261068,0.81260000,43.90000000,0.8081
1749261068,0.81270000,12.40000000,0.8081
1749261068,0.81280000,606.40000000,0.8081
1749261068,0.81290000,2127.40000000,0.8081
1749261068,0.81300000,19.20000000,0.8081
1749261068,0.81310000,2133.60000000,0.8081
1749261068,0.81320000,685.70000000,0.8081
1749261068,0.81330000,2132.90000000,0.8081
1749261068,0.81340000,21.40000000,0.8081
1749261068,0.81350000,18.90000000,0.8081
1749261068,0.81360000,6140.50000000,0.8081
1749261068,0.81370000,5127.30000000,0.8081
1749261068,0.81380000,2136.30000000,0.8081
1749261068,0.81390000,2128.90000000,0.8081
1749261068,0.81400000,12.50000000,0.8081
1749261068,0.81410000,21.80000000,0.8081
1749261068,0.81420000,27.20000000,0.8081
1749261068,0.81430000,19.90000000,0.8081
1749261068,0.81440000,2751.80000000,0.8081
1749261068,0.81450000,10211.30000000,0.8081
1749261068,0.81460000,6139.50000000,0.8081
1749261068,0.81470000,217.00000000,0.8081
1749261068,0.81480000,19.20000000,0.8081
1749261068,0.81490000,21.70000000,0.8081
1749261068,0.81500000,30.40000000,0.8081
1749261068,0.81510000,4323.10000000,0.8081
1749261068,0.81520000,6133.80000000,0.8081
1749261068,0.81530000,18112.20000000,0.8081
1749261068,0.81540000,25.40000000,0.8081
1749261068,0.81550000,12.40000000,0.8081
1749261068,0.81560000,29.10000000,0.8081
1749261068,0.81570000,2165.20000000,0.8081
1749261068,0.81580000,217.30000000,0.8081
1749261068,0.81590000,245.70000000,0.8081
1749261068,0.81600000,6.60000000,0.8081
1749261068,0.81610000,9.30000000,0.8081
1749261068,0.81620000,6.50000000,0.8081
1749261068,0.81630000,12.40000000,0.8081
1749261068,0.81640000,22.10000000,0.8081
1749261068,0.81650000,9.30000000,0.8081
1749261068,0.81660000,2214.00000000,0.8081
1749261068,0.81680000,2234.00000000,0.8081
1749261068,0.81690000,2193.30000000,0.8081
1749261068,0.81730000,26.90000000,0.8081
1749261068,0.81750000,9.40000000,0.8081
1749261068,0.81760000,68.80000000,0.8081
1749261068,0.81770000,9.30000000,0.8081
1749261068,0.81790000,2312.00000000,0.8081
1749261068,0.81800000,6.70000000,0.8081
1749261068,0.81810000,15.90000000,0.8081
1749261068,0.81850000,26.00000000,0.8081
1749261068,0.81860000,7.80000000,0.8081
1749261068,0.81870000,44.30000000,0.8081
1749261068,0.81890000,15.80000000,0.8081
1749261068,0.81900000,21.20000000,0.8081
1749261068,0.81930000,9.30000000,0.8081
1749261377,0.80820000,1900.10000000,0.8082
1749261377,0.80830000,7456.20000000,0.8082
1749261377,0.80840000,2621.10000000,0.8082
1749261377,0.80850000,1093.50000000,0.8082
1749261377,0.80860000,5561.10000000,0.8082
1749261377,0.80870000,7545.10000000,0.8082
1749261377,0.80880000,22119.00000000,0.8082
1749261377,0.80890000,12698.90000000,0.8082
1749261377,0.80900000,4044.10000000,0.8082
1749261377,0.80910000,1484.20000000,0.8082
1749261377,0.80920000,4409.10000000,0.8082
1749261377,0.80930000,3056.80000000,0.8082
1749261377,0.80940000,8347.10000000,0.8082
1749261377,0.80950000,14099.20000000,0.8082
1749261377,0.80960000,36248.20000000,0.8082
1749261377,0.80970000,53527.20000000,0.8082
1749261377,0.80980000,33626.90000000,0.8082
1749261377,0.80990000,28005.10000000,0.8082
1749261377,0.81000000,7293.00000000,0.8082
1749261377,0.81010000,327.70000000,0.8082
1749261377,0.81020000,8342.00000000,0.8082
1749261377,0.81030000,318.40000000,0.8082
1749261377,0.81040000,2427.90000000,0.8082
1749261377,0.81050000,4037.30000000,0.8082
1749261377,0.81060000,5480.00000000,0.8082
1749261377,0.81070000,518.70000000,0.8082
1749261377,0.81080000,324.90000000,0.8082
1749261377,0.81090000,327.70000000,0.8082
1749261377,0.81100000,1379.70000000,0.8082
1749261377,0.81110000,318.40000000,0.8082
1749261377,0.81120000,19.20000000,0.8082
1749261377,0.81130000,1251.70000000,0.8082
1749261377,0.81140000,2128.00000000,0.8082
1749261377,0.81150000,10270.70000000,0.8082
1749261377,0.81160000,318.40000000,0.8082
1749261377,0.81170000,21.70000000,0.8082
1749261377,0.81180000,2134.80000000,0.8082
1749261377,0.81190000,6108.30000000,0.8082
1749261377,0.81200000,29.10000000,0.8082
1749261377,0.81210000,541.50000000,0.8082
1749261377,0.81220000,905.00000000,0.8082
1749261377,0.81230000,20.20000000,0.8082
1749261377,0.81240000,352.00000000,0.8082
1749261377,0.81250000,592.00000000,0.8082
1749261377,0.81260000,43.90000000,0.8082
1749261377,0.81270000,12.40000000,0.8082
1749261377,0.81280000,19.80000000,0.8082
1749261377,0.81290000,21.70000000,0.8082
1749261377,0.81300000,26.50000000,0.8082
1749261377,0.81310000,19.80000000,0.8082
1749261377,0.81320000,29.60000000,0.8082
1749261377,0.81330000,21.70000000,0.8082
1749261377,0.81340000,21.40000000,0.8082
1749261377,0.81350000,26.20000000,0.8082
1749261377,0.81360000,19.10000000,0.8082
1749261377,0.81370000,21.60000000,0.8082
1749261377,0.81380000,19.90000000,0.8082
1749261377,0.81390000,12253.10000000,0.8082
1749261377,0.81400000,17839.80000000,0.8082
1749261377,0.81410000,21.80000000,0.8082
1749261377,0.81420000,10213.40000000,0.8082
1749261377,0.81430000,19.90000000,0.8082
1749261377,0.81440000,637.20000000,0.8082
1749261377,0.81450000,39.60000000,0.8082
1749261377,0.81460000,20.20000000,0.8082
1749261377,0.81470000,12.40000000,0.8082
1749261377,0.81480000,6133.80000000,0.8082
1749261377,0.81490000,7430.70000000,0.8082
1749261377,0.81500000,67.50000000,0.8082
1749261377,0.81510000,4323.10000000,0.8082
1749261377,0.81520000,12.40000000,0.8082
1749261377,0.81530000,21.70000000,0.8082
1749261377,0.81540000,25.40000000,0.8082
1749261377,0.81550000,12.40000000,0.8082
1749261377,0.81560000,29.10000000,0.8082
1749261377,0.81570000,28.20000000,0.8082
1749261377,0.81580000,217.30000000,0.8082
1749261377,0.81590000,245.70000000,0.8082
1749261377,0.81600000,6.60000000,0.8082
1749261377,0.81610000,2254.30000000,0.8082
1749261377,0.81620000,6.50000000,0.8082
1749261377,0.81630000,12.40000000,0.8082
1749261377,0.81640000,22.10000000,0.8082
1749261377,0.81650000,9.30000000,0.8082
1749261377,0.81690000,2657.30000000,0.8082
1749261377,0.81730000,26.90000000,0.8082
1749261377,0.81750000,9.40000000,0.8082
1749261377,0.81760000,68.80000000,0.8082
1749261377,0.81770000,9.30000000,0.8082
1749261377,0.81800000,6.70000000,0.8082
1749261377,0.81810000,15.90000000,0.8082
1749261377,0.81850000,26.00000000,0.8082
1749261377,0.81860000,7.80000000,0.8082
1749261377,0.81870000,44.30000000,0.8082
1749261377,0.81890000,15.80000000,0.8082
1749261377,0.81900000,21.20000000,0.8082
1749261377,0.81930000,9.30000000,0.8082
1749261377,0.81970000,9.30000000,0.8082
1749261377,0.82000000,892.60000000,0.8082
1749261377,0.82010000,9.30000000,0.8082
1749261679,0.80740000,3426.30000000,0.8073
1749261679,0.80750000,3270.80000000,0.8073
1749261679,0.80760000,8736.60000000,0.8073
1749261679,0.80770000,844.90000000,0.8073
1749261679,0.80780000,1201.50000000,0.8073
1749261679,0.80790000,15006.20000000,0.8073
1749261679,0.80800000,17777.90000000,0.8073
1749261679,0.80810000,9369.10000000,0.8073
1749261679,0.80820000,1821.10000000,0.8073
1749261679,0.80830000,3320.50000000,0.8073
1749261679,0.80840000,1116.10000000,0.8073
1749261679,0.80850000,3833.80000000,0.8073
1749261679,0.80860000,4018.60000000,0.8073
1749261679,0.80870000,19602.50000000,0.8073
1749261679,0.80880000,40505.70000000,0.8073
1749261679,0.80890000,13326.10000000,0.8073
1749261679,0.80900000,53087.80000000,0.8073
1749261679,0.80910000,19565.70000000,0.8073
1749261679,0.80920000,14911.80000000,0.8073
1749261679,0.80930000,4256.90000000,0.8073
1749261679,0.80940000,6902.30000000,0.8073
1749261679,0.80950000,2147.60000000,0.8073
1749261679,0.80960000,4520.40000000,0.8073
1749261679,0.80970000,1458.50000000,0.8073
1749261679,0.80980000,7370.10000000,0.8073
1749261679,0.80990000,5253.90000000,0.8073
1749261679,0.81000000,2448.20000000,0.8073
1749261679,0.81010000,327.70000000,0.8073
1749261679,0.81020000,318.40000000,0.8073
1749261679,0.81030000,318.40000000,0.8073
1749261679,0.81040000,2427.90000000,0.8073
1749261679,0.81050000,2132.70000000,0.8073
1749261679,0.81060000,2441.60000000,0.8073
1749261679,0.81070000,2279.70000000,0.8073
1749261679,0.81080000,1289.90000000,0.8073
1749261679,0.81090000,10161.40000000,0.8073
1749261679,0.81100000,940.70000000,0.8073
1749261679,0.81110000,12.40000000,0.8073
1749261679,0.81120000,19.20000000,0.8073
1749261679,0.81130000,30.70000000,0.8073
1749261679,0.81140000,2434.00000000,0.8073
1749261679,0.81150000,82.80000000,0.8073
1749261679,0.81160000,326.30000000,0.8073
1749261679,0.81170000,2445.20000000,0.8073
1749261679,0.81180000,9148.80000000,0.8073
1749261679,0.81190000,6108.30000000,0.8073
1749261679,0.81200000,29.10000000,0.8073
1749261679,0.81210000,235.50000000,0.8073
1749261679,0.81220000,12.40000000,0.8073
1749261679,0.81230000,2137.90000000,0.8073
1749261679,0.81240000,46.00000000,0.8073
1749261679,0.81250000,286.00000000,0.8073
1749261679,0.81260000,2161.40000000,0.8073
1749261679,0.81270000,12.40000000,0.8073
1749261679,0.81280000,19.80000000,0.8073
1749261679,0.81290000,2138.40000000,0.8073
1749261679,0.81300000,26.50000000,0.8073
1749261679,0.81310000,19.80000000,0.8073
1749261679,0.81320000,2146.00000000,0.8073
1749261679,0.81330000,21.70000000,0.8073
1749261679,0.81340000,6140.60000000,0.8073
1749261679,0.81350000,12332.50000000,0.8073
1749261679,0.81360000,2137.10000000,0.8073
1749261679,0.81370000,21.60000000,0.8073
1749261679,0.81380000,609.50000000,0.8073
1749261679,0.81390000,6133.90000000,0.8073
1749261679,0.81400000,20038.80000000,0.8073
1749261679,0.81410000,21.80000000,0.8073
1749261679,0.81420000,19.30000000,0.8073
1749261679,0.81430000,19.90000000,0.8073
1749261679,0.81440000,2448.60000000,0.8073
1749261679,0.81450000,39.60000000,0.8073
1749261679,0.81460000,20.20000000,0.8073
1749261679,0.81470000,2705.40000000,0.8073
1749261679,0.81480000,2563.40000000,0.8073
1749261679,0.81490000,21.70000000,0.8073
1749261679,0.81500000,55.10000000,0.8073
1749261679,0.81510000,4310.70000000,0.8073
1749261679,0.81530000,9.30000000,0.8073
1749261679,0.81540000,2674.00000000,0.8073
1749261679,0.81560000,2221.70000000,0.8073
1749261679,0.81570000,15.80000000,0.8073
1749261679,0.81580000,217.30000000,0.8073
1749261679,0.81590000,2708.70000000,0.8073
1749261679,0.81600000,6.60000000,0.8073
1749261679,0.81610000,9.30000000,0.8073
1749261679,0.81620000,6.50000000,0.8073
1749261679,0.81630000,12.40000000,0.8073
1749261679,0.81640000,22.10000000,0.8073
1749261679,0.81650000,9.30000000,0.8073
1749261679,0.81690000,9.30000000,0.8073
1749261679,0.81710000,2622.00000000,0.8073
1749261679,0.81730000,2554.90000000,0.8073
1749261679,0.81750000,9.40000000,0.8073
1749261679,0.81760000,68.80000000,0.8073
1749261679,0.81770000,9.30000000,0.8073
1749261679,0.81800000,6.70000000,0.8073
1749261679,0.81810000,15.90000000,0.8073
1749261679,0.81850000,26.00000000,0.8073
1749261679,0.81860000,7.80000000,0.8073
1749261987,0.80650000,1132.40000000,0.8065
1749261987,0.80660000,1094.10000000,0.8065
1749261987,0.80670000,3226.50000000,0.8065
1749261987,0.80680000,9314.00000000,0.8065
1749261987,0.80690000,1751.00000000,0.8065
1749261987,0.80700000,3592.70000000,0.8065
1749261987,0.80710000,685.70000000,0.8065
1749261987,0.80720000,1400.30000000,0.8065
1749261987,0.80730000,1635.80000000,0.8065
1749261987,0.80740000,2762.80000000,0.8065
1749261987,0.80750000,1725.50000000,0.8065
1749261987,0.80760000,3480.80000000,0.8065
1749261987,0.80770000,1191.60000000,0.8065
1749261987,0.80780000,3475.90000000,0.8065
1749261987,0.80790000,2462.80000000,0.8065
1749261987,0.80800000,1045.20000000,0.8065
1749261987,0.80810000,3928.50000000,0.8065
1749261987,0.80820000,4774.40000000,0.8065
1749261987,0.80830000,3736.90000000,0.8065
1749261987,0.80840000,6245.50000000,0.8065
1749261987,0.80850000,6067.30000000,0.8065
1749261987,0.80860000,325.30000000,0.8065
1749261987,0.80870000,318.40000000,0.8065
1749261987,0.80880000,4040.60000000,0.8065
1749261987,0.80890000,2667.10000000,0.8065
1749261987,0.80900000,3406.30000000,0.8065
1749261987,0.80910000,318.40000000,0.8065
1749261987,0.80920000,8144.40000000,0.8065
1749261987,0.80930000,1006.80000000,0.8065
1749261987,0.80940000,3059.00000000,0.8065
1749261987,0.80950000,936.60000000,0.8065
1749261987,0.80960000,335.30000000,0.8065
1749261987,0.80970000,1040.70000000,0.8065
1749261987,0.80980000,2434.00000000,0.8065
1749261987,0.80990000,318.40000000,0.8065
1749261987,0.81000000,2448.20000000,0.8065
1749261987,0.81010000,1123.70000000,0.8065
1749261987,0.81020000,1953.40000000,0.8065
1749261987,0.81030000,10088.20000000,0.8065
1749261987,0.81040000,2427.90000000,0.8065
1749261987,0.81050000,327.70000000,0.8065
1749261987,0.81060000,3097.70000000,0.8065
1749261987,0.81070000,212.70000000,0.8065
1749261987,0.81080000,18.90000000,0.8065
1749261987,0.81090000,21.70000000,0.8065
1749261987,0.81100000,19.70000000,0.8065
1749261987,0.81110000,12.40000000,0.8065
1749261987,0.81120000,19.20000000,0.8065
1749261987,0.81130000,30.70000000,0.8065
1749261987,0.81140000,2128.00000000,0.8065
1749261987,0.81150000,82.80000000,0.8065
1749261987,0.81160000,20.30000000,0.8065
1749261987,0.81170000,2139.20000000,0.8065
1749261987,0.81180000,14375.40000000,0.8065
1749261987,0.81190000,5146.20000000,0.8065
1749261987,0.81200000,29.10000000,0.8065
1749261987,0.81210000,235.50000000,0.8065
1749261987,0.81220000,12.40000000,0.8065
1749261987,0.81230000,2137.90000000,0.8065
1749261987,0.81240000,46.00000000,0.8065
1749261987,0.81250000,286.00000000,0.8065
1749261987,0.81260000,2751.00000000,0.8065
1749261987,0.81270000,12.40000000,0.8065
1749261987,0.81280000,10218.60000000,0.8065
1749261987,0.81290000,2138.40000000,0.8065
1749261987,0.81300000,26.50000000,0.8065
1749261987,0.81310000,19.80000000,0.8065
1749261987,0.81320000,29.60000000,0.8065
1749261987,0.81330000,21.70000000,0.8065
1749261987,0.81340000,21.40000000,0.8065
1749261987,0.81350000,26.20000000,0.8065
1749261987,0.81360000,19.10000000,0.8065
1749261987,0.81370000,21.60000000,0.8065
1749261987,0.81380000,19.90000000,0.8065
1749261987,0.81390000,6133.90000000,0.8065
1749261987,0.81400000,17839.80000000,0.8065
1749261987,0.81410000,9.30000000,0.8065
1749261987,0.81420000,2259.00000000,0.8065
1749261987,0.81430000,7.40000000,0.8065
1749261987,0.81440000,35.10000000,0.8065
1749261987,0.81450000,16.60000000,0.8065
1749261987,0.81460000,7.80000000,0.8065
1749261987,0.81470000,2330.00000000,0.8065
1749261987,0.81480000,2410.00000000,0.8065
1749261987,0.81490000,9.30000000,0.8065
1749261987,0.81500000,55.10000000,0.8065
1749261987,0.81510000,4310.70000000,0.8065
1749261987,0.81530000,9.30000000,0.8065
1749261987,0.81540000,13.00000000,0.8065
1749261987,0.81550000,1984.00000000,0.8065
1749261987,0.81560000,16.70000000,0.8065
1749261987,0.81570000,2149.80000000,0.8065
1749261987,0.81580000,217.30000000,0.8065
1749261987,0.81590000,245.70000000,0.8065
1749261987,0.81600000,6.60000000,0.8065
1749261987,0.81610000,9.30000000,0.8065
1749261987,0.81620000,6.50000000,0.8065
1749261987,0.81630000,12.40000000,0.8065
1749261987,0.81640000,22.10000000,0.8065
1749261987,0.81650000,9.30000000,0.8065
1749262288,0.80830000,1625.00000000,0.8082
1749262288,0.80840000,1078.20000000,0.8082
1749262288,0.80850000,3388.60000000,0.8082
1749262288,0.80860000,8362.30000000,0.8082
1749262288,0.80870000,8414.90000000,0.8082
1749262288,0.80880000,6890.20000000,0.8082
1749262288,0.80890000,5542.10000000,0.8082
1749262288,0.80900000,11376.50000000,0.8082
1749262288,0.80910000,3060.10000000,0.8082
1749262288,0.80920000,10654.30000000,0.8082
1749262288,0.80930000,14409.30000000,0.8082
1749262288,0.80940000,14559.50000000,0.8082
1749262288,0.80950000,12688.40000000,0.8082
1749262288,0.80960000,24749.70000000,0.8082
1749262288,0.80970000,37383.80000000,0.8082
1749262288,0.80980000,10180.90000000,0.8082
1749262288,0.80990000,19945.40000000,0.8082
1749262288,0.81000000,31528.10000000,0.8082
1749262288,0.81010000,27045.60000000,0.8082
1749262288,0.81020000,32263.40000000,0.8082
1749262288,0.81030000,1266.40000000,0.8082
1749262288,0.81040000,6136.50000000,0.8082
1749262288,0.81050000,327.70000000,0.8082
1749262288,0.81060000,3312.60000000,0.8082
1749262288,0.81070000,1699.50000000,0.8082
1749262288,0.81080000,18.90000000,0.8082
1749262288,0.81090000,1339.70000000,0.8082
1749262288,0.81100000,19.70000000,0.8082
1749262288,0.81110000,318.40000000,0.8082
1749262288,0.81120000,19.20000000,0.8082
1749262288,0.81130000,336.70000000,0.8082
1749262288,0.81140000,2434.00000000,0.8082
1749262288,0.81150000,9997.30000000,0.8082
1749262288,0.81160000,1266.30000000,0.8082
1749262288,0.81170000,3031.80000000,0.8082
1749262288,0.81180000,2440.80000000,0.8082
1749262288,0.81190000,6108.30000000,0.8082
1749262288,0.81200000,29.10000000,0.8082
1749262288,0.81210000,541.50000000,0.8082
1749262288,0.81220000,12.40000000,0.8082
1749262288,0.81230000,2443.90000000,0.8082
1749262288,0.81240000,46.00000000,0.8082
1749262288,0.81250000,592.00000000,0.8082
1749262288,0.81260000,2467.40000000,0.8082
1749262288,0.81270000,12.40000000,0.8082
1749262288,0.81280000,12.40000000,0.8082
1749262288,0.81290000,2138.40000000,0.8082
1749262288,0.81300000,2145.50000000,0.8082
1749262288,0.81310000,12.40000000,0.8082
1749262288,0.81320000,29.60000000,0.8082
1749262288,0.81330000,21.70000000,0.8082
1749262288,0.81340000,21.40000000,0.8082
1749262288,0.81350000,2142.90000000,0.8082
1749262288,0.81360000,19.10000000,0.8082
1749262288,0.81370000,21.60000000,0.8082
1749262288,0.81380000,2718.80000000,0.8082
1749262288,0.81390000,12253.10000000,0.8082
1749262288,0.81400000,17839.80000000,0.8082
1749262288,0.81410000,2137.40000000,0.8082
1749262288,0.81420000,19.30000000,0.8082
1749262288,0.81430000,19.90000000,0.8082
1749262288,0.81440000,47.60000000,0.8082
1749262288,0.81450000,10209.20000000,0.8082
1749262288,0.81460000,20.20000000,0.8082
1749262288,0.81470000,12.40000000,0.8082
1749262288,0.81480000,2569.40000000,0.8082
1749262288,0.81490000,21.70000000,0.8082
1749262288,0.81500000,6181.50000000,0.8082
1749262288,0.81510000,6492.10000000,0.8082
1749262288,0.81520000,12.40000000,0.8082
1749262288,0.81530000,21.70000000,0.8082
1749262288,0.81540000,25.40000000,0.8082
1749262288,0.81550000,12.40000000,0.8082
1749262288,0.81560000,29.10000000,0.8082
1749262288,0.81570000,2193.20000000,0.8082
1749262288,0.81580000,229.70000000,0.8082
1749262288,0.81590000,245.70000000,0.8082
1749262288,0.81600000,6.60000000,0.8082
1749262288,0.81610000,9.30000000,0.8082
1749262288,0.81620000,6.50000000,0.8082
1749262288,0.81630000,12.40000000,0.8082
1749262288,0.81640000,22.10000000,0.8082
1749262288,0.81650000,9.30000000,0.8082
1749262288,0.81690000,9.30000000,0.8082
1749262288,0.81730000,26.90000000,0.8082
1749262288,0.81750000,4591.40000000,0.8082
1749262288,0.81760000,68.80000000,0.8082
1749262288,0.81770000,9.30000000,0.8082
1749262288,0.81800000,6.70000000,0.8082
1749262288,0.81810000,15.90000000,0.8082
1749262288,0.81850000,26.00000000,0.8082
1749262288,0.81860000,7.80000000,0.8082
1749262288,0.81870000,44.30000000,0.8082
1749262288,0.81890000,15.80000000,0.8082
1749262288,0.81900000,21.20000000,0.8082
1749262288,0.81930000,9.30000000,0.8082
1749262288,0.81970000,9.30000000,0.8082
1749262288,0.82000000,892.60000000,0.8082
1749262288,0.82010000,9.30000000,0.8082
1749262288,0.82050000,9.30000000,0.8082
1749262589,0.81020000,1664.10000000,0.8101
1749262589,0.81030000,1534.70000000,0.8101
1749262589,0.81040000,2570.40000000,0.8101
1749262589,0.81050000,3617.30000000,0.8101
1749262589,0.81060000,9493.30000000,0.8101
1749262589,0.81070000,12881.70000000,0.8101
1749262589,0.81080000,30553.30000000,0.8101
1749262589,0.81090000,17804.50000000,0.8101
1749262589,0.81100000,37747.60000000,0.8101
1749262589,0.81110000,13469.30000000,0.8101
1749262589,0.81120000,5655.10000000,0.8101
1749262589,0.81130000,2542.70000000,0.8101
1749262589,0.81140000,8437.30000000,0.8101
1749262589,0.81150000,13662.20000000,0.8101
1749262589,0.81160000,33677.70000000,0.8101
1749262589,0.81170000,27410.30000000,0.8101
1749262589,0.81180000,33527.60000000,0.8101
1749262589,0.81190000,32266.80000000,0.8101
1749262589,0.81200000,37046.90000000,0.8101
1749262589,0.81210000,10461.60000000,0.8101
1749262589,0.81220000,9153.80000000,0.8101
1749262589,0.81230000,2443.90000000,0.8101
1749262589,0.81240000,1085.60000000,0.8101
1749262589,0.81250000,341.50000000,0.8101
1749262589,0.81260000,8119.00000000,0.8101
1749262589,0.81270000,6167.50000000,0.8101
1749262589,0.81280000,5236.10000000,0.8101
1749262589,0.81290000,7361.20000000,0.8101
1749262589,0.81300000,2451.50000000,0.8101
1749262589,0.81310000,1044.40000000,0.8101
1749262589,0.81320000,1621.20000000,0.8101
1749262589,0.81330000,327.70000000,0.8101
1749262589,0.81340000,740.40000000,0.8101
1749262589,0.81350000,12787.90000000,0.8101
1749262589,0.81360000,19.10000000,0.8101
1749262589,0.81370000,21.60000000,0.8101
1749262589,0.81380000,7540.30000000,0.8101
1749262589,0.81390000,12.50000000,0.8101
1749262589,0.81400000,19.80000000,0.8101
1749262589,0.81410000,2443.40000000,0.8101
1749262589,0.81420000,529.90000000,0.8101
1749262589,0.81430000,19.90000000,0.8101
1749262589,0.81440000,2466.90000000,0.8101
1749262589,0.81450000,29.10000000,0.8101
1749262589,0.81460000,982.30000000,0.8101
1749262589,0.81470000,2682.40000000,0.8101
1749262589,0.81480000,19.20000000,0.8101
1749262589,0.81490000,2441.50000000,0.8101
1749262589,0.81500000,6487.50000000,0.8101
1749262589,0.81510000,4323.10000000,0.8101
1749262589,0.81520000,2125.70000000,0.8101
1749262589,0.81530000,21.70000000,0.8101
1749262589,0.81540000,32.20000000,0.8101
1749262589,0.81550000,2124.60000000,0.8101
1749262589,0.81560000,618.70000000,0.8101
1749262589,0.81570000,28.20000000,0.8101
1749262589,0.81580000,229.70000000,0.8101
1749262589,0.81590000,2368.00000000,0.8101
1749262589,0.81600000,25.80000000,0.8101
1749262589,0.81610000,2131.80000000,0.8101
1749262589,0.81620000,4061.90000000,0.8101
1749262589,0.81630000,24.80000000,0.8101
1749262589,0.81640000,6153.70000000,0.8101
1749262589,0.81650000,10182.10000000,0.8101
1749262589,0.81660000,18035.90000000,0.8101
1749262589,0.81670000,12.40000000,0.8101
1749262589,0.81680000,1981.40000000,0.8101
1749262589,0.81690000,21.70000000,0.8101
1749262589,0.81700000,12.40000000,0.8101
1749262589,0.81710000,12.40000000,0.8101
1749262589,0.81720000,2334.40000000,0.8101
1749262589,0.81730000,39.30000000,0.8101
1749262589,0.81740000,2091.40000000,0.8101
1749262589,0.81750000,21.80000000,0.8101
1749262589,0.81760000,81.20000000,0.8101
1749262589,0.81770000,21.70000000,0.8101
1749262589,0.81790000,2308.00000000,0.8101
1749262589,0.81800000,6.70000000,0.8101
1749262589,0.81810000,15.90000000,0.8101
1749262589,0.81850000,26.00000000,0.8101
1749262589,0.81860000,7.80000000,0.8101
1749262589,0.81870000,44.30000000,0.8101
1749262589,0.81890000,2327.80000000,0.8101
1749262589,0.81900000,21.20000000,0.8101
1749262589,0.81930000,3996.30000000,0.8101
1749262589,0.81970000,1984.30000000,0.8101
1749262589,0.82000000,892.60000000,0.8101
1749262589,0.82010000,9.30000000,0.8101
1749262589,0.82050000,9.30000000,0.8101
1749262589,0.82090000,9.30000000,0.8101
1749262589,0.82100000,6.40000000,0.8101
1749262589,0.82130000,17.10000000,0.8101
1749262589,0.82150000,16.60000000,0.8101
1749262589,0.82170000,15.80000000,0.8101
1749262589,0.82180000,13.00000000,0.8101
1749262589,0.82200000,7.20000000,0.8101
1749262589,0.82210000,6.50000000,0.8101
1749262589,0.82230000,61.90000000,0.8101
1749262589,0.82240000,30617.80000000,0.8101
1749262589,0.82250000,11936.00000000,0.8101
1749262895,0.80950000,1232.50000000,0.8094
1749262895,0.80960000,692.40000000,0.8094
1749262895,0.80970000,1233.00000000,0.8094
1749262895,0.80980000,2132.70000000,0.8094
1749262895,0.80990000,5095.10000000,0.8094
1749262895,0.81000000,18501.20000000,0.8094
1749262895,0.81010000,12720.10000000,0.8094
1749262895,0.81020000,16652.10000000,0.8094
1749262895,0.81030000,17507.80000000,0.8094
1749262895,0.81040000,5731.20000000,0.8094
1749262895,0.81050000,5081.30000000,0.8094
1749262895,0.81060000,13556.10000000,0.8094
1749262895,0.81070000,14799.80000000,0.8094
1749262895,0.81080000,30730.90000000,0.8094
1749262895,0.81090000,22581.80000000,0.8094
1749262895,0.81100000,42209.30000000,0.8094
1749262895,0.81110000,48684.80000000,0.8094
1749262895,0.81120000,19369.80000000,0.8094
1749262895,0.81130000,24832.60000000,0.8094
1749262895,0.81140000,7563.60000000,0.8094
1749262895,0.81150000,22115.60000000,0.8094
1749262895,0.81160000,9337.70000000,0.8094
1749262895,0.81170000,3677.50000000,0.8094
1749262895,0.81180000,7588.30000000,0.8094
1749262895,0.81190000,5873.90000000,0.8094
1749262895,0.81200000,1161.10000000,0.8094
1749262895,0.81210000,327.70000000,0.8094
1749262895,0.81220000,318.40000000,0.8094
1749262895,0.81230000,2443.90000000,0.8094
1749262895,0.81240000,342.80000000,0.8094
1749262895,0.81250000,928.10000000,0.8094
1749262895,0.81260000,2467.40000000,0.8094
1749262895,0.81270000,318.40000000,0.8094
1749262895,0.81280000,318.40000000,0.8094
1749262895,0.81290000,12325.30000000,0.8094
1749262895,0.81300000,2451.50000000,0.8094
1749262895,0.81310000,318.40000000,0.8094
1749262895,0.81320000,335.60000000,0.8094
1749262895,0.81330000,983.80000000,0.8094
1749262895,0.81340000,21.40000000,0.8094
1749262895,0.81350000,2142.90000000,0.8094
1749262895,0.81360000,19.10000000,0.8094
1749262895,0.81370000,6343.30000000,0.8094
1749262895,0.81380000,7234.30000000,0.8094
1749262895,0.81390000,12.50000000,0.8094
1749262895,0.81400000,19.80000000,0.8094
1749262895,0.81410000,2137.40000000,0.8094
1749262895,0.81420000,223.90000000,0.8094
1749262895,0.81430000,19.90000000,0.8094
1749262895,0.81440000,2750.50000000,0.8094
1749262895,0.81450000,29.10000000,0.8094
1749262895,0.81460000,20.20000000,0.8094
1749262895,0.81470000,2376.40000000,0.8094
1749262895,0.81480000,19.20000000,0.8094
1749262895,0.81490000,2135.50000000,0.8094
1749262895,0.81500000,60.10000000,0.8094
1749262895,0.81510000,4323.10000000,0.8094
1749262895,0.81520000,2125.70000000,0.8094
1749262895,0.81530000,21.70000000,0.8094
1749262895,0.81540000,32.20000000,0.8094
1749262895,0.81550000,10176.90000000,0.8094
1749262895,0.81560000,29.10000000,0.8094
1749262895,0.81570000,6147.40000000,0.8094
1749262895,0.81580000,6351.10000000,0.8094
1749262895,0.81590000,258.10000000,0.8094
1749262895,0.81600000,25.80000000,0.8094
1749262895,0.81610000,21.70000000,0.8094
1749262895,0.81620000,18.90000000,0.8094
1749262895,0.81630000,24.80000000,0.8094
1749262895,0.81640000,34.50000000,0.8094
1749262895,0.81650000,21.70000000,0.8094
1749262895,0.81660000,20449.90000000,0.8094
1749262895,0.81670000,12.40000000,0.8094
1749262895,0.81680000,12.40000000,0.8094
1749262895,0.81690000,21.70000000,0.8094
1749262895,0.81700000,12.40000000,0.8094
1749262895,0.81730000,26.90000000,0.8094
1749262895,0.81750000,9.40000000,0.8094
1749262895,0.81760000,68.80000000,0.8094
1749262895,0.81770000,9.30000000,0.8094
1749262895,0.81800000,6.70000000,0.8094
1749262895,0.81810000,15.90000000,0.8094
1749262895,0.81850000,26.00000000,0.8094
1749262895,0.81860000,7.80000000,0.8094
1749262895,0.81870000,2063.30000000,0.8094
1749262895,0.81880000,2227.00000000,0.8094
1749262895,0.81890000,15.80000000,0.8094
1749262895,0.81900000,2448.20000000,0.8094
1749262895,0.81930000,9.30000000,0.8094
1749262895,0.81970000,9.30000000,0.8094
1749262895,0.82000000,1160.40000000,0.8094
1749262895,0.82010000,9.30000000,0.8094
1749262895,0.82050000,9.30000000,0.8094
1749262895,0.82090000,9.30000000,0.8094
1749262895,0.82100000,6.40000000,0.8094
1749262895,0.82130000,17.10000000,0.8094
1749262895,0.82150000,16.60000000,0.8094
1749262895,0.82170000,15.80000000,0.8094
1749262895,0.82180000,13.00000000,0.8094
1749262895,0.82200000,10172.20000000,0.8094
1749263197,0.81120000,2351.60000000,0.8111
1749263197,0.81130000,1214.60000000,0.8111
1749263197,0.81140000,4130.30000000,0.8111
1749263197,0.81150000,9639.40000000,0.8111
1749263197,0.81160000,10834.10000000,0.8111
1749263197,0.81170000,27698.30000000,0.8111
1749263197,0.81180000,49516.40000000,0.8111
1749263197,0.81190000,2945.70000000,0.8111
1749263197,0.81200000,2667.30000000,0.8111
1749263197,0.81210000,6267.40000000,0.8111
1749263197,0.81220000,13497.20000000,0.8111
1749263197,0.81230000,18118.90000000,0.8111
1749263197,0.81240000,31221.30000000,0.8111
1749263197,0.81250000,28073.50000000,0.8111
1749263197,0.81260000,26022.00000000,0.8111
1749263197,0.81270000,19994.90000000,0.8111
1749263197,0.81280000,10444.90000000,0.8111
1749263197,0.81290000,35249.10000000,0.8111
1749263197,0.81300000,26600.10000000,0.8111
1749263197,0.81310000,4903.80000000,0.8111
1749263197,0.81320000,1566.70000000,0.8111
1749263197,0.81330000,327.70000000,0.8111
1749263197,0.81340000,4029.20000000,0.8111
1749263197,0.81350000,12268.60000000,0.8111
1749263197,0.81360000,5237.80000000,0.8111
1749263197,0.81370000,5663.80000000,0.8111
1749263197,0.81380000,8250.30000000,0.8111
1749263197,0.81390000,318.50000000,0.8111
1749263197,0.81400000,905.10000000,0.8111
1749263197,0.81410000,3134.40000000,0.8111
1749263197,0.81420000,223.90000000,0.8111
1749263197,0.81430000,9686.10000000,0.8111
1749263197,0.81440000,2160.90000000,0.8111
1749263197,0.81450000,21.80000000,0.8111
1749263197,0.81460000,676.30000000,0.8111
1749263197,0.81470000,2376.40000000,0.8111
1749263197,0.81480000,19.20000000,0.8111
1749263197,0.81490000,2135.50000000,0.8111
1749263197,0.81500000,23.00000000,0.8111
1749263197,0.81510000,4323.10000000,0.8111
1749263197,0.81520000,2125.70000000,0.8111
1749263197,0.81530000,21.70000000,0.8111
1749263197,0.81540000,32.20000000,0.8111
1749263197,0.81550000,12.40000000,0.8111
1749263197,0.81560000,2140.60000000,0.8111
1749263197,0.81570000,617.80000000,0.8111
1749263197,0.81580000,229.70000000,0.8111
1749263197,0.81590000,258.10000000,0.8111
1749263197,0.81600000,25.80000000,0.8111
1749263197,0.81610000,2132.40000000,0.8111
1749263197,0.81620000,18.90000000,0.8111
1749263197,0.81630000,24.80000000,0.8111
1749263197,0.81640000,34.50000000,0.8111
1749263197,0.81650000,2131.60000000,0.8111
1749263197,0.81660000,19.20000000,0.8111
1749263197,0.81670000,12.40000000,0.8111
1749263197,0.81680000,2121.20000000,0.8111
1749263197,0.81690000,21.70000000,0.8111
1749263197,0.81700000,12.40000000,0.8111
1749263197,0.81710000,12.40000000,0.8111
1749263197,0.81720000,19.20000000,0.8111
1749263197,0.81730000,10181.80000000,0.8111
1749263197,0.81740000,12253.00000000,0.8111
1749263197,0.81750000,21.80000000,0.8111
1749263197,0.81760000,81.20000000,0.8111
1749263197,0.81770000,4160.70000000,0.8111
1749263197,0.81780000,6133.80000000,0.8111
1749263197,0.81790000,17634.90000000,0.8111
1749263197,0.81800000,19.10000000,0.8111
1749263197,0.81810000,28.30000000,0.8111
1749263197,0.81820000,12.40000000,0.8111
1749263197,0.81830000,12.40000000,0.8111
1749263197,0.81840000,12.40000000,0.8111
1749263197,0.81850000,38.40000000,0.8111
1749263197,0.81860000,20.20000000,0.8111
1749263197,0.81870000,56.70000000,0.8111
1749263197,0.81890000,15.80000000,0.8111
1749263197,0.81900000,21.20000000,0.8111
1749263197,0.81930000,9.30000000,0.8111
1749263197,0.81950000,2134.00000000,0.8111
1749263197,0.81970000,9.30000000,0.8111
1749263197,0.81980000,2232.00000000,0.8111
1749263197,0.82000000,1160.40000000,0.8111
1749263197,0.82010000,9.30000000,0.8111
1749263197,0.82020000,2066.00000000,0.8111
1749263197,0.82050000,9.30000000,0.8111
1749263197,0.82070000,1992.00000000,0.8111
1749263197,0.82090000,9.30000000,0.8111
1749263197,0.82100000,6.40000000,0.8111
1749263197,0.82130000,17.10000000,0.8111
1749263197,0.82150000,16.60000000,0.8111
1749263197,0.82170000,15.80000000,0.8111
1749263197,0.82180000,13.00000000,0.8111
1749263197,0.82200000,7.20000000,0.8111
1749263197,0.82210000,6.50000000,0.8111
1749263197,0.82230000,61.90000000,0.8111
1749263197,0.82240000,24496.40000000,0.8111
1749263197,0.82250000,11936.00000000,0.8111
1749263197,0.82260000,16.80000000,0.8111
1749263197,0.82290000,4224.20000000,0.8111
1749263503,0.81130000,10608.40000000,0.8113
1749263503,0.81140000,775.90000000,0.8113
1749263503,0.81150000,927.70000000,0.8113
1749263503,0.81160000,975.40000000,0.8113
1749263503,0.81170000,4904.00000000,0.8113
1749263503,0.81180000,14760.10000000,0.8113
1749263503,0.81190000,11525.40000000,0.8113
1749263503,0.81200000,8310.60000000,0.8113
1749263503,0.81210000,24181.30000000,0.8113
1749263503,0.81220000,7550.00000000,0.8113
1749263503,0.81230000,4799.10000000,0.8113
1749263503,0.81240000,7401.30000000,0.8113
1749263503,0.81250000,22416.30000000,0.8113
1749263503,0.81260000,48403.00000000,0.8113
1749263503,0.81270000,51315.80000000,0.8113
1749263503,0.81280000,27371.20000000,0.8113
1749263503,0.81290000,19385.30000000,0.8113
1749263503,0.81300000,29861.00000000,0.8113
1749263503,0.81310000,9777.30000000,0.8113
1749263503,0.81320000,12744.50000000,0.8113
1749263503,0.81330000,15150.10000000,0.8113
1749263503,0.81340000,23126.40000000,0.8113
1749263503,0.81350000,7941.70000000,0.8113
1749263503,0.81360000,427.70000000,0.8113
1749263503,0.81370000,527.90000000,0.8113
1749263503,0.81380000,7764.10000000,0.8113
1749263503,0.81390000,318.50000000,0.8113
1749263503,0.81400000,1003.50000000,0.8113
1749263503,0.81410000,2443.40000000,0.8113
1749263503,0.81420000,19.30000000,0.8113
1749263503,0.81430000,1683.90000000,0.8113
1749263503,0.81440000,2160.90000000,0.8113
1749263503,0.81450000,124.40000000,0.8113
1749263503,0.81460000,12.40000000,0.8113
1749263503,0.81470000,2376.40000000,0.8113
1749263503,0.81480000,704.20000000,0.8113
1749263503,0.81490000,11878.30000000,0.8113
1749263503,0.81500000,23.00000000,0.8113
1749263503,0.81510000,4290.30000000,0.8113
1749263503,0.81520000,2125.70000000,0.8113
1749263503,0.81530000,21.70000000,0.8113
1749263503,0.81540000,32.20000000,0.8113
1749263503,0.81550000,12.40000000,0.8113
1749263503,0.81560000,2140.60000000,0.8113
1749263503,0.81570000,28.20000000,0.8113
1749263503,0.81580000,602.00000000,0.8113
1749263503,0.81590000,3022.30000000,0.8113
1749263503,0.81600000,25.80000000,0.8113
1749263503,0.81610000,2132.40000000,0.8113
1749263503,0.81620000,18.90000000,0.8113
1749263503,0.81630000,24.80000000,0.8113
1749263503,0.81640000,26.70000000,0.8113
1749263503,0.81650000,2336.20000000,0.8113
1749263503,0.81660000,19.20000000,0.8113
1749263503,0.81670000,12.40000000,0.8113
1749263503,0.81680000,2121.20000000,0.8113
1749263503,0.81690000,21.70000000,0.8113
1749263503,0.81700000,12.40000000,0.8113
1749263503,0.81710000,2119.20000000,0.8113
1749263503,0.81720000,19.20000000,0.8113
1749263503,0.81730000,39.30000000,0.8113
1749263503,0.81740000,2118.90000000,0.8113
1749263503,0.81750000,12262.40000000,0.8113
1749263503,0.81760000,10218.50000000,0.8113
1749263503,0.81770000,21.70000000,0.8113
1749263503,0.81780000,19.20000000,0.8113
1749263503,0.81790000,19647.90000000,0.8113
1749263503,0.81800000,19.10000000,0.8113
1749263503,0.81810000,28.30000000,0.8113
1749263503,0.81820000,12.40000000,0.8113
1749263503,0.81830000,12.40000000,0.8113
1749263503,0.81840000,12.40000000,0.8113
1749263503,0.81850000,38.40000000,0.8113
1749263503,0.81860000,12.40000000,0.8113
1749263503,0.81870000,56.70000000,0.8113
1749263503,0.81880000,12.40000000,0.8113
1749263503,0.81890000,1875.80000000,0.8113
1749263503,0.81900000,21.20000000,0.8113
1749263503,0.81920000,2096.30000000,0.8113
1749263503,0.81930000,9.30000000,0.8113
1749263503,0.81960000,1880.00000000,0.8113
1749263503,0.81970000,9.30000000,0.8113
1749263503,0.81990000,32.90000000,0.8113
1749263503,0.82000000,1160.40000000,0.8113
1749263503,0.82010000,9.30000000,0.8113
1749263503,0.82050000,9.30000000,0.8113
1749263503,0.82090000,9.30000000,0.8113
1749263503,0.82100000,6.40000000,0.8113
1749263503,0.82130000,1954.30000000,0.8113
1749263503,0.82150000,16.60000000,0.8113
1749263503,0.82170000,15.80000000,0.8113
1749263503,0.82180000,13.00000000,0.8113
1749263503,0.82200000,7.20000000,0.8113
1749263503,0.82210000,6.50000000,0.8113
1749263503,0.82230000,6183.30000000,0.8113
1749263503,0.82240000,24496.40000000,0.8113
1749263503,0.82250000,11936.00000000,0.8113
1749263503,0.82260000,16.80000000,0.8113
1749263503,0.82290000,4224.20000000,0.8113
1749263503,0.82300000,6.40000000,0.8113
1749263810,0.81190000,1591.90000000,0.8118
1749263810,0.81200000,2688.90000000,0.8118
1749263810,0.81210000,3469.80000000,0.8118
1749263810,0.81220000,10898.60000000,0.8118
1749263810,0.81230000,15495.20000000,0.8118
1749263810,0.81240000,9512.20000000,0.8118
1749263810,0.81250000,16572.80000000,0.8118
1749263810,0.81260000,29509.50000000,0.8118
1749263810,0.81270000,6428.90000000,0.8118
1749263810,0.81280000,9628.30000000,0.8118
1749263810,0.81290000,13686.30000000,0.8118
1749263810,0.81300000,14698.60000000,0.8118
1749263810,0.81310000,11790.30000000,0.8118
1749263810,0.81320000,19699.00000000,0.8118
1749263810,0.81330000,33968.10000000,0.8118
1749263810,0.81340000,34673.50000000,0.8118
1749263810,0.81350000,30872.30000000,0.8118
1749263810,0.81360000,13823.50000000,0.8118
1749263810,0.81370000,6015.50000000,0.8118
1749263810,0.81380000,12628.00000000,0.8118
1749263810,0.81390000,9487.70000000,0.8118
1749263810,0.81400000,23241.50000000,0.8118
1749263810,0.81410000,16197.20000000,0.8118
1749263810,0.81420000,1117.30000000,0.8118
1749263810,0.81430000,549.70000000,0.8118
1749263810,0.81440000,3053.50000000,0.8118
1749263810,0.81450000,906.50000000,0.8118
1749263810,0.81460000,318.40000000,0.8118
1749263810,0.81470000,2682.40000000,0.8118
1749263810,0.81480000,19.20000000,0.8118
1749263810,0.81490000,12319.90000000,0.8118
1749263810,0.81500000,23.00000000,0.8118
1749263810,0.81510000,4596.30000000,0.8118
1749263810,0.81520000,2431.70000000,0.8118
1749263810,0.81530000,21.70000000,0.8118
1749263810,0.81540000,32.20000000,0.8118
1749263810,0.81550000,12.40000000,0.8118
1749263810,0.81560000,2140.60000000,0.8118
1749263810,0.81570000,617.80000000,0.8118
1749263810,0.81580000,12.40000000,0.8118
1749263810,0.81590000,3022.30000000,0.8118
1749263810,0.81600000,25.80000000,0.8118
1749263810,0.81610000,2132.40000000,0.8118
1749263810,0.81620000,18.90000000,0.8118
1749263810,0.81630000,24.80000000,0.8118
1749263810,0.81640000,26.70000000,0.8118
1749263810,0.81650000,2336.20000000,0.8118
1749263810,0.81660000,19.20000000,0.8118
1749263810,0.81670000,12.40000000,0.8118
1749263810,0.81680000,2121.20000000,0.8118
1749263810,0.81690000,12262.30000000,0.8118
1749263810,0.81700000,10160.30000000,0.8118
1749263810,0.81710000,12.40000000,0.8118
1749263810,0.81720000,19.20000000,0.8118
1749263810,0.81730000,39.30000000,0.8118
1749263810,0.81740000,12.40000000,0.8118
1749263810,0.81750000,21.80000000,0.8118
1749263810,0.81760000,81.20000000,0.8118
1749263810,0.81770000,2129.20000000,0.8118
1749263810,0.81780000,6140.60000000,0.8118
1749263810,0.81790000,17634.90000000,0.8118
1749263810,0.81800000,19.10000000,0.8118
1749263810,0.81810000,28.30000000,0.8118
1749263810,0.81820000,12.40000000,0.8118
1749263810,0.81830000,2392.40000000,0.8118
1749263810,0.81840000,12.40000000,0.8118
1749263810,0.81850000,38.40000000,0.8118
1749263810,0.81860000,12.40000000,0.8118
1749263810,0.81870000,56.70000000,0.8118
1749263810,0.81880000,12.40000000,0.8118
1749263810,0.81890000,28.20000000,0.8118
1749263810,0.81900000,33.60000000,0.8118
1749263810,0.81910000,2124.40000000,0.8118
1749263810,0.81920000,229.70000000,0.8118
1749263810,0.81930000,21.70000000,0.8118
1749263810,0.81940000,12.40000000,0.8118
1749263810,0.81970000,9.30000000,0.8118
1749263810,0.81990000,2314.90000000,0.8118
1749263810,0.82000000,892.60000000,0.8118
1749263810,0.82010000,9.30000000,0.8118
1749263810,0.82050000,9.30000000,0.8118
1749263810,0.82090000,9.30000000,0.8118
1749263810,0.82100000,2396.40000000,0.8118
1749263810,0.82110000,1964.00000000,0.8118
1749263810,0.82130000,9.30000000,0.8118
1749263810,0.82150000,16.60000000,0.8118
1749263810,0.82170000,15.80000000,0.8118
1749263810,0.82180000,13.00000000,0.8118
1749263810,0.82200000,7.20000000,0.8118
1749263810,0.82210000,6.50000000,0.8118
1749263810,0.82230000,61.90000000,0.8118
1749263810,0.82240000,24496.40000000,0.8118
1749263810,0.82250000,11936.00000000,0.8118
1749263810,0.82260000,16.80000000,0.8118
1749263810,0.82290000,4224.20000000,0.8118
1749263810,0.82300000,6.40000000,0.8118
1749263810,0.82310000,7.80000000,0.8118
1749263810,0.82350000,182.40000000,0.8118
1749263810,0.82360000,12.30000000,0.8118
1749263810,0.82370000,24.50000000,0.8118
1749264112,0.81240000,234.60000000,0.8123
1749264112,0.81250000,941.50000000,0.8123
1749264112,0.81260000,1325.90000000,0.8123
1749264112,0.81270000,3908.10000000,0.8123
1749264112,0.81280000,1841.20000000,0.8123
1749264112,0.81290000,3283.80000000,0.8123
1749264112,0.81300000,8277.90000000,0.8123
1749264112,0.81310000,2918.60000000,0.8123
1749264112,0.81320000,8259.80000000,0.8123
1749264112,0.81330000,9564.60000000,0.8123
1749264112,0.81340000,16810.00000000,0.8123
1749264112,0.81350000,23351.90000000,0.8123
1749264112,0.81360000,45228.90000000,0.8123
1749264112,0.81370000,73762.30000000,0.8123
1749264112,0.81380000,37713.20000000,0.8123
1749264112,0.81390000,26037.00000000,0.8123
1749264112,0.81400000,27204.80000000,0.8123
1749264112,0.81410000,16653.20000000,0.8123
1749264112,0.81420000,945.10000000,0.8123
1749264112,0.81430000,18965.00000000,0.8123
1749264112,0.81440000,26613.30000000,0.8123
1749264112,0.81450000,14617.80000000,0.8123
1749264112,0.81460000,933.40000000,0.8123
1749264112,0.81470000,2655.70000000,0.8123
1749264112,0.81480000,19.20000000,0.8123
1749264112,0.81490000,3148.50000000,0.8123
1749264112,0.81500000,944.00000000,0.8123
1749264112,0.81510000,5211.30000000,0.8123
1749264112,0.81520000,2632.00000000,0.8123
1749264112,0.81530000,21.70000000,0.8123
1749264112,0.81540000,134.80000000,0.8123
1749264112,0.81550000,5106.90000000,0.8123
1749264112,0.81560000,11764.50000000,0.8123
1749264112,0.81570000,28.20000000,0.8123
1749264112,0.81580000,781.40000000,0.8123
1749264112,0.81590000,2120.50000000,0.8123
1749264112,0.81600000,681.90000000,0.8123
1749264112,0.81610000,2830.40000000,0.8123
1749264112,0.81620000,739.90000000,0.8123
1749264112,0.81630000,24.80000000,0.8123
1749264112,0.81640000,642.40000000,0.8123
1749264112,0.81650000,2336.20000000,0.8123
1749264112,0.81660000,19.20000000,0.8123
1749264112,0.81670000,602.00000000,0.8123
1749264112,0.81680000,2121.20000000,0.8123
1749264112,0.81690000,272.20000000,0.8123
1749264112,0.81700000,12.40000000,0.8123
1749264112,0.81710000,2118.10000000,0.8123
1749264112,0.81720000,19.20000000,0.8123
1749264112,0.81730000,39.30000000,0.8123
1749264112,0.81740000,2117.60000000,0.8123
1749264112,0.81750000,21.80000000,0.8123
1749264112,0.81760000,81.20000000,0.8123
1749264112,0.81770000,2129.20000000,0.8123
1749264112,0.81780000,12259.80000000,0.8123
1749264112,0.81790000,19899.00000000,0.8123
1749264112,0.81800000,19.10000000,0.8123
1749264112,0.81810000,28.30000000,0.8123
1749264112,0.81820000,12.40000000,0.8123
1749264112,0.81830000,12.40000000,0.8123
1749264112,0.81840000,19.20000000,0.8123
1749264112,0.81850000,38.40000000,0.8123
1749264112,0.81860000,10143.00000000,0.8123
1749264112,0.81870000,56.70000000,0.8123
1749264112,0.81880000,12.40000000,0.8123
1749264112,0.81890000,28.20000000,0.8123
1749264112,0.81900000,33.60000000,0.8123
1749264112,0.81910000,12.40000000,0.8123
1749264112,0.81920000,229.70000000,0.8123
1749264112,0.81930000,267.40000000,0.8123
1749264112,0.81940000,12.40000000,0.8123
1749264112,0.81950000,2003.40000000,0.8123
1749264112,0.81960000,12.40000000,0.8123
1749264112,0.81970000,2034.70000000,0.8123
1749264112,0.81980000,12.40000000,0.8123
1749264112,0.81990000,45.30000000,0.8123
1749264112,0.82000000,2777.60000000,0.8123
1749264112,0.82010000,9.30000000,0.8123
1749264112,0.82050000,9.30000000,0.8123
1749264112,0.82060000,2063.00000000,0.8123
1749264112,0.82090000,9.30000000,0.8123
1749264112,0.82100000,6.40000000,0.8123
1749264112,0.82120000,2088.00000000,0.8123
1749264112,0.82130000,9.30000000,0.8123
1749264112,0.82150000,16.60000000,0.8123
1749264112,0.82170000,15.80000000,0.8123
1749264112,0.82180000,13.00000000,0.8123
1749264112,0.82200000,7.20000000,0.8123
1749264112,0.82210000,6.50000000,0.8123
1749264112,0.82230000,6183.30000000,0.8123
1749264112,0.82240000,24496.40000000,0.8123
1749264112,0.82250000,11936.00000000,0.8123
1749264112,0.82260000,16.80000000,0.8123
1749264112,0.82290000,4224.20000000,0.8123
1749264112,0.82300000,6.40000000,0.8123
1749264112,0.82310000,7.80000000,0.8123
1749264112,0.82350000,182.40000000,0.8123
1749264112,0.82360000,12.30000000,0.8123
1749264112,0.82370000,24.50000000,0.8123
1749264112,0.82380000,7.40000000,0.8123
1749264418,0.81290000,1203.90000000,0.8128
1749264418,0.81300000,1219.20000000,0.8128
1749264418,0.81310000,700.70000000,0.8128
1749264418,0.81320000,1916.60000000,0.8128
1749264418,0.81330000,8866.30000000,0.8128
1749264418,0.81340000,24518.00000000,0.8128
1749264418,0.81350000,46216.80000000,0.8128
1749264418,0.81360000,27966.60000000,0.8128
1749264418,0.81370000,9891.60000000,0.8128
1749264418,0.81380000,17202.40000000,0.8128
1749264418,0.81390000,7268.90000000,0.8128
1749264418,0.81400000,11265.90000000,0.8128
1749264418,0.81410000,16445.30000000,0.8128
1749264418,0.81420000,35891.90000000,0.8128
1749264418,0.81430000,16973.90000000,0.8128
1749264418,0.81440000,20478.60000000,0.8128
1749264418,0.81450000,33643.50000000,0.8128
1749264418,0.81460000,13763.80000000,0.8128
1749264418,0.81470000,17376.90000000,0.8128
1749264418,0.81480000,27789.70000000,0.8128
1749264418,0.81490000,11626.90000000,0.8128
1749264418,0.81500000,944.00000000,0.8128
1749264418,0.81510000,5201.90000000,0.8128
1749264418,0.81520000,6543.80000000,0.8128
1749264418,0.81530000,327.70000000,0.8128
1749264418,0.81540000,134.80000000,0.8128
1749264418,0.81550000,5412.90000000,0.8128
1749264418,0.81560000,2446.60000000,0.8128
1749264418,0.81570000,28.20000000,0.8128
1749264418,0.81580000,12.40000000,0.8128
1749264418,0.81590000,2426.50000000,0.8128
1749264418,0.81600000,987.90000000,0.8128
1749264418,0.81610000,2132.40000000,0.8128
1749264418,0.81620000,9843.50000000,0.8128
1749264418,0.81630000,127.30000000,0.8128
1749264418,0.81640000,642.40000000,0.8128
1749264418,0.81650000,2336.20000000,0.8128
1749264418,0.81660000,19.20000000,0.8128
1749264418,0.81670000,12.40000000,0.8128
1749264418,0.81680000,2121.20000000,0.8128
1749264418,0.81690000,272.20000000,0.8128
1749264418,0.81700000,12.40000000,0.8128
1749264418,0.81710000,2118.10000000,0.8128
1749264418,0.81720000,608.80000000,0.8128
1749264418,0.81730000,39.30000000,0.8128
1749264418,0.81740000,2117.60000000,0.8128
1749264418,0.81750000,12.40000000,0.8128
1749264418,0.81760000,81.20000000,0.8128
1749264418,0.81770000,2129.20000000,0.8128
1749264418,0.81780000,19.20000000,0.8128
1749264418,0.81790000,12.40000000,0.8128
1749264418,0.81800000,2124.80000000,0.8128
1749264418,0.81810000,28.30000000,0.8128
1749264418,0.81820000,12.40000000,0.8128
1749264418,0.81830000,2117.60000000,0.8128
1749264418,0.81840000,19.20000000,0.8128
1749264418,0.81850000,38.40000000,0.8128
1749264418,0.81860000,2116.30000000,0.8128
1749264418,0.81870000,56.70000000,0.8128
1749264418,0.81880000,12.40000000,0.8128
1749264418,0.81890000,2131.90000000,0.8128
1749264418,0.81900000,40.40000000,0.8128
1749264418,0.81910000,28496.80000000,0.8128
1749264418,0.81920000,18173.40000000,0.8128
1749264418,0.81930000,267.40000000,0.8128
1749264418,0.81940000,12.40000000,0.8128
1749264418,0.81950000,12.40000000,0.8128
1749264418,0.81960000,12.40000000,0.8128
1749264418,0.81970000,21.70000000,0.8128
1749264418,0.81980000,12.40000000,0.8128
1749264418,0.81990000,45.30000000,0.8128
1749264418,0.82000000,905.00000000,0.8128
1749264418,0.82010000,21.70000000,0.8128
1749264418,0.82020000,12.40000000,0.8128
1749264418,0.82030000,12.40000000,0.8128
1749264418,0.82040000,12.40000000,0.8128
1749264418,0.82050000,9.30000000,0.8128
1749264418,0.82090000,9.30000000,0.8128
1749264418,0.82100000,6.40000000,0.8128
1749264418,0.82130000,9.30000000,0.8128
1749264418,0.82140000,2165.00000000,0.8128
1749264418,0.82150000,16.60000000,0.8128
1749264418,0.82170000,15.80000000,0.8128
1749264418,0.82180000,2008.00000000,0.8128
1749264418,0.82200000,7.20000000,0.8128
1749264418,0.82210000,6.50000000,0.8128
1749264418,0.82230000,61.90000000,0.8128
1749264418,0.82240000,24496.40000000,0.8128
1749264418,0.82250000,11936.00000000,0.8128
1749264418,0.82260000,16.80000000,0.8128
1749264418,0.82290000,4224.20000000,0.8128
1749264418,0.82300000,6.40000000,0.8128
1749264418,0.82310000,7.80000000,0.8128
1749264418,0.82350000,182.40000000,0.8128
1749264418,0.82360000,12.30000000,0.8128
1749264418,0.82370000,24.50000000,0.8128
1749264418,0.82380000,7.40000000,0.8128
1749264418,0.82400000,17.70000000,0.8128
1749264418,0.82410000,6.70000000,0.8128
1749264418,0.82450000,23.10000000,0.8128
1749264720,0.81320000,3166.00000000,0.8131
1749264720,0.81330000,1790.90000000,0.8131
1749264720,0.81340000,1573.30000000,0.8131
1749264720,0.81350000,2445.90000000,0.8131
1749264720,0.81360000,5700.20000000,0.8131
1749264720,0.81370000,5867.00000000,0.8131
1749264720,0.81380000,6736.40000000,0.8131
1749264720,0.81390000,19254.40000000,0.8131
1749264720,0.81400000,17182.70000000,0.8131
1749264720,0.81410000,8948.90000000,0.8131
1749264720,0.81420000,11913.00000000,0.8131
1749264720,0.81430000,14557.40000000,0.8131
1749264720,0.81440000,39139.00000000,0.8131
1749264720,0.81450000,25210.70000000,0.8131
1749264720,0.81460000,37831.10000000,0.8131
1749264720,0.81470000,30870.60000000,0.8131
1749264720,0.81480000,54514.20000000,0.8131
1749264720,0.81490000,21923.60000000,0.8131
1749264720,0.81500000,15609.40000000,0.8131
1749264720,0.81510000,19997.30000000,0.8131
1749264720,0.81520000,6318.00000000,0.8131
1749264720,0.81530000,4984.20000000,0.8131
1749264720,0.81540000,10475.20000000,0.8131
1749264720,0.81550000,5636.70000000,0.8131
1749264720,0.81560000,3205.60000000,0.8131
1749264720,0.81570000,5916.60000000,0.8131
1749264720,0.81580000,318.40000000,0.8131
1749264720,0.81590000,2426.50000000,0.8131
1749264720,0.81600000,997.80000000,0.8131
1749264720,0.81610000,12059.40000000,0.8131
1749264720,0.81620000,324.90000000,0.8131
1749264720,0.81630000,127.30000000,0.8131
1749264720,0.81640000,2228.20000000,0.8131
1749264720,0.81650000,2642.20000000,0.8131
1749264720,0.81660000,325.20000000,0.8131
1749264720,0.81670000,12.40000000,0.8131
1749264720,0.81680000,3016.80000000,0.8131
1749264720,0.81690000,578.20000000,0.8131
1749264720,0.81700000,12.40000000,0.8131
1749264720,0.81710000,2424.10000000,0.8131
1749264720,0.81720000,19.20000000,0.8131
1749264720,0.81730000,695.40000000,0.8131
1749264720,0.81740000,2117.60000000,0.8131
1749264720,0.81750000,12.40000000,0.8131
1749264720,0.81760000,81.20000000,0.8131
1749264720,0.81770000,2129.20000000,0.8131
1749264720,0.81780000,19.20000000,0.8131
1749264720,0.81790000,12.40000000,0.8131
1749264720,0.81800000,2124.80000000,0.8131
1749264720,0.81810000,28.30000000,0.8131
1749264720,0.81820000,12.40000000,0.8131
1749264720,0.81830000,2117.60000000,0.8131
1749264720,0.81840000,19.20000000,0.8131
1749264720,0.81850000,38.40000000,0.8131
1749264720,0.81860000,2116.30000000,0.8131
1749264720,0.81870000,56.70000000,0.8131
1749264720,0.81880000,12.40000000,0.8131
1749264720,0.81890000,2131.90000000,0.8131
1749264720,0.81900000,40.40000000,0.8131
1749264720,0.81910000,12253.00000000,0.8131
1749264720,0.81920000,18173.40000000,0.8131
1749264720,0.81930000,10385.90000000,0.8131
1749264720,0.81940000,12.40000000,0.8131
1749264720,0.81950000,12.40000000,0.8131
1749264720,0.81960000,12.40000000,0.8131
1749264720,0.81970000,2119.70000000,0.8131
1749264720,0.81980000,12.40000000,0.8131
1749264720,0.81990000,1906.30000000,0.8131
1749264720,0.82000000,2746.00000000,0.8131
1749264720,0.82010000,21.70000000,0.8131
1749264720,0.82020000,12.40000000,0.8131
1749264720,0.82030000,12.40000000,0.8131
1749264720,0.82040000,12.40000000,0.8131
1749264720,0.82050000,2018.70000000,0.8131
1749264720,0.82060000,12.40000000,0.8131
1749264720,0.82070000,12.40000000,0.8131
1749264720,0.82090000,9.30000000,0.8131
1749264720,0.82100000,6.40000000,0.8131
1749264720,0.82130000,9.30000000,0.8131
1749264720,0.82150000,16.60000000,0.8131
1749264720,0.82170000,15.80000000,0.8131
1749264720,0.82180000,13.00000000,0.8131
1749264720,0.82200000,7.20000000,0.8131
1749264720,0.82210000,6.50000000,0.8131
1749264720,0.82230000,61.90000000,0.8131
1749264720,0.82240000,30617.80000000,0.8131
1749264720,0.82250000,11936.00000000,0.8131
1749264720,0.82260000,16.80000000,0.8131
1749264720,0.82290000,6387.20000000,0.8131
1749264720,0.82300000,6.40000000,0.8131
1749264720,0.82310000,7.80000000,0.8131
1749264720,0.82350000,182.40000000,0.8131
1749264720,0.82360000,12.30000000,0.8131
1749264720,0.82370000,24.50000000,0.8131
1749264720,0.82380000,7.40000000,0.8131
1749264720,0.82400000,17.70000000,0.8131
1749264720,0.82410000,6.70000000,0.8131
1749264720,0.82450000,23.10000000,0.8131
1749264720,0.82490000,19.80000000,0.8131
1749264720,0.82500000,25.70000000,0.8131
1749265022,0.81580000,1495.20000000,0.8157
1749265022,0.81590000,1601.50000000,0.8157
1749265022,0.81600000,2722.50000000,0.8157
1749265022,0.81610000,9661.70000000,0.8157
1749265022,0.81620000,17625.60000000,0.8157
1749265022,0.81630000,12674.60000000,0.8157
1749265022,0.81640000,7431.00000000,0.8157
1749265022,0.81650000,4357.40000000,0.8157
1749265022,0.81660000,5104.90000000,0.8157
1749265022,0.81670000,8534.70000000,0.8157
1749265022,0.81680000,14289.40000000,0.8157
1749265022,0.81690000,34473.40000000,0.8157
1749265022,0.81700000,74732.50000000,0.8157
1749265022,0.81710000,26789.60000000,0.8157
1749265022,0.81720000,40528.80000000,0.8157
1749265022,0.81730000,24888.90000000,0.8157
1749265022,0.81740000,18497.40000000,0.8157
1749265022,0.81750000,10221.00000000,0.8157
1749265022,0.81760000,10809.00000000,0.8157
1749265022,0.81770000,16947.90000000,0.8157
1749265022,0.81780000,19739.60000000,0.8157
1749265022,0.81790000,8354.70000000,0.8157
1749265022,0.81800000,2431.20000000,0.8157
1749265022,0.81810000,130.60000000,0.8157
1749265022,0.81820000,822.80000000,0.8157
1749265022,0.81830000,2117.60000000,0.8157
1749265022,0.81840000,19.20000000,0.8157
1749265022,0.81850000,740.40000000,0.8157
1749265022,0.81860000,2116.30000000,0.8157
1749265022,0.81870000,563.40000000,0.8157
1749265022,0.81880000,12.40000000,0.8157
1749265022,0.81890000,12183.40000000,0.8157
1749265022,0.81900000,2245.90000000,0.8157
1749265022,0.81910000,262.90000000,0.8157
1749265022,0.81920000,12.40000000,0.8157
1749265022,0.81930000,880.50000000,0.8157
1749265022,0.81940000,12.40000000,0.8157
1749265022,0.81950000,2114.50000000,0.8157
1749265022,0.81960000,632.50000000,0.8157
1749265022,0.81970000,21.70000000,0.8157
1749265022,0.81980000,2770.10000000,0.8157
1749265022,0.81990000,45.30000000,0.8157
1749265022,0.82000000,905.00000000,0.8157
1749265022,0.82010000,2120.20000000,0.8157
1749265022,0.82020000,608.80000000,0.8157
1749265022,0.82030000,12.40000000,0.8157
1749265022,0.82040000,2111.90000000,0.8157
1749265022,0.82050000,21.70000000,0.8157
1749265022,0.82060000,12.40000000,0.8157
1749265022,0.82070000,2111.90000000,0.8157
1749265022,0.82080000,19.20000000,0.8157
1749265022,0.82090000,21.70000000,0.8157
1749265022,0.82100000,18.80000000,0.8157
1749265022,0.82110000,12.40000000,0.8157
1749265022,0.82120000,12.30000000,0.8157
1749265022,0.82130000,2119.30000000,0.8157
1749265022,0.82140000,19.00000000,0.8157
1749265022,0.82150000,28.90000000,0.8157
1749265022,0.82160000,12.30000000,0.8157
1749265022,0.82170000,12268.70000000,0.8157
1749265022,0.82180000,27820.20000000,0.8157
1749265022,0.82190000,12.30000000,0.8157
1749265022,0.82200000,19.50000000,0.8157
1749265022,0.82210000,28.10000000,0.8157
1749265022,0.82220000,229.60000000,0.8157
1749265022,0.82230000,74.20000000,0.8157
1749265022,0.82240000,6144.30000000,0.8157
1749265022,0.82250000,11957.60000000,0.8157
1749265022,0.82260000,29.10000000,0.8157
1749265022,0.82270000,12.30000000,0.8157
1749265022,0.82280000,12.30000000,0.8157
1749265022,0.82290000,4245.80000000,0.8157
1749265022,0.82300000,18.70000000,0.8157
1749265022,0.82310000,20.10000000,0.8157
1749265022,0.82320000,12.30000000,0.8157
1749265022,0.82330000,21.60000000,0.8157
1749265022,0.82350000,182.40000000,0.8157
1749265022,0.82360000,12.30000000,0.8157
1749265022,0.82370000,33.70000000,0.8157
1749265022,0.82380000,7.40000000,0.8157
1749265022,0.82400000,17.70000000,0.8157
1749265022,0.82410000,6.70000000,0.8157
1749265022,0.82450000,23.10000000,0.8157
1749265022,0.82490000,19.80000000,0.8157
1749265022,0.82500000,25.70000000,0.8157
1749265022,0.82530000,6.50000000,0.8157
1749265022,0.82560000,37.10000000,0.8157
1749265022,0.82590000,44.30000000,0.8157
1749265022,0.82600000,6.40000000,0.8157
1749265022,0.82610000,12242.90000000,0.8157
1749265022,0.82620000,12242.90000000,0.8157
1749265022,0.82630000,50000.00000000,0.8157
1749265022,0.82640000,68.80000000,0.8157
1749265022,0.82660000,50014.30000000,0.8157
1749265022,0.82700000,50013.00000000,0.8157
1749265022,0.82720000,50012.80000000,0.8157
1749265022,0.82730000,50017.60000000,0.8157
1749265022,0.82750000,16.50000000,0.8157
1749265022,0.82770000,153.90000000,0.8157
1749265022,0.82790000,57.80000000,0.8157
1749265323,0.81390000,461.60000000,0.8138
1749265323,0.81400000,1213.20000000,0.8138
1749265323,0.81410000,1918.00000000,0.8138
1749265323,0.81420000,2374.00000000,0.8138
1749265323,0.81430000,1173.30000000,0.8138
1749265323,0.81440000,1744.60000000,0.8138
1749265323,0.81450000,8207.60000000,0.8138
1749265323,0.81460000,23166.50000000,0.8138
1749265323,0.81470000,15396.70000000,0.8138
1749265323,0.81480000,8290.90000000,0.8138
1749265323,0.81490000,3444.60000000,0.8138
1749265323,0.81500000,5639.40000000,0.8138
1749265323,0.81510000,16098.50000000,0.8138
1749265323,0.81520000,32454.20000000,0.8138
1749265323,0.81530000,37537.60000000,0.8138
1749265323,0.81540000,76746.90000000,0.8138
1749265323,0.81550000,33511.60000000,0.8138
1749265323,0.81560000,10871.30000000,0.8138
1749265323,0.81570000,5838.90000000,0.8138
1749265323,0.81580000,15321.10000000,0.8138
1749265323,0.81590000,22405.40000000,0.8138
1749265323,0.81600000,18684.80000000,0.8138
1749265323,0.81610000,10322.50000000,0.8138
1749265323,0.81620000,5761.30000000,0.8138
1749265323,0.81630000,962.80000000,0.8138
1749265323,0.81640000,26.70000000,0.8138
1749265323,0.81650000,2131.60000000,0.8138
1749265323,0.81660000,19.20000000,0.8138
1749265323,0.81670000,12.40000000,0.8138
1749265323,0.81680000,2834.20000000,0.8138
1749265323,0.81690000,21.70000000,0.8138
1749265323,0.81700000,10394.40000000,0.8138
1749265323,0.81710000,2118.10000000,0.8138
1749265323,0.81720000,1591.20000000,0.8138
1749265323,0.81730000,1855.70000000,0.8138
1749265323,0.81740000,3343.90000000,0.8138
1749265323,0.81750000,12.40000000,0.8138
1749265323,0.81760000,694.50000000,0.8138
1749265323,0.81770000,2129.20000000,0.8138
1749265323,0.81780000,19.20000000,0.8138
1749265323,0.81790000,12.40000000,0.8138
1749265323,0.81800000,2124.80000000,0.8138
1749265323,0.81810000,28.30000000,0.8138
1749265323,0.81820000,12.40000000,0.8138
1749265323,0.81830000,2117.60000000,0.8138
1749265323,0.81840000,19.20000000,0.8138
1749265323,0.81850000,38.40000000,0.8138
1749265323,0.81860000,2116.30000000,0.8138
1749265323,0.81870000,56.70000000,0.8138
1749265323,0.81880000,12.40000000,0.8138
1749265323,0.81890000,2336.50000000,0.8138
1749265323,0.81900000,2143.80000000,0.8138
1749265323,0.81910000,262.90000000,0.8138
1749265323,0.81920000,6131.60000000,0.8138
1749265323,0.81930000,7001.90000000,0.8138
1749265323,0.81940000,5082.60000000,0.8138
1749265323,0.81950000,4083.50000000,0.8138
1749265323,0.81960000,632.50000000,0.8138
1749265323,0.81970000,18206.50000000,0.8138
1749265323,0.81980000,12.40000000,0.8138
1749265323,0.81990000,45.30000000,0.8138
1749265323,0.82000000,905.00000000,0.8138
1749265323,0.82010000,21.70000000,0.8138
1749265323,0.82020000,19.20000000,0.8138
1749265323,0.82030000,12.40000000,0.8138
1749265323,0.82040000,12.40000000,0.8138
1749265323,0.82050000,17779.70000000,0.8138
1749265323,0.82060000,12.40000000,0.8138
1749265323,0.82070000,2230.40000000,0.8138
1749265323,0.82080000,12.40000000,0.8138
1749265323,0.82090000,21.70000000,0.8138
1749265323,0.82100000,18.80000000,0.8138
1749265323,0.82110000,1911.40000000,0.8138
1749265323,0.82120000,1899.40000000,0.8138
1749265323,0.82130000,21.60000000,0.8138
1749265323,0.82140000,12.30000000,0.8138
1749265323,0.82150000,16.60000000,0.8138
1749265323,0.82170000,15.80000000,0.8138
1749265323,0.82180000,13.00000000,0.8138
1749265323,0.82200000,7.20000000,0.8138
1749265323,0.82210000,15.80000000,0.8138
1749265323,0.82220000,217.30000000,0.8138
1749265323,0.82230000,12304.80000000,0.8138
1749265323,0.82240000,12253.50000000,0.8138
1749265323,0.82250000,11945.30000000,0.8138
1749265323,0.82260000,16.80000000,0.8138
1749265323,0.82290000,4233.50000000,0.8138
1749265323,0.82300000,6.40000000,0.8138
1749265323,0.82310000,7.80000000,0.8138
1749265323,0.82330000,9.30000000,0.8138
1749265323,0.82350000,182.40000000,0.8138
1749265323,0.82360000,12.30000000,0.8138
1749265323,0.82370000,33.70000000,0.8138
1749265323,0.82380000,7.40000000,0.8138
1749265323,0.82400000,17.70000000,0.8138
1749265323,0.82410000,6.70000000,0.8138
1749265323,0.82450000,23.10000000,0.8138
1749265323,0.82490000,19.80000000,0.8138
1749265323,0.82500000,25.70000000,0.8138
1749265323,0.82530000,6.50000000,0.8138
1749265625,0.81630000,19.10000000,0.8163
1749265625,0.81640000,353.40000000,0.8163
1749265625,0.81650000,962.40000000,0.8163
1749265625,0.81660000,1572.10000000,0.8163
1749265625,0.81670000,1595.20000000,0.8163
1749265625,0.81680000,2882.90000000,0.8163
1749265625,0.81690000,6501.10000000,0.8163
1749265625,0.81700000,6441.60000000,0.8163
1749265625,0.81710000,10759.20000000,0.8163
1749265625,0.81720000,35058.60000000,0.8163
1749265625,0.81730000,15685.90000000,0.8163
1749265625,0.81740000,20262.60000000,0.8163
1749265625,0.81750000,26313.20000000,0.8163
1749265625,0.81760000,36243.30000000,0.8163
1749265625,0.81770000,22215.30000000,0.8163
1749265625,0.81780000,46878.70000000,0.8163
1749265625,0.81790000,32660.50000000,0.8163
1749265625,0.81800000,15181.50000000,0.8163
1749265625,0.81810000,29659.90000000,0.8163
1749265625,0.81820000,8464.30000000,0.8163
1749265625,0.81830000,30998.40000000,0.8163
1749265625,0.81840000,10172.10000000,0.8163
1749265625,0.81850000,15016.20000000,0.8163
1749265625,0.81860000,7917.70000000,0.8163
1749265625,0.81870000,786.80000000,0.8163
1749265625,0.81880000,12.40000000,0.8163
1749265625,0.81890000,2744.50000000,0.8163
1749265625,0.81900000,2246.00000000,0.8163
1749265625,0.81910000,848.90000000,0.8163
1749265625,0.81920000,684.40000000,0.8163
1749265625,0.81930000,634.80000000,0.8163
1749265625,0.81940000,5648.60000000,0.8163
1749265625,0.81950000,2114.50000000,0.8163
1749265625,0.81960000,11742.30000000,0.8163
1749265625,0.81970000,21.70000000,0.8163
1749265625,0.81980000,12.40000000,0.8163
1749265625,0.81990000,12.40000000,0.8163
1749265625,0.82000000,905.00000000,0.8163
1749265625,0.82010000,2122.30000000,0.8163
1749265625,0.82020000,19.20000000,0.8163
1749265625,0.82030000,2702.00000000,0.8163
1749265625,0.82040000,12.40000000,0.8163
1749265625,0.82050000,21.70000000,0.8163
1749265625,0.82060000,2767.80000000,0.8163
1749265625,0.82070000,12.40000000,0.8163
1749265625,0.82080000,19.20000000,0.8163
1749265625,0.82090000,21.70000000,0.8163
1749265625,0.82100000,2117.30000000,0.8163
1749265625,0.82110000,217.00000000,0.8163
1749265625,0.82120000,2110.40000000,0.8163
1749265625,0.82130000,21.60000000,0.8163
1749265625,0.82140000,19.00000000,0.8163
1749265625,0.82150000,2126.40000000,0.8163
1749265625,0.82160000,624.90000000,0.8163
1749265625,0.82170000,28.10000000,0.8163
1749265625,0.82180000,25.30000000,0.8163
1749265625,0.82190000,2107.70000000,0.8163
1749265625,0.82200000,26.20000000,0.8163
1749265625,0.82210000,2123.50000000,0.8163
1749265625,0.82220000,229.60000000,0.8163
1749265625,0.82230000,2169.10000000,0.8163
1749265625,0.82240000,12263.50000000,0.8163
1749265625,0.82250000,22035.00000000,0.8163
1749265625,0.82260000,281.50000000,0.8163
1749265625,0.82270000,12.30000000,0.8163
1749265625,0.82280000,12.30000000,0.8163
1749265625,0.82290000,4245.80000000,0.8163
1749265625,0.82300000,6140.10000000,0.8163
1749265625,0.82310000,18018.60000000,0.8163
1749265625,0.82320000,12.30000000,0.8163
1749265625,0.82330000,21.60000000,0.8163
1749265625,0.82340000,12.30000000,0.8163
1749265625,0.82350000,194.70000000,0.8163
1749265625,0.82360000,24.60000000,0.8163
1749265625,0.82370000,46.00000000,0.8163
1749265625,0.82380000,19.70000000,0.8163
1749265625,0.82400000,17.70000000,0.8163
1749265625,0.82410000,15.90000000,0.8163
1749265625,0.82440000,32.80000000,0.8163
1749265625,0.82450000,32.30000000,0.8163
1749265625,0.82470000,1975.00000000,0.8163
1749265625,0.82490000,29.00000000,0.8163
1749265625,0.82500000,1878.70000000,0.8163
1749265625,0.82530000,6.50000000,0.8163
1749265625,0.82540000,1836.00000000,0.8163
1749265625,0.82560000,37.10000000,0.8163
1749265625,0.82590000,1872.30000000,0.8163
1749265625,0.82600000,6.40000000,0.8163
1749265625,0.82640000,68.80000000,0.8163
1749265625,0.82660000,14.30000000,0.8163
1749265625,0.82670000,1948.00000000,0.8163
1749265625,0.82700000,13.00000000,0.8163
1749265625,0.82720000,12.80000000,0.8163
1749265625,0.82730000,17.60000000,0.8163
1749265625,0.82750000,16.50000000,0.8163
1749265625,0.82770000,153.90000000,0.8163
1749265625,0.82790000,24543.60000000,0.8163
1749265625,0.82800000,50006.40000000,0.8163
1749265625,0.82810000,13.00000000,0.8163
1749265625,0.82820000,50000.00000000,0.8163
1749265926,0.81800000,798.20000000,0.8179
1749265926,0.81810000,592.10000000,0.8179
1749265926,0.81820000,596.40000000,0.8179
1749265926,0.81830000,2432.80000000,0.8179
1749265926,0.81840000,10607.40000000,0.8179
1749265926,0.81850000,12660.80000000,0.8179
1749265926,0.81860000,5647.30000000,0.8179
1749265926,0.81870000,1763.80000000,0.8179
1749265926,0.81880000,5279.90000000,0.8179
1749265926,0.81890000,12467.00000000,0.8179
1749265926,0.81900000,19014.20000000,0.8179
1749265926,0.81910000,22439.80000000,0.8179
1749265926,0.81920000,22081.60000000,0.8179
1749265926,0.81930000,30963.70000000,0.8179
1749265926,0.81940000,23907.60000000,0.8179
1749265926,0.81950000,38185.20000000,0.8179
1749265926,0.81960000,30659.60000000,0.8179
1749265926,0.81970000,25030.60000000,0.8179
1749265926,0.81980000,5852.10000000,0.8179
1749265926,0.81990000,9763.90000000,0.8179
1749265926,0.82000000,6291.00000000,0.8179
1749265926,0.82010000,2428.30000000,0.8179
1749265926,0.82020000,525.50000000,0.8179
1749265926,0.82030000,2418.40000000,0.8179
1749265926,0.82040000,12.40000000,0.8179
1749265926,0.82050000,551.50000000,0.8179
1749265926,0.82060000,2417.70000000,0.8179
1749265926,0.82070000,12.40000000,0.8179
1749265926,0.82080000,427.10000000,0.8179
1749265926,0.82090000,10053.50000000,0.8179
1749265926,0.82100000,2423.30000000,0.8179
1749265926,0.82110000,523.00000000,0.8179
1749265926,0.82120000,2360.90000000,0.8179
1749265926,0.82130000,5080.10000000,0.8179
1749265926,0.82140000,19.00000000,0.8179
1749265926,0.82150000,2716.00000000,0.8179
1749265926,0.82160000,624.90000000,0.8179
1749265926,0.82170000,28.10000000,0.8179
1749265926,0.82180000,681.40000000,0.8179
1749265926,0.82190000,2107.70000000,0.8179
1749265926,0.82200000,26.20000000,0.8179
1749265926,0.82210000,2123.50000000,0.8179
1749265926,0.82220000,12.30000000,0.8179
1749265926,0.82230000,2151.50000000,0.8179
1749265926,0.82240000,6144.30000000,0.8179
1749265926,0.82250000,11957.60000000,0.8179
1749265926,0.82260000,281.50000000,0.8179
1749265926,0.82270000,12.30000000,0.8179
1749265926,0.82280000,12.30000000,0.8179
1749265926,0.82290000,4245.80000000,0.8179
1749265926,0.82300000,8229.50000000,0.8179
1749265926,0.82310000,20.10000000,0.8179
1749265926,0.82320000,19.00000000,0.8179
1749265926,0.82330000,21.60000000,0.8179
1749265926,0.82340000,2104.60000000,0.8179
1749265926,0.82350000,10263.60000000,0.8179
1749265926,0.82360000,24.60000000,0.8179
1749265926,0.82370000,46.00000000,0.8179
1749265926,0.82380000,26.40000000,0.8179
1749265926,0.82390000,12.30000000,0.8179
1749265926,0.82400000,30.00000000,0.8179
1749265926,0.82410000,28.20000000,0.8179
1749265926,0.82420000,12.30000000,0.8179
1749265926,0.82430000,12.30000000,0.8179
1749265926,0.82440000,18134.70000000,0.8179
1749265926,0.82450000,44.60000000,0.8179
1749265926,0.82460000,12.30000000,0.8179
1749265926,0.82470000,12.30000000,0.8179
1749265926,0.82480000,12.30000000,0.8179
1749265926,0.82490000,41.30000000,0.8179
1749265926,0.82500000,38.00000000,0.8179
1749265926,0.82510000,12.30000000,0.8179
1749265926,0.82520000,12.30000000,0.8179
1749265926,0.82530000,28.00000000,0.8179
1749265926,0.82540000,12.30000000,0.8179
1749265926,0.82550000,12.30000000,0.8179
1749265926,0.82560000,254.40000000,0.8179
1749265926,0.82570000,9.20000000,0.8179
1749265926,0.82590000,44.30000000,0.8179
1749265926,0.82600000,6.40000000,0.8179
1749265926,0.82610000,9.20000000,0.8179
1749265926,0.82640000,68.80000000,0.8179
1749265926,0.82660000,14.30000000,0.8179
1749265926,0.82700000,13.00000000,0.8179
1749265926,0.82720000,12.80000000,0.8179
1749265926,0.82750000,16.50000000,0.8179
1749265926,0.82770000,153.90000000,0.8179
1749265926,0.82780000,6117.70000000,0.8179
1749265926,0.82790000,24543.60000000,0.8179
1749265926,0.82800000,50006.40000000,0.8179
1749265926,0.82810000,13.00000000,0.8179
1749265926,0.82820000,50000.00000000,0.8179
1749265926,0.82830000,50000.00000000,0.8179
1749265926,0.82850000,50006.50000000,0.8179
1749265926,0.82860000,7.40000000,0.8179
1749265926,0.82880000,50000.00000000,0.8179
1749265926,0.82900000,50256.20000000,0.8179
1749265926,0.82940000,213.40000000,0.8179
1749265926,0.82950000,44.30000000,0.8179
1749265926,0.82980000,10.60000000,0.8179
1749266228,0.81880000,1603.10000000,0.8187
1749266228,0.81890000,1419.20000000,0.8187
1749266228,0.81900000,1541.00000000,0.8187
1749266228,0.81910000,911.40000000,0.8187
1749266228,0.81920000,1072.50000000,0.8187
1749266228,0.81930000,1853.90000000,0.8187
1749266228,0.81940000,753.40000000,0.8187
1749266228,0.81950000,3874.60000000,0.8187
1749266228,0.81960000,16994.80000000,0.8187
1749266228,0.81970000,23173.20000000,0.8187
1749266228,0.81980000,14903.50000000,0.8187
1749266228,0.81990000,36697.30000000,0.8187
1749266228,0.82000000,36521.10000000,0.8187
1749266228,0.82010000,14423.00000000,0.8187
1749266228,0.82020000,6256.00000000,0.8187
1749266228,0.82030000,14600.80000000,0.8187
1749266228,0.82040000,21405.20000000,0.8187
1749266228,0.82050000,23341.10000000,0.8187
1749266228,0.82060000,12377.50000000,0.8187
1749266228,0.82070000,32692.30000000,0.8187
1749266228,0.82080000,50579.60000000,0.8187
1749266228,0.82090000,9687.70000000,0.8187
1749266228,0.82100000,6666.30000000,0.8187
1749266228,0.82110000,318.40000000,0.8187
1749266228,0.82120000,6380.20000000,0.8187
1749266228,0.82130000,551.40000000,0.8187
1749266228,0.82140000,853.00000000,0.8187
1749266228,0.82150000,7298.10000000,0.8187
1749266228,0.82160000,930.90000000,0.8187
1749266228,0.82170000,1605.50000000,0.8187
1749266228,0.82180000,331.30000000,0.8187
1749266228,0.82190000,2413.70000000,0.8187
1749266228,0.82200000,532.50000000,0.8187
1749266228,0.82210000,2429.50000000,0.8187
1749266228,0.82220000,12.30000000,0.8187
1749266228,0.82230000,12287.30000000,0.8187
1749266228,0.82240000,328.90000000,0.8187
1749266228,0.82250000,12263.60000000,0.8187
1749266228,0.82260000,341.80000000,0.8187
1749266228,0.82270000,12.30000000,0.8187
1749266228,0.82280000,2406.80000000,0.8187
1749266228,0.82290000,4245.80000000,0.8187
1749266228,0.82300000,2111.80000000,0.8187
1749266228,0.82310000,676.20000000,0.8187
1749266228,0.82320000,6125.50000000,0.8187
1749266228,0.82330000,5907.90000000,0.8187
1749266228,0.82340000,2309.20000000,0.8187
1749266228,0.82350000,194.70000000,0.8187
1749266228,0.82360000,24.60000000,0.8187
1749266228,0.82370000,2135.80000000,0.8187
1749266228,0.82380000,26.40000000,0.8187
1749266228,0.82390000,12.30000000,0.8187
1749266228,0.82400000,2120.50000000,0.8187
1749266228,0.82410000,28.20000000,0.8187
1749266228,0.82420000,12.30000000,0.8187
1749266228,0.82430000,2102.10000000,0.8187
1749266228,0.82440000,51.80000000,0.8187
1749266228,0.82450000,44.60000000,0.8187
1749266228,0.82460000,2101.60000000,0.8187
1749266228,0.82470000,12.30000000,0.8187
1749266228,0.82480000,12.30000000,0.8187
1749266228,0.82490000,2129.80000000,0.8187
1749266228,0.82500000,44.70000000,0.8187
1749266228,0.82510000,12.30000000,0.8187
1749266228,0.82520000,12.30000000,0.8187
1749266228,0.82530000,6133.00000000,0.8187
1749266228,0.82540000,10055.70000000,0.8187
1749266228,0.82550000,12.30000000,0.8187
1749266228,0.82560000,6371.70000000,0.8187
1749266228,0.82570000,17729.00000000,0.8187
1749266228,0.82580000,12.30000000,0.8187
1749266228,0.82590000,56.60000000,0.8187
1749266228,0.82600000,264.40000000,0.8187
1749266228,0.82610000,21.50000000,0.8187
1749266228,0.82620000,12.30000000,0.8187
1749266228,0.82630000,1743.30000000,0.8187
1749266228,0.82640000,68.80000000,0.8187
1749266228,0.82650000,9.20000000,0.8187
1749266228,0.82660000,14.30000000,0.8187
1749266228,0.82680000,1675.00000000,0.8187
1749266228,0.82690000,9.20000000,0.8187
1749266228,0.82700000,13.00000000,0.8187
1749266228,0.82720000,12.80000000,0.8187
1749266228,0.82730000,1560.20000000,0.8187
1749266228,0.82750000,16.50000000,0.8187
1749266228,0.82770000,153.90000000,0.8187
1749266228,0.82790000,57.80000000,0.8187
1749266228,0.82800000,6.40000000,0.8187
1749266228,0.82810000,13.00000000,0.8187
1749266228,0.82820000,1622.00000000,0.8187
1749266228,0.82850000,6.50000000,0.8187
1749266228,0.82860000,7.40000000,0.8187
1749266228,0.82900000,2001.20000000,0.8187
1749266228,0.82950000,44.30000000,0.8187
1749266228,0.82980000,10.60000000,0.8187
1749266228,0.83000000,2765.90000000,0.8187
1749266228,0.83030000,6.70000000,0.8187
1749266228,0.83060000,28.80000000,0.8187
1749266228,0.83080000,4224.20000000,0.8187
1749266228,0.83100000,7.20000000,0.8187
1749266529,0.81700000,117.20000000,0.8171
1749266529,0.81710000,1383.70000000,0.8171
1749266529,0.81720000,1711.50000000,0.8171
1749266529,0.81730000,1639.40000000,0.8171
1749266529,0.81740000,1111.10000000,0.8171
1749266529,0.81750000,4632.50000000,0.8171
1749266529,0.81760000,14856.80000000,0.8171
1749266529,0.81770000,18223.10000000,0.8171
1749266529,0.81780000,8770.20000000,0.8171
1749266529,0.81790000,12133.80000000,0.8171
1749266529,0.81800000,38714.10000000,0.8171
1749266529,0.81810000,28084.10000000,0.8171
1749266529,0.81820000,8786.50000000,0.8171
1749266529,0.81830000,30450.00000000,0.8171
1749266529,0.81840000,55393.20000000,0.8171
1749266529,0.81850000,21055.10000000,0.8171
1749266529,0.81860000,7951.60000000,0.8171
1749266529,0.81870000,11203.50000000,0.8171
1749266529,0.81880000,42538.40000000,0.8171
1749266529,0.81890000,28353.60000000,0.8171
1749266529,0.81900000,6855.30000000,0.8171
1749266529,0.81910000,4921.70000000,0.8171
1749266529,0.81920000,904.90000000,0.8171
1749266529,0.81930000,5465.30000000,0.8171
1749266529,0.81940000,318.30000000,0.8171
1749266529,0.81950000,1212.80000000,0.8171
1749266529,0.81960000,2413.70000000,0.8171
1749266529,0.81970000,1014.70000000,0.8171
1749266529,0.81980000,965.40000000,0.8171
1749266529,0.81990000,420.10000000,0.8171
1749266529,0.82000000,1825.00000000,0.8171
1749266529,0.82010000,3716.90000000,0.8171
1749266529,0.82020000,325.20000000,0.8171
1749266529,0.82030000,12255.20000000,0.8171
1749266529,0.82040000,328.70000000,0.8171
1749266529,0.82050000,528.00000000,0.8171
1749266529,0.82060000,2417.70000000,0.8171
1749266529,0.82070000,12.40000000,0.8171
1749266529,0.82080000,914.80000000,0.8171
1749266529,0.82090000,21.70000000,0.8171
1749266529,0.82100000,4625.50000000,0.8171
1749266529,0.82110000,12.40000000,0.8171
1749266529,0.82120000,2360.90000000,0.8171
1749266529,0.82130000,234.40000000,0.8171
1749266529,0.82140000,6125.50000000,0.8171
1749266529,0.82150000,7183.60000000,0.8171
1749266529,0.82160000,12.30000000,0.8171
1749266529,0.82170000,684.20000000,0.8171
1749266529,0.82180000,25.30000000,0.8171
1749266529,0.82190000,2107.70000000,0.8171
1749266529,0.82200000,34.40000000,0.8171
1749266529,0.82210000,2123.50000000,0.8171
1749266529,0.82220000,12.30000000,0.8171
1749266529,0.82230000,2151.50000000,0.8171
1749266529,0.82240000,6127.90000000,0.8171
1749266529,0.82250000,11957.60000000,0.8171
1749266529,0.82260000,35.80000000,0.8171
1749266529,0.82270000,12.30000000,0.8171
1749266529,0.82280000,2100.80000000,0.8171
1749266529,0.82290000,4245.80000000,0.8171
1749266529,0.82300000,17683.40000000,0.8171
1749266529,0.82310000,12051.50000000,0.8171
1749266529,0.82320000,1860.00000000,0.8171
1749266529,0.82330000,21.60000000,0.8171
1749266529,0.82340000,1731.30000000,0.8171
1749266529,0.82350000,194.70000000,0.8171
1749266529,0.82360000,24.60000000,0.8171
1749266529,0.82370000,2060.00000000,0.8171
1749266529,0.82380000,26.40000000,0.8171
1749266529,0.82390000,12.30000000,0.8171
1749266529,0.82400000,30.00000000,0.8171
1749266529,0.82410000,28.20000000,0.8171
1749266529,0.82420000,12.30000000,0.8171
1749266529,0.82430000,12.30000000,0.8171
1749266529,0.82440000,45.10000000,0.8171
1749266529,0.82450000,44.60000000,0.8171
1749266529,0.82490000,29.00000000,0.8171
1749266529,0.82500000,25.70000000,0.8171
1749266529,0.82530000,15.70000000,0.8171
1749266529,0.82560000,254.40000000,0.8171
1749266529,0.82570000,9.20000000,0.8171
1749266529,0.82590000,1847.30000000,0.8171
1749266529,0.82600000,252.10000000,0.8171
1749266529,0.82610000,9.20000000,0.8171
1749266529,0.82640000,68.80000000,0.8171
1749266529,0.82650000,9.20000000,0.8171
1749266529,0.82660000,14.30000000,0.8171
1749266529,0.82680000,7.30000000,0.8171
1749266529,0.82690000,9.20000000,0.8171
1749266529,0.82700000,13.00000000,0.8171
1749266529,0.82720000,12.80000000,0.8171
1749266529,0.82730000,9.20000000,0.8171
1749266529,0.82750000,16.50000000,0.8171
1749266529,0.82770000,153.90000000,0.8171
1749266529,0.82790000,57.80000000,0.8171
1749266529,0.82800000,6.40000000,0.8171
1749266529,0.82810000,13.00000000,0.8171
1749266529,0.82850000,6.50000000,0.8171
1749266529,0.82860000,7.40000000,0.8171
1749266529,0.82900000,256.20000000,0.8171
1749266831,0.81940000,1095.20000000,0.8194
1749266831,0.81950000,698.50000000,0.8194
1749266831,0.81960000,1210.50000000,0.8194
1749266831,0.81970000,3365.40000000,0.8194
1749266831,0.81980000,8398.40000000,0.8194
1749266831,0.81990000,5041.60000000,0.8194
1749266831,0.82000000,7879.50000000,0.8194
1749266831,0.82010000,15845.90000000,0.8194
1749266831,0.82020000,3976.20000000,0.8194
1749266831,0.82030000,11652.40000000,0.8194
1749266831,0.82040000,12210.60000000,0.8194
1749266831,0.82050000,11976.60000000,0.8194
1749266831,0.82060000,15021.50000000,0.8194
1749266831,0.82070000,8969.60000000,0.8194
1749266831,0.82080000,22573.60000000,0.8194
1749266831,0.82090000,42655.20000000,0.8194
1749266831,0.82100000,39738.10000000,0.8194
1749266831,0.82110000,44321.00000000,0.8194
1749266831,0.82120000,32760.50000000,0.8194
1749266831,0.82130000,18016.50000000,0.8194
1749266831,0.82140000,19869.50000000,0.8194
1749266831,0.82150000,7298.10000000,0.8194
1749266831,0.82160000,23092.30000000,0.8194
1749266831,0.82170000,16644.80000000,0.8194
1749266831,0.82180000,5106.70000000,0.8194
1749266831,0.82190000,2637.50000000,0.8194
1749266831,0.82200000,340.40000000,0.8194
1749266831,0.82210000,2629.80000000,0.8194
1749266831,0.82220000,318.30000000,0.8194
1749266831,0.82230000,2457.50000000,0.8194
1749266831,0.82240000,328.90000000,0.8194
1749266831,0.82250000,12263.60000000,0.8194
1749266831,0.82260000,443.50000000,0.8194
1749266831,0.82270000,12.30000000,0.8194
1749266831,0.82280000,12693.60000000,0.8194
1749266831,0.82290000,4551.80000000,0.8194
1749266831,0.82300000,3073.40000000,0.8194
1749266831,0.82310000,28.30000000,0.8194
1749266831,0.82320000,914.60000000,0.8194
1749266831,0.82330000,578.10000000,0.8194
1749266831,0.82340000,2103.60000000,0.8194
1749266831,0.82350000,2490.90000000,0.8194
1749266831,0.82360000,24.60000000,0.8194
1749266831,0.82370000,46.00000000,0.8194
1749266831,0.82380000,6125.40000000,0.8194
1749266831,0.82390000,5054.80000000,0.8194
1749266831,0.82400000,2120.80000000,0.8194
1749266831,0.82410000,28.20000000,0.8194
1749266831,0.82420000,12.30000000,0.8194
1749266831,0.82430000,2101.80000000,0.8194
1749266831,0.82440000,2141.10000000,0.8194
1749266831,0.82450000,44.60000000,0.8194
1749266831,0.82460000,12.30000000,0.8194
1749266831,0.82470000,12.30000000,0.8194
1749266831,0.82480000,12.30000000,0.8194
1749266831,0.82490000,2127.00000000,0.8194
1749266831,0.82500000,44.70000000,0.8194
1749266831,0.82510000,12.30000000,0.8194
1749266831,0.82520000,2099.30000000,0.8194
1749266831,0.82530000,28.00000000,0.8194
1749266831,0.82540000,12.30000000,0.8194
1749266831,0.82550000,6112.10000000,0.8194
1749266831,0.82560000,29949.70000000,0.8194
1749266831,0.82570000,21.50000000,0.8194
1749266831,0.82580000,12.30000000,0.8194
1749266831,0.82590000,56.60000000,0.8194
1749266831,0.82600000,264.40000000,0.8194
1749266831,0.82610000,21.50000000,0.8194
1749266831,0.82620000,12.30000000,0.8194
1749266831,0.82630000,1627.30000000,0.8194
1749266831,0.82640000,81.10000000,0.8194
1749266831,0.82650000,21.50000000,0.8194
1749266831,0.82660000,26.60000000,0.8194
1749266831,0.82670000,12.30000000,0.8194
1749266831,0.82680000,19.60000000,0.8194
1749266831,0.82690000,21.50000000,0.8194
1749266831,0.82700000,13.00000000,0.8194
1749266831,0.82720000,12.80000000,0.8194
1749266831,0.82730000,9.20000000,0.8194
1749266831,0.82750000,1634.50000000,0.8194
1749266831,0.82770000,163.10000000,0.8194
1749266831,0.82790000,57.80000000,0.8194
1749266831,0.82800000,6.40000000,0.8194
1749266831,0.82810000,22.20000000,0.8194
1749266831,0.82850000,6.50000000,0.8194
1749266831,0.82860000,7.40000000,0.8194
1749266831,0.82900000,256.20000000,0.8194
1749266831,0.82920000,1556.00000000,0.8194
1749266831,0.82950000,44.30000000,0.8194
1749266831,0.82980000,10.60000000,0.8194
1749266831,0.83000000,2765.90000000,0.8194
1749266831,0.83030000,6.70000000,0.8194
1749266831,0.83060000,28.80000000,0.8194
1749266831,0.83080000,4224.20000000,0.8194
1749266831,0.83100000,7.20000000,0.8194
1749266831,0.83150000,30499.00000000,0.8194
1749266831,0.83160000,6567.00000000,0.8194
1749266831,0.83170000,6.50000000,0.8194
1749266831,0.83200000,10048.30000000,0.8194
1749266831,0.83270000,50000.00000000,0.8194
1749267132,0.81740000,597.80000000,0.8173
1749267132,0.81750000,2015.10000000,0.8173
1749267132,0.81760000,2086.10000000,0.8173
1749267132,0.81770000,3921.90000000,0.8173
1749267132,0.81780000,8070.60000000,0.8173
1749267132,0.81790000,2928.30000000,0.8173
1749267132,0.81800000,8375.30000000,0.8173
1749267132,0.81810000,10501.60000000,0.8173
1749267132,0.81820000,22879.90000000,0.8173
1749267132,0.81830000,11382.70000000,0.8173
1749267132,0.81840000,18397.90000000,0.8173
1749267132,0.81850000,44660.40000000,0.8173
1749267132,0.81860000,29530.10000000,0.8173
1749267132,0.81870000,4145.70000000,0.8173
1749267132,0.81880000,12789.80000000,0.8173
1749267132,0.81890000,16895.00000000,0.8173
1749267132,0.81900000,22870.50000000,0.8173
1749267132,0.81910000,16797.70000000,0.8173
1749267132,0.81920000,15800.20000000,0.8173
1749267132,0.81930000,61991.40000000,0.8173
1749267132,0.81940000,15138.00000000,0.8173
1749267132,0.81950000,17276.80000000,0.8173
1749267132,0.81960000,27341.90000000,0.8173
1749267132,0.81970000,3101.20000000,0.8173
1749267132,0.81980000,944.30000000,0.8173
1749267132,0.81990000,2506.80000000,0.8173
1749267132,0.82000000,2654.90000000,0.8173
1749267132,0.82010000,327.60000000,0.8173
1749267132,0.82020000,935.20000000,0.8173
1749267132,0.82030000,318.40000000,0.8173
1749267132,0.82040000,2414.90000000,0.8173
1749267132,0.82050000,3118.40000000,0.8173
1749267132,0.82060000,1157.70000000,0.8173
1749267132,0.82070000,318.40000000,0.8173
1749267132,0.82080000,10211.40000000,0.8173
1749267132,0.82090000,327.70000000,0.8173
1749267132,0.82100000,4931.50000000,0.8173
1749267132,0.82110000,318.40000000,0.8173
1749267132,0.82120000,2666.90000000,0.8173
1749267132,0.82130000,925.40000000,0.8173
1749267132,0.82140000,325.00000000,0.8173
1749267132,0.82150000,2432.40000000,0.8173
1749267132,0.82160000,318.30000000,0.8173
1749267132,0.82170000,1429.60000000,0.8173
1749267132,0.82180000,25.30000000,0.8173
1749267132,0.82190000,2107.70000000,0.8173
1749267132,0.82200000,34.40000000,0.8173
1749267132,0.82210000,8222.50000000,0.8173
1749267132,0.82220000,5065.20000000,0.8173
1749267132,0.82230000,2151.50000000,0.8173
1749267132,0.82240000,22.90000000,0.8173
1749267132,0.82250000,11957.60000000,0.8173
1749267132,0.82260000,35.80000000,0.8173
1749267132,0.82270000,12.30000000,0.8173
1749267132,0.82280000,2100.80000000,0.8173
1749267132,0.82290000,4245.80000000,0.8173
1749267132,0.82300000,2111.30000000,0.8173
1749267132,0.82310000,28.30000000,0.8173
1749267132,0.82320000,19.00000000,0.8173
1749267132,0.82330000,6121.40000000,0.8173
1749267132,0.82340000,12171.50000000,0.8173
1749267132,0.82350000,399.30000000,0.8173
1749267132,0.82360000,24.60000000,0.8173
1749267132,0.82370000,46.00000000,0.8173
1749267132,0.82380000,26.40000000,0.8173
1749267132,0.82390000,12.30000000,0.8173
1749267132,0.82400000,1794.00000000,0.8173
1749267132,0.82410000,28.20000000,0.8173
1749267132,0.82420000,6112.10000000,0.8173
1749267132,0.82430000,17920.30000000,0.8173
1749267132,0.82440000,1875.10000000,0.8173
1749267132,0.82450000,44.60000000,0.8173
1749267132,0.82460000,12.30000000,0.8173
1749267132,0.82470000,1865.30000000,0.8173
1749267132,0.82480000,12.30000000,0.8173
1749267132,0.82490000,41.30000000,0.8173
1749267132,0.82500000,1097.70000000,0.8173
1749267132,0.82510000,1709.00000000,0.8173
1749267132,0.82530000,15.70000000,0.8173
1749267132,0.82560000,254.40000000,0.8173
1749267132,0.82570000,9.20000000,0.8173
1749267132,0.82590000,44.30000000,0.8173
1749267132,0.82600000,252.10000000,0.8173
1749267132,0.82610000,9.20000000,0.8173
1749267132,0.82640000,68.80000000,0.8173
1749267132,0.82650000,9.20000000,0.8173
1749267132,0.82660000,14.30000000,0.8173
1749267132,0.82680000,7.30000000,0.8173
1749267132,0.82690000,9.20000000,0.8173
1749267132,0.82700000,2027.00000000,0.8173
1749267132,0.82720000,12.80000000,0.8173
1749267132,0.82730000,9.20000000,0.8173
1749267132,0.82750000,16.50000000,0.8173
1749267132,0.82770000,163.10000000,0.8173
1749267132,0.82790000,57.80000000,0.8173
1749267132,0.82800000,6.40000000,0.8173
1749267132,0.82810000,22.20000000,0.8173
1749267132,0.82850000,6.50000000,0.8173
1749267132,0.82860000,7.40000000,0.8173
1749267132,0.82900000,256.20000000,0.8173
1749267434,0.81890000,34.50000000,0.819
1749267434,0.81900000,46.00000000,0.819
1749267434,0.81910000,1029.10000000,0.819
1749267434,0.81920000,1873.40000000,0.819
1749267434,0.81930000,2350.60000000,0.819
1749267434,0.81940000,6494.20000000,0.819
1749267434,0.81950000,23349.30000000,0.819
1749267434,0.81960000,44663.70000000,0.819
1749267434,0.81970000,26625.10000000,0.819
1749267434,0.81980000,33999.90000000,0.819
1749267434,0.81990000,20515.60000000,0.819
1749267434,0.82000000,20394.90000000,0.819
1749267434,0.82010000,8427.10000000,0.819
1749267434,0.82020000,9535.30000000,0.819
1749267434,0.82030000,15268.60000000,0.819
1749267434,0.82040000,16891.10000000,0.819
1749267434,0.82050000,11482.00000000,0.819
1749267434,0.82060000,22536.10000000,0.819
1749267434,0.82070000,45581.30000000,0.819
1749267434,0.82080000,10665.30000000,0.819
1749267434,0.82090000,5363.60000000,0.819
1749267434,0.82100000,4938.20000000,0.819
1749267434,0.82110000,3979.00000000,0.819
1749267434,0.82120000,6051.70000000,0.819
1749267434,0.82130000,5202.70000000,0.819
1749267434,0.82140000,6007.40000000,0.819
1749267434,0.82150000,2432.40000000,0.819
1749267434,0.82160000,12.30000000,0.819
1749267434,0.82170000,1534.90000000,0.819
1749267434,0.82180000,25.30000000,0.819
1749267434,0.82190000,2413.70000000,0.819
1749267434,0.82200000,34.40000000,0.819
1749267434,0.82210000,2429.50000000,0.819
1749267434,0.82220000,10137.20000000,0.819
1749267434,0.82230000,2457.50000000,0.819
1749267434,0.82240000,952.90000000,0.819
1749267434,0.82250000,12263.60000000,0.819
1749267434,0.82260000,1033.10000000,0.819
1749267434,0.82270000,12.30000000,0.819
1749267434,0.82280000,2968.80000000,0.819
1749267434,0.82290000,5207.90000000,0.819
1749267434,0.82300000,2417.30000000,0.819
1749267434,0.82310000,28.30000000,0.819
1749267434,0.82320000,19.00000000,0.819
1749267434,0.82330000,21.60000000,0.819
1749267434,0.82340000,2661.40000000,0.819
1749267434,0.82350000,399.30000000,0.819
1749267434,0.82360000,2115.90000000,0.819
1749267434,0.82370000,46.00000000,0.819
1749267434,0.82380000,6125.40000000,0.819
1749267434,0.82390000,5054.80000000,0.819
1749267434,0.82400000,2120.80000000,0.819
1749267434,0.82410000,28.20000000,0.819
1749267434,0.82420000,12.30000000,0.819
1749267434,0.82430000,2102.60000000,0.819
1749267434,0.82440000,51.80000000,0.819
1749267434,0.82450000,44.60000000,0.819
1749267434,0.82460000,2101.80000000,0.819
1749267434,0.82470000,12.30000000,0.819
1749267434,0.82480000,12.30000000,0.819
1749267434,0.82490000,2129.00000000,0.819
1749267434,0.82500000,1116.70000000,0.819
1749267434,0.82510000,6112.10000000,0.819
1749267434,0.82520000,13802.40000000,0.819
1749267434,0.82530000,28.00000000,0.819
1749267434,0.82540000,12.30000000,0.819
1749267434,0.82550000,6112.10000000,0.819
1749267434,0.82560000,18123.90000000,0.819
1749267434,0.82570000,21.50000000,0.819
1749267434,0.82580000,12.30000000,0.819
1749267434,0.82590000,56.60000000,0.819
1749267434,0.82600000,264.40000000,0.819
1749267434,0.82610000,21.50000000,0.819
1749267434,0.82620000,12.30000000,0.819
1749267434,0.82630000,12.30000000,0.819
1749267434,0.82640000,81.10000000,0.819
1749267434,0.82650000,9.20000000,0.819
1749267434,0.82660000,14.30000000,0.819
1749267434,0.82680000,7.30000000,0.819
1749267434,0.82690000,9.20000000,0.819
1749267434,0.82700000,13.00000000,0.819
1749267434,0.82720000,12.80000000,0.819
1749267434,0.82730000,9.20000000,0.819
1749267434,0.82750000,1922.50000000,0.819
1749267434,0.82770000,1819.10000000,0.819
1749267434,0.82780000,1848.00000000,0.819
1749267434,0.82790000,57.80000000,0.819
1749267434,0.82800000,6.40000000,0.819
1749267434,0.82810000,22.20000000,0.819
1749267434,0.82850000,6.50000000,0.819
1749267434,0.82860000,7.40000000,0.819
1749267434,0.82890000,1906.00000000,0.819
1749267434,0.82900000,256.20000000,0.819
1749267434,0.82950000,44.30000000,0.819
1749267434,0.82980000,10.60000000,0.819
1749267434,0.83000000,2765.90000000,0.819
1749267434,0.83030000,6.70000000,0.819
1749267434,0.83060000,28.80000000,0.819
1749267434,0.83080000,4224.20000000,0.819
1749267434,0.83100000,7.20000000,0.819
1749267736,0.82110000,904.90000000,0.821
1749267736,0.82120000,2563.20000000,0.821
1749267736,0.82130000,9113.70000000,0.821
1749267736,0.82140000,6965.00000000,0.821
1749267736,0.82150000,3757.70000000,0.821
1749267736,0.82160000,1447.50000000,0.821
1749267736,0.82170000,2915.70000000,0.821
1749267736,0.82180000,3431.10000000,0.821
1749267736,0.82190000,7692.60000000,0.821
1749267736,0.82200000,20381.00000000,0.821
1749267736,0.82210000,36767.40000000,0.821
1749267736,0.82220000,40731.20000000,0.821
1749267736,0.82230000,30196.00000000,0.821
1749267736,0.82240000,34326.00000000,0.821
1749267736,0.82250000,43746.00000000,0.821
1749267736,0.82260000,27722.50000000,0.821
1749267736,0.82270000,8688.30000000,0.821
1749267736,0.82280000,2850.50000000,0.821
