timestamp,price,volume,current_price
1749258361,0.81190000,660.00000000,0.8118
1749258361,0.81200000,1203.00000000,0.8118
1749258361,0.81210000,1786.30000000,0.8118
1749258361,0.81220000,2575.00000000,0.8118
1749258361,0.81230000,7296.60000000,0.8118
1749258361,0.81240000,2933.10000000,0.8118
1749258361,0.81250000,2084.40000000,0.8118
1749258361,0.81260000,3910.60000000,0.8118
1749258361,0.81270000,4260.50000000,0.8118
1749258361,0.81280000,9225.20000000,0.8118
1749258361,0.81290000,17212.00000000,0.8118
1749258361,0.81300000,31236.00000000,0.8118
1749258361,0.81310000,11609.40000000,0.8118
1749258361,0.81320000,3162.20000000,0.8118
1749258361,0.81330000,3949.70000000,0.8118
1749258361,0.81340000,12625.40000000,0.8118
1749258361,0.81350000,8943.40000000,0.8118
1749258361,0.81360000,14060.00000000,0.8118
1749258361,0.81370000,41817.60000000,0.8118
1749258361,0.81380000,45762.40000000,0.8118
1749258361,0.81390000,11385.50000000,0.8118
1749258361,0.81400000,9649.60000000,0.8118
1749258361,0.81410000,327.80000000,0.8118
1749258361,0.81420000,1020.20000000,0.8118
1749258361,0.81430000,1163.20000000,0.8118
1749258361,0.81440000,6695.40000000,0.8118
1749258361,0.81450000,358.50000000,0.8118
1749258361,0.81460000,318.40000000,0.8118
1749258361,0.81470000,2430.90000000,0.8118
1749258361,0.81480000,19.20000000,0.8118
1749258361,0.81490000,995.70000000,0.8118
1749258361,0.81500000,2472.90000000,0.8118
1749258361,0.81510000,4586.90000000,0.8118
1749258361,0.81520000,1240.10000000,0.8118
1749258361,0.81530000,12487.20000000,0.8118
1749258361,0.81540000,32.20000000,0.8118
1749258361,0.81550000,964.10000000,0.8118
1749258361,0.81560000,2446.80000000,0.8118
1749258361,0.81570000,335.40000000,0.8118
1749258361,0.81580000,599.00000000,0.8118
1749258361,0.81590000,2123.90000000,0.8118
1749258361,0.81600000,712.70000000,0.8118
1749258361,0.81610000,21.70000000,0.8118
1749258361,0.81620000,2744.20000000,0.8118
1749258361,0.81630000,24.80000000,0.8118
1749258361,0.81640000,26.70000000,0.8118
1749258361,0.81650000,2751.50000000,0.8118
1749258361,0.81660000,2126.20000000,0.8118
1749258361,0.81670000,831.50000000,0.8118
1749258361,0.81680000,12.40000000,0.8118
1749258361,0.81690000,21.70000000,0.8118
1749258361,0.81700000,43.20000000,0.8118
1749258361,0.81710000,2369.70000000,0.8118
1749258361,0.81720000,19.20000000,0.8118
1749258361,0.81730000,39.30000000,0.8118
1749258361,0.81740000,14359.80000000,0.8118
1749258361,0.81750000,17899.40000000,0.8118
1749258361,0.81760000,81.20000000,0.8118
1749258361,0.81770000,21.70000000,0.8118
1749258361,0.81780000,19.20000000,0.8118
1749258361,0.81790000,12.40000000,0.8118
1749258361,0.81800000,19.10000000,0.8118
1749258361,0.81810000,28.30000000,0.8118
1749258361,0.81820000,12.40000000,0.8118
1749258361,0.81830000,10149.00000000,0.8118
1749258361,0.81840000,1961.40000000,0.8118
1749258361,0.81850000,38.40000000,0.8118
1749258361,0.81860000,12.40000000,0.8118
1749258361,0.81870000,1990.70000000,0.8118
1749258361,0.81880000,12.40000000,0.8118
1749258361,0.81890000,28.20000000,0.8118
1749258361,0.81900000,33.60000000,0.8118
1749258361,0.81910000,1739.40000000,0.8118
1749258361,0.81920000,12.40000000,0.8118
1749258361,0.81930000,21.70000000,0.8118
1749258361,0.81940000,12.40000000,0.8118
1749258361,0.81970000,9.30000000,0.8118
1749258361,0.81980000,18364.30000000,0.8118
1749258361,0.81990000,6866.00000000,0.8118
1749258361,0.82000000,3359.60000000,0.8118
1749258361,0.82010000,9.30000000,0.8118
1749258361,0.82050000,9.30000000,0.8118
1749258361,0.82090000,1832.30000000,0.8118
1749258361,0.82100000,6.40000000,0.8118
1749258361,0.82130000,9.30000000,0.8118
1749258361,0.82150000,16.60000000,0.8118
1749258361,0.82170000,15.80000000,0.8118
1749258361,0.82180000,13.00000000,0.8118
1749258361,0.82200000,7.20000000,0.8118
1749258361,0.82210000,6.50000000,0.8118
1749258361,0.82230000,61.90000000,0.8118
1749258361,0.82240000,12253.50000000,0.8118
1749258361,0.82250000,11936.00000000,0.8118
1749258361,0.82260000,16.80000000,0.8118
1749258361,0.82290000,4224.20000000,0.8118
1749258361,0.82300000,6.40000000,0.8118
1749258361,0.82310000,7.80000000,0.8118
1749258361,0.82350000,182.40000000,0.8118
1749258361,0.82360000,12.30000000,0.8118
1749258361,0.82370000,24.50000000,0.8118
1749258663,0.81110000,107.40000000,0.8112
1749258663,0.81120000,1377.70000000,0.8112
1749258663,0.81130000,5460.50000000,0.8112
1749258663,0.81140000,7944.60000000,0.8112
1749258663,0.81150000,3499.00000000,0.8112
1749258663,0.81160000,5518.00000000,0.8112
1749258663,0.81170000,1034.90000000,0.8112
1749258663,0.81180000,2178.30000000,0.8112
1749258663,0.81190000,5092.30000000,0.8112
1749258663,0.81200000,1646.40000000,0.8112
1749258663,0.81210000,6670.50000000,0.8112
1749258663,0.81220000,27772.40000000,0.8112
1749258663,0.81230000,21943.10000000,0.8112
1749258663,0.81240000,16170.30000000,0.8112
1749258663,0.81250000,16697.80000000,0.8112
1749258663,0.81260000,16538.10000000,0.8112
1749258663,0.81270000,13563.00000000,0.8112
1749258663,0.81280000,4811.10000000,0.8112
1749258663,0.81290000,31667.00000000,0.8112
1749258663,0.81300000,48806.50000000,0.8112
1749258663,0.81310000,14512.20000000,0.8112
1749258663,0.81320000,3941.50000000,0.8112
1749258663,0.81330000,797.50000000,0.8112
1749258663,0.81340000,11586.10000000,0.8112
1749258663,0.81350000,6345.50000000,0.8112
1749258663,0.81360000,3030.00000000,0.8112
1749258663,0.81370000,327.60000000,0.8112
1749258663,0.81380000,349.30000000,0.8112
1749258663,0.81390000,2420.30000000,0.8112
1749258663,0.81400000,318.50000000,0.8112
1749258663,0.81410000,943.40000000,0.8112
1749258663,0.81420000,333.20000000,0.8112
1749258663,0.81430000,325.90000000,0.8112
1749258663,0.81440000,2462.20000000,0.8112
1749258663,0.81450000,327.80000000,0.8112
1749258663,0.81460000,10719.60000000,0.8112
1749258663,0.81470000,2430.90000000,0.8112
1749258663,0.81480000,19.20000000,0.8112
1749258663,0.81490000,21.70000000,0.8112
1749258663,0.81500000,2692.50000000,0.8112
1749258663,0.81510000,4311.70000000,0.8112
1749258663,0.81520000,319.60000000,0.8112
1749258663,0.81530000,2921.10000000,0.8112
1749258663,0.81540000,32.20000000,0.8112
1749258663,0.81550000,627.30000000,0.8112
1749258663,0.81560000,2140.80000000,0.8112
1749258663,0.81570000,335.40000000,0.8112
1749258663,0.81580000,12.40000000,0.8112
1749258663,0.81590000,2123.90000000,0.8112
1749258663,0.81600000,681.90000000,0.8112
1749258663,0.81610000,21.70000000,0.8112
1749258663,0.81620000,2744.20000000,0.8112
1749258663,0.81630000,24.80000000,0.8112
1749258663,0.81640000,57.50000000,0.8112
1749258663,0.81650000,2720.70000000,0.8112
1749258663,0.81660000,2126.20000000,0.8112
1749258663,0.81670000,831.50000000,0.8112
1749258663,0.81680000,12.40000000,0.8112
1749258663,0.81690000,21.70000000,0.8112
1749258663,0.81700000,12.40000000,0.8112
1749258663,0.81710000,2119.20000000,0.8112
1749258663,0.81720000,19.20000000,0.8112
1749258663,0.81730000,39.30000000,0.8112
1749258663,0.81740000,12253.00000000,0.8112
1749258663,0.81750000,18134.70000000,0.8112
1749258663,0.81760000,15305.90000000,0.8112
1749258663,0.81770000,52.50000000,0.8112
1749258663,0.81780000,1734.20000000,0.8112
1749258663,0.81790000,12.40000000,0.8112
1749258663,0.81800000,19.10000000,0.8112
1749258663,0.81810000,28.30000000,0.8112
1749258663,0.81820000,12.40000000,0.8112
1749258663,0.81830000,12.40000000,0.8112
1749258663,0.81840000,12.40000000,0.8112
1749258663,0.81850000,38.40000000,0.8112
1749258663,0.81860000,12.40000000,0.8112
1749258663,0.81870000,44.30000000,0.8112
1749258663,0.81890000,15.80000000,0.8112
1749258663,0.81900000,52.00000000,0.8112
1749258663,0.81930000,9.30000000,0.8112
1749258663,0.81970000,9.30000000,0.8112
1749258663,0.81990000,32.90000000,0.8112
1749258663,0.82000000,1355.60000000,0.8112
1749258663,0.82010000,9.30000000,0.8112
1749258663,0.82030000,30.80000000,0.8112
1749258663,0.82050000,9.30000000,0.8112
1749258663,0.82090000,9.30000000,0.8112
1749258663,0.82100000,6.40000000,0.8112
1749258663,0.82130000,9.30000000,0.8112
1749258663,0.82150000,16.60000000,0.8112
1749258663,0.82160000,30.80000000,0.8112
1749258663,0.82170000,15.80000000,0.8112
1749258663,0.82180000,13.00000000,0.8112
1749258663,0.82200000,7.20000000,0.8112
1749258663,0.82210000,6.50000000,0.8112
1749258663,0.82230000,18426.20000000,0.8112
1749258663,0.82240000,12253.50000000,0.8112
1749258663,0.82250000,11936.00000000,0.8112
1749258663,0.82260000,16.80000000,0.8112
1749258663,0.82290000,4255.00000000,0.8112
1749258979,0.81140000,2214.80000000,0.8114
1749258979,0.81150000,2144.90000000,0.8114
1749258979,0.81160000,4334.60000000,0.8114
1749258979,0.81170000,9296.60000000,0.8114
1749258979,0.81180000,9394.90000000,0.8114
1749258979,0.81190000,5836.00000000,0.8114
1749258979,0.81200000,4027.40000000,0.8114
1749258979,0.81210000,9950.70000000,0.8114
1749258979,0.81220000,3330.20000000,0.8114
1749258979,0.81230000,3444.20000000,0.8114
1749258979,0.81240000,10689.50000000,0.8114
1749258979,0.81250000,17847.00000000,0.8114
1749258979,0.81260000,28135.20000000,0.8114
1749258979,0.81270000,31951.70000000,0.8114
1749258979,0.81280000,53547.50000000,0.8114
1749258979,0.81290000,7886.10000000,0.8114
1749258979,0.81300000,6911.50000000,0.8114
1749258979,0.81310000,1554.00000000,0.8114
1749258979,0.81320000,4588.50000000,0.8114
1749258979,0.81330000,4246.10000000,0.8114
1749258979,0.81340000,14028.40000000,0.8114
1749258979,0.81350000,40490.20000000,0.8114
1749258979,0.81360000,24853.30000000,0.8114
1749258979,0.81370000,4398.30000000,0.8114
1749258979,0.81380000,10396.20000000,0.8114
1749258979,0.81390000,6772.40000000,0.8114
1749258979,0.81400000,318.50000000,0.8114
1749258979,0.81410000,327.80000000,0.8114
1749258979,0.81420000,333.20000000,0.8114
1749258979,0.81430000,633.30000000,0.8114
1749258979,0.81440000,3050.20000000,0.8114
1749258979,0.81450000,338.30000000,0.8114
1749258979,0.81460000,1011.40000000,0.8114
1749258979,0.81470000,2430.90000000,0.8114
1749258979,0.81480000,10755.10000000,0.8114
1749258979,0.81490000,1016.70000000,0.8114
1749258979,0.81500000,2442.00000000,0.8114
1749258979,0.81510000,5229.70000000,0.8114
1749258979,0.81520000,1290.60000000,0.8114
1749258979,0.81530000,2640.50000000,0.8114
1749258979,0.81540000,983.20000000,0.8114
1749258979,0.81550000,933.30000000,0.8114
1749258979,0.81560000,2812.80000000,0.8114
1749258979,0.81570000,335.40000000,0.8114
1749258979,0.81580000,599.00000000,0.8114
1749258979,0.81590000,2123.90000000,0.8114
1749258979,0.81600000,681.90000000,0.8114
1749258979,0.81610000,21.70000000,0.8114
1749258979,0.81620000,2744.20000000,0.8114
1749258979,0.81630000,24.80000000,0.8114
1749258979,0.81640000,57.50000000,0.8114
1749258979,0.81650000,2131.10000000,0.8114
1749258979,0.81660000,2126.20000000,0.8114
1749258979,0.81670000,831.50000000,0.8114
1749258979,0.81680000,262.90000000,0.8114
1749258979,0.81690000,21.70000000,0.8114
1749258979,0.81700000,12.40000000,0.8114
1749258979,0.81710000,2708.80000000,0.8114
1749258979,0.81720000,19.20000000,0.8114
1749258979,0.81730000,39.30000000,0.8114
1749258979,0.81740000,2118.90000000,0.8114
1749258979,0.81750000,12.40000000,0.8114
1749258979,0.81760000,81.20000000,0.8114
1749258979,0.81770000,6173.90000000,0.8114
1749258979,0.81780000,5099.30000000,0.8114
1749258979,0.81790000,6131.60000000,0.8114
1749258979,0.81800000,28277.60000000,0.8114
1749258979,0.81810000,28.30000000,0.8114
1749258979,0.81820000,12.40000000,0.8114
1749258979,0.81830000,6133.80000000,0.8114
1749258979,0.81840000,19.20000000,0.8114
1749258979,0.81850000,1902.40000000,0.8114
1749258979,0.81860000,12.40000000,0.8114
1749258979,0.81870000,3679.70000000,0.8114
1749258979,0.81880000,12.40000000,0.8114
1749258979,0.81890000,28.20000000,0.8114
1749258979,0.81900000,52.00000000,0.8114
1749258979,0.81930000,9.30000000,0.8114
1749258979,0.81950000,1962.00000000,0.8114
1749258979,0.81970000,9.30000000,0.8114
1749258979,0.81980000,1835.00000000,0.8114
1749258979,0.81990000,32.90000000,0.8114
1749258979,0.82000000,1355.60000000,0.8114
1749258979,0.82010000,9.30000000,0.8114
1749258979,0.82030000,30.80000000,0.8114
1749258979,0.82050000,9.30000000,0.8114
1749258979,0.82090000,1697.30000000,0.8114
1749258979,0.82100000,6.40000000,0.8114
1749258979,0.82130000,5476.30000000,0.8114
1749258979,0.82150000,16.60000000,0.8114
1749258979,0.82160000,30.80000000,0.8114
1749258979,0.82170000,15.80000000,0.8114
1749258979,0.82180000,13.00000000,0.8114
1749258979,0.82200000,7.20000000,0.8114
1749258979,0.82210000,6.50000000,0.8114
1749258979,0.82230000,12304.80000000,0.8114
1749258979,0.82240000,12253.50000000,0.8114
1749258979,0.82250000,11936.00000000,0.8114
1749258979,0.82260000,16.80000000,0.8114
1749258979,0.82290000,4255.00000000,0.8114
