timestamp,price,volume,current_price
1749254513,0.59300000,12383.24000000,0.593
1749254513,0.59400000,222187.60000000,0.593
1749254513,0.59500000,252652.04000000,0.593
1749254513,0.59600000,129741.14000000,0.593
1749254513,0.59700000,34421.57000000,0.593
1749254513,0.59800000,34842.84000000,0.593
1749254513,0.59900000,73333.83000000,0.593
1749254513,0.60000000,42437.35000000,0.593
1749254513,0.60100000,19067.38000000,0.593
1749254513,0.60200000,16515.07000000,0.593
1749254513,0.60300000,4426.36000000,0.593
1749254513,0.60400000,2439.86000000,0.593
1749254513,0.60500000,3989.89000000,0.593
1749254513,0.60600000,26588.95000000,0.593
1749254513,0.60700000,36044.84000000,0.593
1749254513,0.60800000,35987.17000000,0.593
1749254513,0.60900000,7478.01000000,0.593
1749254513,0.61000000,615.92000000,0.593
1749254513,0.61100000,1091.81000000,0.593
1749254513,0.61200000,2426.97000000,0.593
1749254513,0.61300000,2644.01000000,0.593
1749254513,0.61400000,45028.60000000,0.593
1749254513,0.61500000,2123.88000000,0.593
1749254513,0.61600000,237.79000000,0.593
1749254513,0.61700000,129.47000000,0.593
1749254513,0.61800000,899.08000000,0.593
1749254513,0.61900000,27985.44000000,0.593
1749254513,0.62000000,61606.21000000,0.593
1749254513,0.62100000,591.37000000,0.593
1749254513,0.62200000,486.24000000,0.593
1749254513,0.62300000,479.11000000,0.593
1749254513,0.62400000,1066.75000000,0.593
1749254513,0.62500000,12845.59000000,0.593
1749254513,0.62600000,2214.22000000,0.593
1749254513,0.62700000,126.24000000,0.593
1749254513,0.62800000,10081.73000000,0.593
1749254513,0.62900000,767.25000000,0.593
1749254513,0.63000000,7033.99000000,0.593
1749254513,0.63100000,148.48000000,0.593
1749254513,0.63200000,320.33000000,0.593
1749254513,0.63300000,3999.14000000,0.593
1749254513,0.63400000,1888.76000000,0.593
1749254513,0.63500000,1228.52000000,0.593
1749254513,0.63600000,271.58000000,0.593
1749254513,0.63700000,1116.53000000,0.593
1749254513,0.63800000,151.98000000,0.593
1749254513,0.63900000,398.72000000,0.593
1749254513,0.64000000,5317.28000000,0.593
1749254513,0.64100000,316.47000000,0.593
1749254513,0.64200000,101.63000000,0.593
1749254513,0.64300000,2972.80000000,0.593
1749254513,0.64400000,9623.44000000,0.593
1749254513,0.64500000,1740.49000000,0.593
1749254513,0.64600000,365.96000000,0.593
1749254513,0.64700000,1818.08000000,0.593
1749254513,0.64800000,726.24000000,0.593
1749254513,0.64900000,115.33000000,0.593
1749254513,0.65000000,14334.12000000,0.593
1749254513,0.65100000,12562.94000000,0.593
1749254513,0.65200000,3302.16000000,0.593
1749254513,0.65300000,3069.02000000,0.593
1749254513,0.65400000,66.13000000,0.593
1749254513,0.65500000,564.92000000,0.593
1749254513,0.65600000,5247.97000000,0.593
1749254513,0.65700000,545.28000000,0.593
1749254513,0.65800000,4674.58000000,0.593
1749254513,0.65900000,230897.05000000,0.593
1749254513,0.66000000,16299.46000000,0.593
1749254513,0.66100000,1217.41000000,0.593
1749254513,0.66200000,591.75000000,0.593
1749254513,0.66300000,506.44000000,0.593
1749254513,0.66400000,14412.46000000,0.593
1749254513,0.66500000,1199.29000000,0.593
1749254513,0.66600000,392.68000000,0.593
1749254513,0.66700000,170.22000000,0.593
1749254513,0.66800000,7197.52000000,0.593
1749254513,0.66900000,1057.85000000,0.593
1749254513,0.67000000,4965.25000000,0.593
1749254513,0.67100000,99.60000000,0.593
1749254513,0.67200000,142.15000000,0.593
1749254513,0.67300000,2307.17000000,0.593
1749254513,0.67400000,546.62000000,0.593
1749254513,0.67500000,42.13000000,0.593
1749254513,0.67600000,254.99000000,0.593
1749254513,0.67700000,439.92000000,0.593
1749254513,0.67800000,510.10000000,0.593
1749254513,0.67900000,148.93000000,0.593
1749254513,0.68000000,48163.07000000,0.593
1749254513,0.68100000,556.05000000,0.593
1749254513,0.68200000,3989.66000000,0.593
1749254513,0.68300000,1255.08000000,0.593
1749254513,0.68400000,800.12000000,0.593
1749254513,0.68500000,24638.08000000,0.593
1749254513,0.68600000,757.43000000,0.593
1749254513,0.68700000,858.00000000,0.593
1749254513,0.68800000,3969.62000000,0.593
1749254513,0.68900000,3787.48000000,0.593
1749254513,0.69000000,24218.72000000,0.593
1749254513,0.69100000,118.00000000,0.593
1749254513,0.69200000,419.87000000,0.593
1749254818,0.59300000,49553.90000000,0.593
1749254818,0.59400000,245104.69000000,0.593
1749254818,0.59500000,253948.98000000,0.593
1749254818,0.59600000,131155.39000000,0.593
1749254818,0.59700000,39679.94000000,0.593
1749254818,0.59800000,28104.83000000,0.593
1749254818,0.59900000,75623.43000000,0.593
1749254818,0.60000000,42395.23000000,0.593
1749254818,0.60100000,18876.64000000,0.593
1749254818,0.60200000,15943.73000000,0.593
1749254818,0.60300000,4607.21000000,0.593
1749254818,0.60400000,3401.12000000,0.593
1749254818,0.60500000,3989.89000000,0.593
1749254818,0.60600000,26588.95000000,0.593
1749254818,0.60700000,36044.84000000,0.593
1749254818,0.60800000,35987.17000000,0.593
1749254818,0.60900000,7599.44000000,0.593
1749254818,0.61000000,494.54000000,0.593
1749254818,0.61100000,174.14000000,0.593
1749254818,0.61200000,2392.85000000,0.593
1749254818,0.61300000,3184.29000000,0.593
1749254818,0.61400000,45062.72000000,0.593
1749254818,0.61500000,2501.27000000,0.593
1749254818,0.61600000,237.79000000,0.593
1749254818,0.61700000,129.47000000,0.593
1749254818,0.61800000,899.08000000,0.593
1749254818,0.61900000,28266.87000000,0.593
1749254818,0.62000000,61606.21000000,0.593
1749254818,0.62100000,177.73000000,0.593
1749254818,0.62200000,486.24000000,0.593
1749254818,0.62300000,892.75000000,0.593
1749254818,0.62400000,1066.75000000,0.593
1749254818,0.62500000,12845.59000000,0.593
1749254818,0.62600000,2214.22000000,0.593
1749254818,0.62700000,126.24000000,0.593
1749254818,0.62800000,10081.73000000,0.593
1749254818,0.62900000,767.25000000,0.593
1749254818,0.63000000,7033.99000000,0.593
1749254818,0.63100000,148.48000000,0.593
1749254818,0.63200000,320.33000000,0.593
1749254818,0.63300000,3999.14000000,0.593
1749254818,0.63400000,1888.76000000,0.593
1749254818,0.63500000,1228.52000000,0.593
1749254818,0.63600000,271.58000000,0.593
1749254818,0.63700000,1116.53000000,0.593
1749254818,0.63800000,151.98000000,0.593
1749254818,0.63900000,398.72000000,0.593
1749254818,0.64000000,5317.28000000,0.593
1749254818,0.64100000,290.90000000,0.593
1749254818,0.64200000,101.63000000,0.593
1749254818,0.64300000,2972.80000000,0.593
1749254818,0.64400000,9623.44000000,0.593
1749254818,0.64500000,1740.49000000,0.593
1749254818,0.64600000,365.96000000,0.593
1749254818,0.64700000,1818.08000000,0.593
1749254818,0.64800000,726.24000000,0.593
1749254818,0.64900000,115.33000000,0.593
1749254818,0.65000000,14334.12000000,0.593
1749254818,0.65100000,12562.94000000,0.593
1749254818,0.65200000,3302.16000000,0.593
1749254818,0.65300000,3069.02000000,0.593
1749254818,0.65400000,66.16000000,0.593
1749254818,0.65500000,564.92000000,0.593
1749254818,0.65600000,5247.97000000,0.593
1749254818,0.65700000,545.28000000,0.593
1749254818,0.65800000,4393.15000000,0.593
1749254818,0.65900000,230897.05000000,0.593
1749254818,0.66000000,16299.46000000,0.593
1749254818,0.66100000,1217.41000000,0.593
1749254818,0.66200000,591.75000000,0.593
1749254818,0.66300000,506.44000000,0.593
1749254818,0.66400000,14412.46000000,0.593
1749254818,0.66500000,1199.29000000,0.593
1749254818,0.66600000,392.68000000,0.593
1749254818,0.66700000,170.22000000,0.593
1749254818,0.66800000,7197.52000000,0.593
1749254818,0.66900000,1057.85000000,0.593
1749254818,0.67000000,4965.25000000,0.593
1749254818,0.67100000,99.60000000,0.593
1749254818,0.67200000,142.15000000,0.593
1749254818,0.67300000,2307.17000000,0.593
1749254818,0.67400000,546.62000000,0.593
1749254818,0.67500000,42.13000000,0.593
1749254818,0.67600000,254.99000000,0.593
1749254818,0.67700000,439.92000000,0.593
1749254818,0.67800000,510.10000000,0.593
1749254818,0.67900000,148.93000000,0.593
1749254818,0.68000000,48163.07000000,0.593
1749254818,0.68100000,556.05000000,0.593
1749254818,0.68200000,3989.66000000,0.593
1749254818,0.68300000,1255.08000000,0.593
1749254818,0.68400000,800.12000000,0.593
1749254818,0.68500000,24638.08000000,0.593
1749254818,0.68600000,757.43000000,0.593
1749254818,0.68700000,858.00000000,0.593
1749254818,0.68800000,3969.62000000,0.593
1749254818,0.68900000,3787.48000000,0.593
1749254818,0.69000000,24218.72000000,0.593
1749254818,0.69100000,118.00000000,0.593
1749254818,0.69200000,419.87000000,0.593
