timestamp,price,volume,current_price
1749260699,0.60500000,100488.75000000,0.604
1749260699,0.60600000,165868.67000000,0.604
1749260699,0.60700000,238400.36000000,0.604
1749260699,0.60800000,163723.06000000,0.604
1749260699,0.60900000,79423.11000000,0.604
1749260699,0.61000000,48442.68000000,0.604
1749260699,0.61100000,51871.77000000,0.604
1749260699,0.61200000,80975.31000000,0.604
1749260699,0.61300000,9053.95000000,0.604
1749260699,0.61400000,45282.72000000,0.604
1749260699,0.61500000,8433.20000000,0.604
1749260699,0.61600000,5697.26000000,0.604
1749260699,0.61700000,5610.37000000,0.604
1749260699,0.61800000,8776.55000000,0.604
1749260699,0.61900000,4084.74000000,0.604
1749260699,0.62000000,15510.64000000,0.604
1749260699,0.62100000,10137.33000000,0.604
1749260699,0.62200000,7062.87000000,0.604
1749260699,0.62300000,4583.69000000,0.604
1749260699,0.62400000,4668.79000000,0.604
1749260699,0.62500000,16377.38000000,0.604
1749260699,0.62600000,5987.15000000,0.604
1749260699,0.62700000,138.61000000,0.604
1749260699,0.62800000,1089.87000000,0.604
1749260699,0.62900000,1924.71000000,0.604
1749260699,0.63000000,18444.12000000,0.604
1749260699,0.63100000,562.12000000,0.604
1749260699,0.63200000,351.97000000,0.604
1749260699,0.63300000,4052.36000000,0.604
1749260699,0.63400000,3436.86000000,0.604
1749260699,0.63500000,32409.95000000,0.604
1749260699,0.63600000,147.36000000,0.604
1749260699,0.63700000,1517.93000000,0.604
1749260699,0.63800000,151.98000000,0.604
1749260699,0.63900000,398.72000000,0.604
1749260699,0.64000000,5317.28000000,0.604
1749260699,0.64100000,290.90000000,0.604
1749260699,0.64200000,101.63000000,0.604
1749260699,0.64300000,2972.80000000,0.604
1749260699,0.64400000,9623.44000000,0.604
1749260699,0.64500000,1740.49000000,0.604
1749260699,0.64600000,365.96000000,0.604
1749260699,0.64700000,1818.08000000,0.604
1749260699,0.64800000,726.24000000,0.604
1749260699,0.64900000,137.19000000,0.604
1749260699,0.65000000,14953.83000000,0.604
1749260699,0.65100000,12562.94000000,0.604
1749260699,0.65200000,3302.16000000,0.604
1749260699,0.65300000,3069.02000000,0.604
1749260699,0.65400000,66.16000000,0.604
1749260699,0.65500000,581.79000000,0.604
1749260699,0.65600000,5264.82000000,0.604
1749260699,0.65700000,562.10000000,0.604
1749260699,0.65800000,2122.27000000,0.604
1749260699,0.65900000,230913.78000000,0.604
1749260699,0.66000000,16632.87000000,0.604
1749260699,0.66100000,1234.11000000,0.604
1749260699,0.66200000,608.43000000,0.604
1749260699,0.66300000,523.09000000,0.604
1749260699,0.66400000,14451.16000000,0.604
1749260699,0.66500000,1215.88000000,0.604
1749260699,0.66600000,409.25000000,0.604
1749260699,0.66700000,170.22000000,0.604
1749260699,0.66800000,7197.52000000,0.604
1749260699,0.66900000,1057.85000000,0.604
1749260699,0.67000000,4965.25000000,0.604
1749260699,0.67100000,99.60000000,0.604
1749260699,0.67200000,142.15000000,0.604
1749260699,0.67300000,2307.17000000,0.604
1749260699,0.67400000,546.62000000,0.604
1749260699,0.67500000,42.13000000,0.604
1749260699,0.67600000,254.99000000,0.604
1749260699,0.67700000,439.92000000,0.604
1749260699,0.67800000,510.10000000,0.604
1749260699,0.67900000,171.23000000,0.604
1749260699,0.68000000,48163.07000000,0.604
1749260699,0.68100000,556.05000000,0.604
1749260699,0.68200000,3989.66000000,0.604
1749260699,0.68300000,1255.08000000,0.604
1749260699,0.68400000,800.12000000,0.604
1749260699,0.68500000,24638.08000000,0.604
1749260699,0.68600000,757.43000000,0.604
1749260699,0.68700000,858.00000000,0.604
1749260699,0.68800000,3969.62000000,0.604
1749260699,0.68900000,3787.48000000,0.604
1749260699,0.69000000,24218.72000000,0.604
1749260699,0.69100000,118.00000000,0.604
1749260699,0.69200000,2031.16000000,0.604
1749260699,0.69300000,366.44000000,0.604
1749260699,0.69400000,85.04000000,0.604
1749260699,0.69500000,530.41000000,0.604
1749260699,0.69600000,454.75000000,0.604
1749260699,0.69700000,385.54000000,0.604
1749260699,0.69800000,3809.26000000,0.604
1749260699,0.69900000,4625.45000000,0.604
1749260699,0.70000000,27146.11000000,0.604
1749260699,0.70100000,1123.81000000,0.604
1749260699,0.70200000,49.33000000,0.604
1749260699,0.70300000,1839.11000000,0.604
1749260699,0.70400000,959.98000000,0.604
1749261018,0.60600000,75106.88000000,0.605
1749261018,0.60700000,207950.84000000,0.605
1749261018,0.60800000,297374.43000000,0.605
1749261018,0.60900000,64413.52000000,0.605
1749261018,0.61000000,75340.82000000,0.605
1749261018,0.61100000,39380.88000000,0.605
1749261018,0.61200000,68364.39000000,0.605
1749261018,0.61300000,50629.29000000,0.605
1749261018,0.61400000,79225.79000000,0.605
1749261018,0.61500000,10510.55000000,0.605
1749261018,0.61600000,6341.24000000,0.605
1749261018,0.61700000,5610.37000000,0.605
1749261018,0.61800000,6310.01000000,0.605
1749261018,0.61900000,4084.74000000,0.605
1749261018,0.62000000,17977.18000000,0.605
1749261018,0.62100000,3823.31000000,0.605
1749261018,0.62200000,5001.48000000,0.605
1749261018,0.62300000,5089.85000000,0.605
1749261018,0.62400000,12126.14000000,0.605
1749261018,0.62500000,16754.77000000,0.605
1749261018,0.62600000,9587.15000000,0.605
1749261018,0.62700000,172.73000000,0.605
1749261018,0.62800000,1089.87000000,0.605
1749261018,0.62900000,378.18000000,0.605
1749261018,0.63000000,18444.12000000,0.605
1749261018,0.63100000,1695.01000000,0.605
1749261018,0.63200000,351.97000000,0.605
1749261018,0.63300000,4466.00000000,0.605
1749261018,0.63400000,1920.30000000,0.605
1749261018,0.63500000,32409.95000000,0.605
1749261018,0.63600000,1663.92000000,0.605
1749261018,0.63700000,1116.53000000,0.605
1749261018,0.63800000,151.98000000,0.605
1749261018,0.63900000,800.12000000,0.605
1749261018,0.64000000,5317.28000000,0.605
1749261018,0.64100000,290.90000000,0.605
1749261018,0.64200000,101.63000000,0.605
1749261018,0.64300000,2972.80000000,0.605
1749261018,0.64400000,9623.44000000,0.605
1749261018,0.64500000,1740.49000000,0.605
1749261018,0.64600000,365.96000000,0.605
1749261018,0.64700000,1818.08000000,0.605
1749261018,0.64800000,726.24000000,0.605
1749261018,0.64900000,137.19000000,0.605
1749261018,0.65000000,14953.83000000,0.605
1749261018,0.65100000,12562.94000000,0.605
1749261018,0.65200000,3302.16000000,0.605
1749261018,0.65300000,3069.02000000,0.605
1749261018,0.65400000,66.16000000,0.605
1749261018,0.65500000,581.79000000,0.605
1749261018,0.65600000,5264.82000000,0.605
1749261018,0.65700000,562.10000000,0.605
1749261018,0.65800000,2122.27000000,0.605
1749261018,0.65900000,230913.78000000,0.605
1749261018,0.66000000,15797.59000000,0.605
1749261018,0.66100000,1234.11000000,0.605
1749261018,0.66200000,608.43000000,0.605
1749261018,0.66300000,523.09000000,0.605
1749261018,0.66400000,14451.16000000,0.605
1749261018,0.66500000,1215.88000000,0.605
1749261018,0.66600000,409.25000000,0.605
1749261018,0.66700000,186.76000000,0.605
1749261018,0.66800000,7197.52000000,0.605
1749261018,0.66900000,1057.85000000,0.605
1749261018,0.67000000,4965.25000000,0.605
1749261018,0.67100000,99.60000000,0.605
1749261018,0.67200000,142.15000000,0.605
1749261018,0.67300000,2307.17000000,0.605
1749261018,0.67400000,546.62000000,0.605
1749261018,0.67500000,42.13000000,0.605
1749261018,0.67600000,254.99000000,0.605
1749261018,0.67700000,439.92000000,0.605
1749261018,0.67800000,510.10000000,0.605
1749261018,0.67900000,171.23000000,0.605
1749261018,0.68000000,47005.00000000,0.605
1749261018,0.68100000,556.05000000,0.605
1749261018,0.68200000,3989.66000000,0.605
1749261018,0.68300000,1255.08000000,0.605
1749261018,0.68400000,800.12000000,0.605
1749261018,0.68500000,24638.08000000,0.605
1749261018,0.68600000,757.43000000,0.605
1749261018,0.68700000,858.00000000,0.605
1749261018,0.68800000,3969.62000000,0.605
1749261018,0.68900000,3787.48000000,0.605
1749261018,0.69000000,24218.72000000,0.605
1749261018,0.69100000,118.00000000,0.605
1749261018,0.69200000,2031.16000000,0.605
1749261018,0.69300000,366.44000000,0.605
1749261018,0.69400000,85.04000000,0.605
1749261018,0.69500000,530.41000000,0.605
1749261018,0.69600000,454.75000000,0.605
1749261018,0.69700000,385.54000000,0.605
1749261018,0.69800000,3809.26000000,0.605
1749261018,0.69900000,4625.45000000,0.605
1749261018,0.70000000,27146.11000000,0.605
1749261018,0.70100000,1123.81000000,0.605
1749261018,0.70200000,49.33000000,0.605
1749261018,0.70300000,1839.11000000,0.605
1749261018,0.70400000,959.98000000,0.605
1749261018,0.70500000,2436.14000000,0.605
1749261329,0.60400000,40088.07000000,0.604
1749261329,0.60500000,125996.27000000,0.604
1749261329,0.60600000,145739.06000000,0.604
1749261329,0.60700000,241673.87000000,0.604
1749261329,0.60800000,134655.68000000,0.604
1749261329,0.60900000,44386.33000000,0.604
1749261329,0.61000000,73789.62000000,0.604
1749261329,0.61100000,42158.42000000,0.604
1749261329,0.61200000,74120.23000000,0.604
1749261329,0.61300000,28263.36000000,0.604
1749261329,0.61400000,78916.40000000,0.604
1749261329,0.61500000,8442.15000000,0.604
1749261329,0.61600000,6021.45000000,0.604
1749261329,0.61700000,5610.37000000,0.604
1749261329,0.61800000,6310.01000000,0.604
1749261329,0.61900000,4084.74000000,0.604
1749261329,0.62000000,17977.18000000,0.604
1749261329,0.62100000,9219.45000000,0.604
1749261329,0.62200000,5516.03000000,0.604
1749261329,0.62300000,5089.85000000,0.604
1749261329,0.62400000,6215.63000000,0.604
1749261329,0.62500000,16754.77000000,0.604
1749261329,0.62600000,5987.15000000,0.604
1749261329,0.62700000,172.73000000,0.604
1749261329,0.62800000,1089.87000000,0.604
1749261329,0.62900000,378.18000000,0.604
1749261329,0.63000000,18444.12000000,0.604
1749261329,0.63100000,2108.65000000,0.604
1749261329,0.63200000,351.97000000,0.604
1749261329,0.63300000,4052.36000000,0.604
1749261329,0.63400000,1920.30000000,0.604
1749261329,0.63500000,1133.31000000,0.604
1749261329,0.63600000,1663.92000000,0.604
1749261329,0.63700000,1517.93000000,0.604
1749261329,0.63800000,151.98000000,0.604
1749261329,0.63900000,398.72000000,0.604
1749261329,0.64000000,5317.28000000,0.604
1749261329,0.64100000,290.90000000,0.604
1749261329,0.64200000,101.63000000,0.604
1749261329,0.64300000,2972.80000000,0.604
1749261329,0.64400000,9623.44000000,0.604
1749261329,0.64500000,1740.49000000,0.604
1749261329,0.64600000,365.96000000,0.604
1749261329,0.64700000,1818.08000000,0.604
1749261329,0.64800000,716.24000000,0.604
1749261329,0.64900000,137.19000000,0.604
1749261329,0.65000000,14953.83000000,0.604
1749261329,0.65100000,12562.94000000,0.604
1749261329,0.65200000,3302.16000000,0.604
1749261329,0.65300000,3069.02000000,0.604
1749261329,0.65400000,66.16000000,0.604
1749261329,0.65500000,581.79000000,0.604
1749261329,0.65600000,5264.82000000,0.604
1749261329,0.65700000,562.10000000,0.604
1749261329,0.65800000,2122.27000000,0.604
1749261329,0.65900000,230913.78000000,0.604
1749261329,0.66000000,15797.59000000,0.604
1749261329,0.66100000,1234.11000000,0.604
1749261329,0.66200000,608.43000000,0.604
1749261329,0.66300000,523.09000000,0.604
1749261329,0.66400000,14451.16000000,0.604
1749261329,0.66500000,1215.88000000,0.604
1749261329,0.66600000,392.68000000,0.604
1749261329,0.66700000,170.22000000,0.604
1749261329,0.66800000,7197.52000000,0.604
1749261329,0.66900000,1057.85000000,0.604
1749261329,0.67000000,4965.25000000,0.604
1749261329,0.67100000,99.60000000,0.604
1749261329,0.67200000,142.15000000,0.604
1749261329,0.67300000,2307.17000000,0.604
1749261329,0.67400000,546.62000000,0.604
1749261329,0.67500000,42.13000000,0.604
1749261329,0.67600000,254.99000000,0.604
1749261329,0.67700000,439.92000000,0.604
1749261329,0.67800000,510.10000000,0.604
1749261329,0.67900000,171.23000000,0.604
1749261329,0.68000000,47005.00000000,0.604
1749261329,0.68100000,556.05000000,0.604
1749261329,0.68200000,3989.66000000,0.604
1749261329,0.68300000,1255.08000000,0.604
1749261329,0.68400000,800.12000000,0.604
1749261329,0.68500000,24638.08000000,0.604
1749261329,0.68600000,757.43000000,0.604
1749261329,0.68700000,858.00000000,0.604
1749261329,0.68800000,3969.62000000,0.604
1749261329,0.68900000,3787.48000000,0.604
1749261329,0.69000000,24218.72000000,0.604
1749261329,0.69100000,118.00000000,0.604
1749261329,0.69200000,2031.16000000,0.604
1749261329,0.69300000,366.44000000,0.604
1749261329,0.69400000,85.04000000,0.604
1749261329,0.69500000,530.41000000,0.604
1749261329,0.69600000,454.75000000,0.604
1749261329,0.69700000,385.54000000,0.604
1749261329,0.69800000,3809.26000000,0.604
1749261329,0.69900000,4625.45000000,0.604
1749261329,0.70000000,27146.11000000,0.604
1749261329,0.70100000,1123.81000000,0.604
1749261329,0.70200000,49.33000000,0.604
1749261329,0.70300000,1839.11000000,0.604
1749261631,0.60400000,65992.59000000,0.603
1749261631,0.60500000,171178.03000000,0.603
1749261631,0.60600000,249507.22000000,0.603
1749261631,0.60700000,148250.50000000,0.603
1749261631,0.60800000,36910.35000000,0.603
1749261631,0.60900000,42533.18000000,0.603
1749261631,0.61000000,73232.98000000,0.603
1749261631,0.61100000,40146.21000000,0.603
1749261631,0.61200000,74096.62000000,0.603
1749261631,0.61300000,59332.01000000,0.603
1749261631,0.61400000,45593.58000000,0.603
1749261631,0.61500000,8442.15000000,0.603
1749261631,0.61600000,6021.45000000,0.603
1749261631,0.61700000,5610.37000000,0.603
1749261631,0.61800000,6310.01000000,0.603
1749261631,0.61900000,4084.74000000,0.603
1749261631,0.62000000,18096.41000000,0.603
1749261631,0.62100000,10018.08000000,0.603
1749261631,0.62200000,6235.75000000,0.603
1749261631,0.62300000,4549.57000000,0.603
1749261631,0.62400000,4702.91000000,0.603
1749261631,0.62500000,16377.38000000,0.603
1749261631,0.62600000,5987.15000000,0.603
1749261631,0.62700000,138.61000000,0.603
1749261631,0.62800000,1089.87000000,0.603
1749261631,0.62900000,1924.71000000,0.603
1749261631,0.63000000,18444.12000000,0.603
1749261631,0.63100000,562.12000000,0.603
1749261631,0.63200000,351.97000000,0.603
1749261631,0.63300000,4052.36000000,0.603
1749261631,0.63400000,1920.30000000,0.603
1749261631,0.63500000,1133.31000000,0.603
1749261631,0.63600000,1663.92000000,0.603
1749261631,0.63700000,1517.93000000,0.603
1749261631,0.63800000,151.98000000,0.603
1749261631,0.63900000,398.72000000,0.603
1749261631,0.64000000,5317.28000000,0.603
1749261631,0.64100000,290.90000000,0.603
1749261631,0.64200000,101.63000000,0.603
1749261631,0.64300000,2972.80000000,0.603
1749261631,0.64400000,9623.44000000,0.603
1749261631,0.64500000,1740.49000000,0.603
1749261631,0.64600000,365.96000000,0.603
1749261631,0.64700000,1818.08000000,0.603
1749261631,0.64800000,716.24000000,0.603
1749261631,0.64900000,137.19000000,0.603
1749261631,0.65000000,13415.37000000,0.603
1749261631,0.65100000,12562.94000000,0.603
1749261631,0.65200000,3302.16000000,0.603
1749261631,0.65300000,3069.02000000,0.603
1749261631,0.65400000,66.16000000,0.603
1749261631,0.65500000,581.79000000,0.603
1749261631,0.65600000,5264.82000000,0.603
1749261631,0.65700000,562.10000000,0.603
1749261631,0.65800000,2122.27000000,0.603
1749261631,0.65900000,230913.78000000,0.603
1749261631,0.66000000,15797.59000000,0.603
1749261631,0.66100000,1234.11000000,0.603
1749261631,0.66200000,608.43000000,0.603
1749261631,0.66300000,523.09000000,0.603
1749261631,0.66400000,14451.16000000,0.603
1749261631,0.66500000,1215.88000000,0.603
1749261631,0.66600000,392.68000000,0.603
1749261631,0.66700000,170.22000000,0.603
1749261631,0.66800000,7197.52000000,0.603
1749261631,0.66900000,1057.85000000,0.603
1749261631,0.67000000,4965.25000000,0.603
1749261631,0.67100000,99.60000000,0.603
1749261631,0.67200000,142.15000000,0.603
1749261631,0.67300000,2307.17000000,0.603
1749261631,0.67400000,546.62000000,0.603
1749261631,0.67500000,42.13000000,0.603
1749261631,0.67600000,254.99000000,0.603
1749261631,0.67700000,439.92000000,0.603
1749261631,0.67800000,510.10000000,0.603
1749261631,0.67900000,171.23000000,0.603
1749261631,0.68000000,47005.00000000,0.603
1749261631,0.68100000,556.05000000,0.603
1749261631,0.68200000,3989.66000000,0.603
1749261631,0.68300000,1255.08000000,0.603
1749261631,0.68400000,800.12000000,0.603
1749261631,0.68500000,24638.08000000,0.603
1749261631,0.68600000,757.43000000,0.603
1749261631,0.68700000,858.00000000,0.603
1749261631,0.68800000,3969.62000000,0.603
1749261631,0.68900000,3787.48000000,0.603
1749261631,0.69000000,24218.72000000,0.603
1749261631,0.69100000,118.00000000,0.603
1749261631,0.69200000,2031.16000000,0.603
1749261631,0.69300000,366.44000000,0.603
1749261631,0.69400000,85.04000000,0.603
1749261631,0.69500000,530.41000000,0.603
1749261631,0.69600000,454.75000000,0.603
1749261631,0.69700000,385.54000000,0.603
1749261631,0.69800000,3809.26000000,0.603
1749261631,0.69900000,4625.45000000,0.603
1749261631,0.70000000,27146.11000000,0.603
1749261631,0.70100000,1123.81000000,0.603
1749261631,0.70200000,49.33000000,0.603
1749261631,0.70300000,1839.11000000,0.603
1749261937,0.60400000,47017.17000000,0.604
1749261937,0.60500000,208287.28000000,0.604
1749261937,0.60600000,284561.64000000,0.604
1749261937,0.60700000,148306.99000000,0.604
1749261937,0.60800000,36911.49000000,0.604
1749261937,0.60900000,50399.13000000,0.604
1749261937,0.61000000,81366.83000000,0.604
1749261937,0.61100000,27050.03000000,0.604
1749261937,0.61200000,74091.22000000,0.604
1749261937,0.61300000,56598.05000000,0.604
1749261937,0.61400000,45595.63000000,0.604
1749261937,0.61500000,9648.84000000,0.604
1749261937,0.61600000,5697.26000000,0.604
1749261937,0.61700000,5610.37000000,0.604
1749261937,0.61800000,8776.55000000,0.604
1749261937,0.61900000,4084.74000000,0.604
1749261937,0.62000000,15510.64000000,0.604
1749261937,0.62100000,10137.23000000,0.604
1749261937,0.62200000,6235.75000000,0.604
1749261937,0.62300000,4549.57000000,0.604
1749261937,0.62400000,4702.91000000,0.604
1749261937,0.62500000,12777.38000000,0.604
1749261937,0.62600000,5987.15000000,0.604
1749261937,0.62700000,138.61000000,0.604
1749261937,0.62800000,1089.87000000,0.604
1749261937,0.62900000,1924.71000000,0.604
1749261937,0.63000000,14570.62000000,0.604
1749261937,0.63100000,562.12000000,0.604
1749261937,0.63200000,336.15000000,0.604
1749261937,0.63300000,4052.36000000,0.604
1749261937,0.63400000,3452.63000000,0.604
1749261937,0.63500000,1133.31000000,0.604
1749261937,0.63600000,147.36000000,0.604
1749261937,0.63700000,1517.93000000,0.604
1749261937,0.63800000,151.98000000,0.604
1749261937,0.63900000,398.72000000,0.604
1749261937,0.64000000,5317.28000000,0.604
1749261937,0.64100000,290.90000000,0.604
1749261937,0.64200000,101.63000000,0.604
1749261937,0.64300000,2972.80000000,0.604
1749261937,0.64400000,9623.44000000,0.604
1749261937,0.64500000,1740.49000000,0.604
1749261937,0.64600000,365.96000000,0.604
1749261937,0.64700000,1818.08000000,0.604
1749261937,0.64800000,716.24000000,0.604
1749261937,0.64900000,137.19000000,0.604
1749261937,0.65000000,13415.37000000,0.604
1749261937,0.65100000,12562.94000000,0.604
1749261937,0.65200000,3302.16000000,0.604
1749261937,0.65300000,3069.02000000,0.604
1749261937,0.65400000,66.16000000,0.604
1749261937,0.65500000,581.79000000,0.604
1749261937,0.65600000,5264.82000000,0.604
1749261937,0.65700000,562.10000000,0.604
1749261937,0.65800000,2122.27000000,0.604
1749261937,0.65900000,230913.78000000,0.604
1749261937,0.66000000,15797.59000000,0.604
1749261937,0.66100000,1234.11000000,0.604
1749261937,0.66200000,608.43000000,0.604
1749261937,0.66300000,523.09000000,0.604
1749261937,0.66400000,14451.16000000,0.604
1749261937,0.66500000,1215.88000000,0.604
1749261937,0.66600000,392.68000000,0.604
1749261937,0.66700000,170.22000000,0.604
1749261937,0.66800000,7197.52000000,0.604
1749261937,0.66900000,1057.85000000,0.604
1749261937,0.67000000,4965.25000000,0.604
1749261937,0.67100000,99.60000000,0.604
1749261937,0.67200000,142.15000000,0.604
1749261937,0.67300000,2307.17000000,0.604
1749261937,0.67400000,546.62000000,0.604
1749261937,0.67500000,42.13000000,0.604
1749261937,0.67600000,254.99000000,0.604
1749261937,0.67700000,439.92000000,0.604
1749261937,0.67800000,510.10000000,0.604
1749261937,0.67900000,171.23000000,0.604
1749261937,0.68000000,47005.00000000,0.604
1749261937,0.68100000,556.05000000,0.604
1749261937,0.68200000,3989.66000000,0.604
1749261937,0.68300000,1255.08000000,0.604
1749261937,0.68400000,800.12000000,0.604
1749261937,0.68500000,24638.08000000,0.604
1749261937,0.68600000,757.43000000,0.604
1749261937,0.68700000,858.00000000,0.604
1749261937,0.68800000,3969.62000000,0.604
1749261937,0.68900000,3787.48000000,0.604
1749261937,0.69000000,24218.72000000,0.604
1749261937,0.69100000,118.00000000,0.604
1749261937,0.69200000,2031.16000000,0.604
1749261937,0.69300000,366.44000000,0.604
1749261937,0.69400000,85.04000000,0.604
1749261937,0.69500000,530.41000000,0.604
1749261937,0.69600000,454.75000000,0.604
1749261937,0.69700000,385.54000000,0.604
1749261937,0.69800000,3809.26000000,0.604
1749261937,0.69900000,4625.45000000,0.604
1749261937,0.70000000,27146.11000000,0.604
1749261937,0.70100000,1123.81000000,0.604
1749261937,0.70200000,49.33000000,0.604
1749261937,0.70300000,1839.11000000,0.604
1749262239,0.60600000,67728.02000000,0.606
1749262239,0.60700000,177561.10000000,0.606
1749262239,0.60800000,242503.64000000,0.606
1749262239,0.60900000,153385.65000000,0.606
1749262239,0.61000000,69549.08000000,0.606
1749262239,0.61100000,38558.62000000,0.606
1749262239,0.61200000,68941.86000000,0.606
1749262239,0.61300000,49708.43000000,0.606
1749262239,0.61400000,78605.54000000,0.606
1749262239,0.61500000,12987.89000000,0.606
1749262239,0.61600000,6021.45000000,0.606
1749262239,0.61700000,5610.37000000,0.606
1749262239,0.61800000,6310.01000000,0.606
1749262239,0.61900000,4084.74000000,0.606
1749262239,0.62000000,17977.18000000,0.606
1749262239,0.62100000,9100.41000000,0.606
1749262239,0.62200000,4807.95000000,0.606
1749262239,0.62300000,5089.85000000,0.606
1749262239,0.62400000,6249.75000000,0.606
1749262239,0.62500000,13154.77000000,0.606
1749262239,0.62600000,5987.15000000,0.606
1749262239,0.62700000,138.61000000,0.606
1749262239,0.62800000,1089.87000000,0.606
1749262239,0.62900000,378.18000000,0.606
1749262239,0.63000000,14570.62000000,0.606
1749262239,0.63100000,1695.01000000,0.606
1749262239,0.63200000,336.15000000,0.606
1749262239,0.63300000,4466.00000000,0.606
1749262239,0.63400000,1936.07000000,0.606
1749262239,0.63500000,1133.31000000,0.606
1749262239,0.63600000,1663.92000000,0.606
1749262239,0.63700000,1517.93000000,0.606
1749262239,0.63800000,151.98000000,0.606
1749262239,0.63900000,398.72000000,0.606
1749262239,0.64000000,5317.28000000,0.606
1749262239,0.64100000,290.90000000,0.606
1749262239,0.64200000,101.63000000,0.606
1749262239,0.64300000,2972.80000000,0.606
1749262239,0.64400000,9623.44000000,0.606
1749262239,0.64500000,592.49000000,0.606
1749262239,0.64600000,365.96000000,0.606
1749262239,0.64700000,1818.08000000,0.606
1749262239,0.64800000,716.24000000,0.606
1749262239,0.64900000,137.19000000,0.606
1749262239,0.65000000,13415.37000000,0.606
1749262239,0.65100000,12562.94000000,0.606
1749262239,0.65200000,3302.16000000,0.606
1749262239,0.65300000,3069.02000000,0.606
1749262239,0.65400000,66.16000000,0.606
1749262239,0.65500000,581.79000000,0.606
1749262239,0.65600000,5264.82000000,0.606
1749262239,0.65700000,562.10000000,0.606
1749262239,0.65800000,2122.27000000,0.606
1749262239,0.65900000,230913.78000000,0.606
1749262239,0.66000000,15797.59000000,0.606
1749262239,0.66100000,1234.11000000,0.606
1749262239,0.66200000,608.43000000,0.606
1749262239,0.66300000,523.09000000,0.606
1749262239,0.66400000,14451.16000000,0.606
1749262239,0.66500000,1215.88000000,0.606
1749262239,0.66600000,409.25000000,0.606
1749262239,0.66700000,186.76000000,0.606
1749262239,0.66800000,7197.52000000,0.606
1749262239,0.66900000,1162.43000000,0.606
1749262239,0.67000000,4965.25000000,0.606
1749262239,0.67100000,99.60000000,0.606
1749262239,0.67200000,142.15000000,0.606
1749262239,0.67300000,2307.17000000,0.606
1749262239,0.67400000,546.62000000,0.606
1749262239,0.67500000,42.13000000,0.606
1749262239,0.67600000,254.99000000,0.606
1749262239,0.67700000,439.92000000,0.606
1749262239,0.67800000,510.10000000,0.606
1749262239,0.67900000,171.23000000,0.606
1749262239,0.68000000,47005.00000000,0.606
1749262239,0.68100000,556.05000000,0.606
1749262239,0.68200000,3989.66000000,0.606
1749262239,0.68300000,1255.08000000,0.606
1749262239,0.68400000,800.12000000,0.606
1749262239,0.68500000,24638.08000000,0.606
1749262239,0.68600000,757.43000000,0.606
1749262239,0.68700000,858.00000000,0.606
1749262239,0.68800000,3969.62000000,0.606
1749262239,0.68900000,3787.48000000,0.606
1749262239,0.69000000,24218.72000000,0.606
1749262239,0.69100000,118.00000000,0.606
1749262239,0.69200000,2031.16000000,0.606
1749262239,0.69300000,366.44000000,0.606
1749262239,0.69400000,85.04000000,0.606
1749262239,0.69500000,530.41000000,0.606
1749262239,0.69600000,454.75000000,0.606
1749262239,0.69700000,385.54000000,0.606
1749262239,0.69800000,3809.26000000,0.606
1749262239,0.69900000,4625.45000000,0.606
1749262239,0.70000000,27146.11000000,0.606
1749262239,0.70100000,1123.81000000,0.606
1749262239,0.70200000,49.33000000,0.606
1749262239,0.70300000,1839.11000000,0.606
1749262239,0.70400000,959.98000000,0.606
1749262239,0.70500000,2436.14000000,0.606
1749262540,0.60800000,51938.51000000,0.608
1749262540,0.60900000,179540.96000000,0.608
1749262540,0.61000000,220096.05000000,0.608
1749262540,0.61100000,143224.62000000,0.608
1749262540,0.61200000,97461.20000000,0.608
1749262540,0.61300000,41657.86000000,0.608
1749262540,0.61400000,84212.39000000,0.608
1749262540,0.61500000,53856.18000000,0.608
1749262540,0.61600000,7165.12000000,0.608
1749262540,0.61700000,7316.15000000,0.608
1749262540,0.61800000,6620.87000000,0.608
1749262540,0.61900000,4084.74000000,0.608
1749262540,0.62000000,15510.64000000,0.608
1749262540,0.62100000,3823.31000000,0.608
1749262540,0.62200000,6522.04000000,0.608
1749262540,0.62300000,4172.18000000,0.608
1749262540,0.62400000,10579.30000000,0.608
1749262540,0.62500000,17413.51000000,0.608
1749262540,0.62600000,5856.89000000,0.608
1749262540,0.62700000,516.00000000,0.608
1749262540,0.62800000,1089.87000000,0.608
1749262540,0.62900000,412.30000000,0.608
1749262540,0.63000000,19847.72000000,0.608
1749262540,0.63100000,148.48000000,0.608
1749262540,0.63200000,336.15000000,0.608
1749262540,0.63300000,6012.53000000,0.608
1749262540,0.63400000,1936.07000000,0.608
1749262540,0.63500000,1133.31000000,0.608
1749262540,0.63600000,147.36000000,0.608
1749262540,0.63700000,1116.53000000,0.608
1749262540,0.63800000,1668.54000000,0.608
1749262540,0.63900000,800.12000000,0.608
1749262540,0.64000000,5317.28000000,0.608
1749262540,0.64100000,290.90000000,0.608
1749262540,0.64200000,101.63000000,0.608
1749262540,0.64300000,2972.80000000,0.608
1749262540,0.64400000,9623.44000000,0.608
1749262540,0.64500000,592.49000000,0.608
1749262540,0.64600000,365.96000000,0.608
1749262540,0.64700000,1818.08000000,0.608
1749262540,0.64800000,716.24000000,0.608
1749262540,0.64900000,137.19000000,0.608
1749262540,0.65000000,13415.37000000,0.608
1749262540,0.65100000,12562.94000000,0.608
1749262540,0.65200000,3302.16000000,0.608
1749262540,0.65300000,3069.02000000,0.608
1749262540,0.65400000,66.16000000,0.608
1749262540,0.65500000,581.79000000,0.608
1749262540,0.65600000,5264.82000000,0.608
1749262540,0.65700000,562.10000000,0.608
1749262540,0.65800000,34802.01000000,0.608
1749262540,0.65900000,230913.78000000,0.608
1749262540,0.66000000,15797.59000000,0.608
1749262540,0.66100000,1234.11000000,0.608
1749262540,0.66200000,608.43000000,0.608
1749262540,0.66300000,523.09000000,0.608
1749262540,0.66400000,14451.16000000,0.608
1749262540,0.66500000,1215.88000000,0.608
1749262540,0.66600000,409.25000000,0.608
1749262540,0.66700000,186.76000000,0.608
1749262540,0.66800000,7214.03000000,0.608
1749262540,0.66900000,1178.91000000,0.608
1749262540,0.67000000,4965.25000000,0.608
1749262540,0.67100000,99.60000000,0.608
1749262540,0.67200000,142.15000000,0.608
1749262540,0.67300000,2307.17000000,0.608
1749262540,0.67400000,546.62000000,0.608
1749262540,0.67500000,42.13000000,0.608
1749262540,0.67600000,254.99000000,0.608
1749262540,0.67700000,439.92000000,0.608
1749262540,0.67800000,510.10000000,0.608
1749262540,0.67900000,171.23000000,0.608
1749262540,0.68000000,47005.00000000,0.608
1749262540,0.68100000,556.05000000,0.608
1749262540,0.68200000,3989.66000000,0.608
1749262540,0.68300000,1255.08000000,0.608
1749262540,0.68400000,800.12000000,0.608
1749262540,0.68500000,24638.08000000,0.608
1749262540,0.68600000,757.43000000,0.608
1749262540,0.68700000,858.00000000,0.608
1749262540,0.68800000,3969.62000000,0.608
1749262540,0.68900000,3787.48000000,0.608
1749262540,0.69000000,24218.72000000,0.608
1749262540,0.69100000,118.00000000,0.608
1749262540,0.69200000,2031.16000000,0.608
1749262540,0.69300000,366.44000000,0.608
1749262540,0.69400000,85.04000000,0.608
1749262540,0.69500000,530.41000000,0.608
1749262540,0.69600000,454.75000000,0.608
1749262540,0.69700000,385.54000000,0.608
1749262540,0.69800000,3809.26000000,0.608
1749262540,0.69900000,4625.45000000,0.608
1749262540,0.70000000,27146.11000000,0.608
1749262540,0.70100000,1123.81000000,0.608
1749262540,0.70200000,49.33000000,0.608
1749262540,0.70300000,1839.11000000,0.608
1749262540,0.70400000,959.98000000,0.608
1749262540,0.70500000,2436.14000000,0.608
1749262540,0.70600000,1405.74000000,0.608
1749262540,0.70700000,11773.57000000,0.608
1749262842,0.60700000,73533.23000000,0.606
1749262842,0.60800000,145596.70000000,0.606
1749262842,0.60900000,144792.67000000,0.606
1749262842,0.61000000,292822.38000000,0.606
1749262842,0.61100000,41049.08000000,0.606
1749262842,0.61200000,94181.55000000,0.606
1749262842,0.61300000,46781.00000000,0.606
1749262842,0.61400000,90355.48000000,0.606
1749262842,0.61500000,62229.00000000,0.606
1749262842,0.61600000,23602.05000000,0.606
1749262842,0.61700000,7316.15000000,0.606
1749262842,0.61800000,6318.91000000,0.606
1749262842,0.61900000,4084.74000000,0.606
1749262842,0.62000000,17977.18000000,0.606
1749262842,0.62100000,3823.31000000,0.606
1749262842,0.62200000,4055.50000000,0.606
1749262842,0.62300000,5089.85000000,0.606
1749262842,0.62400000,12244.61000000,0.606
1749262842,0.62500000,16377.38000000,0.606
1749262842,0.62600000,710.05000000,0.606
1749262842,0.62700000,516.00000000,0.606
1749262842,0.62800000,1089.87000000,0.606
1749262842,0.62900000,412.30000000,0.606
1749262842,0.63000000,19847.72000000,0.606
1749262842,0.63100000,1695.01000000,0.606
1749262842,0.63200000,320.33000000,0.606
1749262842,0.63300000,4450.21000000,0.606
1749262842,0.63400000,1904.53000000,0.606
1749262842,0.63500000,1133.31000000,0.606
1749262842,0.63600000,147.36000000,0.606
1749262842,0.63700000,1116.53000000,0.606
1749262842,0.63800000,1715.55000000,0.606
1749262842,0.63900000,815.77000000,0.606
1749262842,0.64000000,5317.28000000,0.606
1749262842,0.64100000,290.90000000,0.606
1749262842,0.64200000,101.63000000,0.606
1749262842,0.64300000,2972.80000000,0.606
1749262842,0.64400000,9623.44000000,0.606
1749262842,0.64500000,592.49000000,0.606
1749262842,0.64600000,365.96000000,0.606
1749262842,0.64700000,1818.08000000,0.606
1749262842,0.64800000,716.24000000,0.606
1749262842,0.64900000,137.19000000,0.606
1749262842,0.65000000,13415.37000000,0.606
1749262842,0.65100000,12562.94000000,0.606
1749262842,0.65200000,3302.16000000,0.606
1749262842,0.65300000,3069.02000000,0.606
1749262842,0.65400000,66.16000000,0.606
1749262842,0.65500000,581.79000000,0.606
1749262842,0.65600000,5264.82000000,0.606
1749262842,0.65700000,562.10000000,0.606
1749262842,0.65800000,2122.27000000,0.606
1749262842,0.65900000,230913.78000000,0.606
1749262842,0.66000000,15797.59000000,0.606
1749262842,0.66100000,1234.11000000,0.606
1749262842,0.66200000,608.43000000,0.606
1749262842,0.66300000,523.09000000,0.606
1749262842,0.66400000,14451.16000000,0.606
1749262842,0.66500000,1215.88000000,0.606
1749262842,0.66600000,409.25000000,0.606
1749262842,0.66700000,186.76000000,0.606
1749262842,0.66800000,7214.03000000,0.606
1749262842,0.66900000,1162.43000000,0.606
1749262842,0.67000000,4965.25000000,0.606
1749262842,0.67100000,99.60000000,0.606
1749262842,0.67200000,142.15000000,0.606
1749262842,0.67300000,2307.17000000,0.606
1749262842,0.67400000,546.62000000,0.606
1749262842,0.67500000,42.13000000,0.606
1749262842,0.67600000,254.99000000,0.606
1749262842,0.67700000,439.92000000,0.606
1749262842,0.67800000,510.10000000,0.606
1749262842,0.67900000,171.23000000,0.606
1749262842,0.68000000,47005.00000000,0.606
1749262842,0.68100000,556.05000000,0.606
1749262842,0.68200000,3989.66000000,0.606
1749262842,0.68300000,1255.08000000,0.606
1749262842,0.68400000,800.12000000,0.606
1749262842,0.68500000,24638.08000000,0.606
1749262842,0.68600000,757.43000000,0.606
1749262842,0.68700000,858.00000000,0.606
1749262842,0.68800000,3969.62000000,0.606
1749262842,0.68900000,3787.48000000,0.606
1749262842,0.69000000,24218.72000000,0.606
1749262842,0.69100000,118.00000000,0.606
1749262842,0.69200000,2031.16000000,0.606
1749262842,0.69300000,366.44000000,0.606
1749262842,0.69400000,85.04000000,0.606
1749262842,0.69500000,530.41000000,0.606
1749262842,0.69600000,454.75000000,0.606
1749262842,0.69700000,385.54000000,0.606
1749262842,0.69800000,3809.26000000,0.606
1749262842,0.69900000,4625.45000000,0.606
1749262842,0.70000000,27146.11000000,0.606
1749262842,0.70100000,1123.81000000,0.606
1749262842,0.70200000,49.33000000,0.606
1749262842,0.70300000,1839.11000000,0.606
1749262842,0.70400000,959.98000000,0.606
1749262842,0.70500000,2436.14000000,0.606
1749262842,0.70600000,1405.74000000,0.606
1749263143,0.60800000,40869.77000000,0.608
1749263143,0.60900000,212285.48000000,0.608
1749263143,0.61000000,294818.79000000,0.608
1749263143,0.61100000,57762.98000000,0.608
1749263143,0.61200000,96863.95000000,0.608
1749263143,0.61300000,39473.96000000,0.608
1749263143,0.61400000,88190.71000000,0.608
1749263143,0.61500000,53641.01000000,0.608
1749263143,0.61600000,22929.97000000,0.608
1749263143,0.61700000,7316.15000000,0.608
1749263143,0.61800000,6620.87000000,0.608
1749263143,0.61900000,4084.74000000,0.608
1749263143,0.62000000,15510.64000000,0.608
1749263143,0.62100000,3823.31000000,0.608
1749263143,0.62200000,6522.04000000,0.608
1749263143,0.62300000,4172.18000000,0.608
1749263143,0.62400000,10579.30000000,0.608
1749263143,0.62500000,17413.49000000,0.608
1749263143,0.62600000,2256.89000000,0.608
1749263143,0.62700000,516.00000000,0.608
1749263143,0.62800000,1123.99000000,0.608
1749263143,0.62900000,378.18000000,0.608
1749263143,0.63000000,19847.72000000,0.608
1749263143,0.63100000,148.48000000,0.608
1749263143,0.63200000,320.33000000,0.608
1749263143,0.63300000,5583.10000000,0.608
1749263143,0.63400000,1904.53000000,0.608
1749263143,0.63500000,1546.95000000,0.608
1749263143,0.63600000,147.36000000,0.608
1749263143,0.63700000,1116.53000000,0.608
1749263143,0.63800000,1715.55000000,0.608
1749263143,0.63900000,815.77000000,0.608
1749263143,0.64000000,5317.28000000,0.608
1749263143,0.64100000,290.90000000,0.608
1749263143,0.64200000,101.63000000,0.608
1749263143,0.64300000,2972.80000000,0.608
1749263143,0.64400000,9623.44000000,0.608
1749263143,0.64500000,592.49000000,0.608
1749263143,0.64600000,365.96000000,0.608
1749263143,0.64700000,1818.08000000,0.608
1749263143,0.64800000,716.24000000,0.608
1749263143,0.64900000,137.19000000,0.608
1749263143,0.65000000,13415.37000000,0.608
1749263143,0.65100000,12562.94000000,0.608
1749263143,0.65200000,3302.16000000,0.608
1749263143,0.65300000,3069.02000000,0.608
1749263143,0.65400000,66.16000000,0.608
1749263143,0.65500000,581.79000000,0.608
1749263143,0.65600000,5264.82000000,0.608
1749263143,0.65700000,562.10000000,0.608
1749263143,0.65800000,34802.01000000,0.608
1749263143,0.65900000,230913.78000000,0.608
1749263143,0.66000000,15797.59000000,0.608
1749263143,0.66100000,1234.11000000,0.608
1749263143,0.66200000,608.43000000,0.608
1749263143,0.66300000,523.09000000,0.608
1749263143,0.66400000,14451.16000000,0.608
1749263143,0.66500000,1215.88000000,0.608
1749263143,0.66600000,409.25000000,0.608
1749263143,0.66700000,186.76000000,0.608
1749263143,0.66800000,7214.00000000,0.608
1749263143,0.66900000,1178.91000000,0.608
1749263143,0.67000000,4965.25000000,0.608
1749263143,0.67100000,99.60000000,0.608
1749263143,0.67200000,142.15000000,0.608
1749263143,0.67300000,2307.17000000,0.608
1749263143,0.67400000,546.62000000,0.608
1749263143,0.67500000,42.13000000,0.608
1749263143,0.67600000,254.99000000,0.608
1749263143,0.67700000,439.92000000,0.608
1749263143,0.67800000,510.10000000,0.608
1749263143,0.67900000,171.23000000,0.608
1749263143,0.68000000,47005.00000000,0.608
1749263143,0.68100000,556.05000000,0.608
1749263143,0.68200000,3989.66000000,0.608
1749263143,0.68300000,1255.08000000,0.608
1749263143,0.68400000,800.12000000,0.608
1749263143,0.68500000,24638.08000000,0.608
1749263143,0.68600000,757.43000000,0.608
1749263143,0.68700000,858.00000000,0.608
1749263143,0.68800000,3969.62000000,0.608
1749263143,0.68900000,3787.48000000,0.608
1749263143,0.69000000,24218.72000000,0.608
1749263143,0.69100000,118.00000000,0.608
1749263143,0.69200000,2031.16000000,0.608
1749263143,0.69300000,366.44000000,0.608
1749263143,0.69400000,85.04000000,0.608
1749263143,0.69500000,530.41000000,0.608
1749263143,0.69600000,454.75000000,0.608
1749263143,0.69700000,385.54000000,0.608
1749263143,0.69800000,3809.26000000,0.608
1749263143,0.69900000,4625.45000000,0.608
1749263143,0.70000000,27146.11000000,0.608
1749263143,0.70100000,1123.81000000,0.608
1749263143,0.70200000,49.33000000,0.608
1749263143,0.70300000,1839.11000000,0.608
1749263143,0.70400000,959.98000000,0.608
1749263143,0.70500000,2436.14000000,0.608
1749263143,0.70600000,1405.74000000,0.608
1749263143,0.70700000,11773.57000000,0.608
1749263445,0.60800000,81544.02000000,0.607
1749263445,0.60900000,219134.09000000,0.607
1749263445,0.61000000,280568.10000000,0.607
1749263445,0.61100000,60029.15000000,0.607
1749263445,0.61200000,95243.66000000,0.607
1749263445,0.61300000,40625.28000000,0.607
1749263445,0.61400000,85596.02000000,0.607
1749263445,0.61500000,53938.00000000,0.607
1749263445,0.61600000,23286.03000000,0.607
1749263445,0.61700000,7627.01000000,0.607
1749263445,0.61800000,6310.01000000,0.607
1749263445,0.61900000,4084.74000000,0.607
1749263445,0.62000000,15510.64000000,0.607
1749263445,0.62100000,3823.31000000,0.607
1749263445,0.62200000,6522.04000000,0.607
1749263445,0.62300000,4172.18000000,0.607
1749263445,0.62400000,10697.76000000,0.607
1749263445,0.62500000,13695.05000000,0.607
1749263445,0.62600000,2256.89000000,0.607
1749263445,0.62700000,516.00000000,0.607
1749263445,0.62800000,1123.99000000,0.607
1749263445,0.62900000,378.18000000,0.607
1749263445,0.63000000,19847.72000000,0.607
1749263445,0.63100000,148.48000000,0.607
1749263445,0.63200000,320.33000000,0.607
1749263445,0.63300000,5583.10000000,0.607
1749263445,0.63400000,1904.53000000,0.607
1749263445,0.63500000,1546.95000000,0.607
1749263445,0.63600000,147.36000000,0.607
1749263445,0.63700000,1116.53000000,0.607
1749263445,0.63800000,1715.55000000,0.607
1749263445,0.63900000,815.77000000,0.607
1749263445,0.64000000,5317.28000000,0.607
1749263445,0.64100000,290.90000000,0.607
1749263445,0.64200000,101.63000000,0.607
1749263445,0.64300000,2972.80000000,0.607
1749263445,0.64400000,9623.44000000,0.607
1749263445,0.64500000,592.49000000,0.607
1749263445,0.64600000,365.96000000,0.607
1749263445,0.64700000,1818.08000000,0.607
1749263445,0.64800000,716.24000000,0.607
1749263445,0.64900000,137.19000000,0.607
1749263445,0.65000000,13415.37000000,0.607
1749263445,0.65100000,12562.94000000,0.607
1749263445,0.65200000,3302.16000000,0.607
1749263445,0.65300000,3069.02000000,0.607
1749263445,0.65400000,66.16000000,0.607
1749263445,0.65500000,581.79000000,0.607
1749263445,0.65600000,5264.82000000,0.607
1749263445,0.65700000,562.10000000,0.607
1749263445,0.65800000,34802.01000000,0.607
1749263445,0.65900000,230913.78000000,0.607
1749263445,0.66000000,15797.59000000,0.607
1749263445,0.66100000,1234.11000000,0.607
1749263445,0.66200000,608.43000000,0.607
1749263445,0.66300000,523.09000000,0.607
1749263445,0.66400000,14451.16000000,0.607
1749263445,0.66500000,1215.88000000,0.607
1749263445,0.66600000,409.25000000,0.607
1749263445,0.66700000,186.76000000,0.607
1749263445,0.66800000,7214.00000000,0.607
1749263445,0.66900000,1178.91000000,0.607
1749263445,0.67000000,5165.06000000,0.607
1749263445,0.67100000,99.60000000,0.607
1749263445,0.67200000,142.15000000,0.607
1749263445,0.67300000,2307.17000000,0.607
1749263445,0.67400000,546.62000000,0.607
1749263445,0.67500000,42.13000000,0.607
1749263445,0.67600000,254.99000000,0.607
1749263445,0.67700000,439.92000000,0.607
1749263445,0.67800000,510.10000000,0.607
1749263445,0.67900000,171.23000000,0.607
1749263445,0.68000000,47005.00000000,0.607
1749263445,0.68100000,556.05000000,0.607
1749263445,0.68200000,3989.66000000,0.607
1749263445,0.68300000,1255.08000000,0.607
1749263445,0.68400000,800.12000000,0.607
1749263445,0.68500000,24638.08000000,0.607
1749263445,0.68600000,757.43000000,0.607
1749263445,0.68700000,858.00000000,0.607
1749263445,0.68800000,3969.62000000,0.607
1749263445,0.68900000,3787.48000000,0.607
1749263445,0.69000000,24218.72000000,0.607
1749263445,0.69100000,118.00000000,0.607
1749263445,0.69200000,2031.16000000,0.607
1749263445,0.69300000,366.44000000,0.607
1749263445,0.69400000,85.04000000,0.607
1749263445,0.69500000,530.41000000,0.607
1749263445,0.69600000,454.75000000,0.607
1749263445,0.69700000,385.54000000,0.607
1749263445,0.69800000,3809.26000000,0.607
1749263445,0.69900000,4625.45000000,0.607
1749263445,0.70000000,27146.11000000,0.607
1749263445,0.70100000,1123.81000000,0.607
1749263445,0.70200000,49.33000000,0.607
1749263445,0.70300000,1839.11000000,0.607
1749263445,0.70400000,959.98000000,0.607
1749263445,0.70500000,2436.14000000,0.607
1749263445,0.70600000,1405.74000000,0.607
1749263445,0.70700000,11773.57000000,0.607
1749263746,0.60800000,45655.71000000,0.608
1749263746,0.60900000,185844.65000000,0.608
1749263746,0.61000000,227162.05000000,0.608
1749263746,0.61100000,141475.50000000,0.608
1749263746,0.61200000,67368.78000000,0.608
1749263746,0.61300000,38638.42000000,0.608
1749263746,0.61400000,118916.77000000,0.608
1749263746,0.61500000,53830.89000000,0.608
1749263746,0.61600000,23037.92000000,0.608
1749263746,0.61700000,7316.15000000,0.608
1749263746,0.61800000,6629.77000000,0.608
1749263746,0.61900000,4383.11000000,0.608
1749263746,0.62000000,15510.64000000,0.608
1749263746,0.62100000,223.31000000,0.608
1749263746,0.62200000,2922.04000000,0.608
1749263746,0.62300000,572.18000000,0.608
1749263746,0.62400000,7097.75000000,0.608
1749263746,0.62500000,13679.05000000,0.608
1749263746,0.62600000,2244.11000000,0.608
1749263746,0.62700000,516.00000000,0.608
1749263746,0.62800000,1089.87000000,0.608
1749263746,0.62900000,378.18000000,0.608
1749263746,0.63000000,19847.72000000,0.608
1749263746,0.63100000,135.80000000,0.608
1749263746,0.63200000,320.33000000,0.608
1749263746,0.63300000,5583.10000000,0.608
1749263746,0.63400000,1888.76000000,0.608
1749263746,0.63500000,1546.95000000,0.608
1749263746,0.63600000,147.36000000,0.608
1749263746,0.63700000,1116.53000000,0.608
1749263746,0.63800000,1715.55000000,0.608
1749263746,0.63900000,831.42000000,0.608
1749263746,0.64000000,5317.28000000,0.608
1749263746,0.64100000,290.90000000,0.608
1749263746,0.64200000,101.63000000,0.608
1749263746,0.64300000,2972.80000000,0.608
1749263746,0.64400000,9623.44000000,0.608
1749263746,0.64500000,592.49000000,0.608
1749263746,0.64600000,365.96000000,0.608
1749263746,0.64700000,1818.08000000,0.608
1749263746,0.64800000,716.24000000,0.608
1749263746,0.64900000,137.19000000,0.608
1749263746,0.65000000,13415.37000000,0.608
1749263746,0.65100000,12562.94000000,0.608
1749263746,0.65200000,3302.16000000,0.608
1749263746,0.65300000,3069.02000000,0.608
1749263746,0.65400000,66.16000000,0.608
1749263746,0.65500000,581.79000000,0.608
1749263746,0.65600000,5264.82000000,0.608
1749263746,0.65700000,562.10000000,0.608
1749263746,0.65800000,34802.01000000,0.608
1749263746,0.65900000,230913.78000000,0.608
1749263746,0.66000000,15797.59000000,0.608
1749263746,0.66100000,1234.11000000,0.608
1749263746,0.66200000,608.43000000,0.608
1749263746,0.66300000,523.09000000,0.608
1749263746,0.66400000,14451.16000000,0.608
1749263746,0.66500000,1215.88000000,0.608
1749263746,0.66600000,409.25000000,0.608
1749263746,0.66700000,186.76000000,0.608
1749263746,0.66800000,7214.00000000,0.608
1749263746,0.66900000,1178.91000000,0.608
1749263746,0.67000000,5165.06000000,0.608
1749263746,0.67100000,99.60000000,0.608
1749263746,0.67200000,142.15000000,0.608
1749263746,0.67300000,2307.17000000,0.608
1749263746,0.67400000,546.62000000,0.608
1749263746,0.67500000,42.13000000,0.608
1749263746,0.67600000,254.99000000,0.608
1749263746,0.67700000,439.92000000,0.608
1749263746,0.67800000,510.10000000,0.608
1749263746,0.67900000,171.23000000,0.608
1749263746,0.68000000,47005.00000000,0.608
1749263746,0.68100000,556.05000000,0.608
1749263746,0.68200000,3989.66000000,0.608
1749263746,0.68300000,1255.08000000,0.608
1749263746,0.68400000,800.12000000,0.608
1749263746,0.68500000,24638.08000000,0.608
1749263746,0.68600000,757.43000000,0.608
1749263746,0.68700000,858.00000000,0.608
1749263746,0.68800000,3969.62000000,0.608
1749263746,0.68900000,3787.48000000,0.608
1749263746,0.69000000,24218.72000000,0.608
1749263746,0.69100000,118.00000000,0.608
1749263746,0.69200000,2031.16000000,0.608
1749263746,0.69300000,366.44000000,0.608
1749263746,0.69400000,85.04000000,0.608
1749263746,0.69500000,530.41000000,0.608
1749263746,0.69600000,454.75000000,0.608
1749263746,0.69700000,385.54000000,0.608
1749263746,0.69800000,3809.26000000,0.608
1749263746,0.69900000,4625.45000000,0.608
1749263746,0.70000000,27146.11000000,0.608
1749263746,0.70100000,1123.81000000,0.608
1749263746,0.70200000,49.33000000,0.608
1749263746,0.70300000,1839.11000000,0.608
1749263746,0.70400000,959.98000000,0.608
1749263746,0.70500000,2436.14000000,0.608
1749263746,0.70600000,1405.74000000,0.608
1749263746,0.70700000,11773.57000000,0.608
1749264048,0.60900000,61318.00000000,0.608
1749264048,0.61000000,202198.40000000,0.608
1749264048,0.61100000,295787.46000000,0.608
1749264048,0.61200000,69881.05000000,0.608
1749264048,0.61300000,40923.34000000,0.608
1749264048,0.61400000,108812.35000000,0.608
1749264048,0.61500000,47374.84000000,0.608
1749264048,0.61600000,23375.12000000,0.608
1749264048,0.61700000,10844.63000000,0.608
1749264048,0.61800000,7962.29000000,0.608
1749264048,0.61900000,6540.64000000,0.608
1749264048,0.62000000,15170.64000000,0.608
1749264048,0.62100000,223.31000000,0.608
1749264048,0.62200000,2922.04000000,0.608
1749264048,0.62300000,572.18000000,0.608
1749264048,0.62400000,6345.89000000,0.608
1749264048,0.62500000,13679.05000000,0.608
1749264048,0.62600000,2995.78000000,0.608
1749264048,0.62700000,516.00000000,0.608
1749264048,0.62800000,1089.87000000,0.608
1749264048,0.62900000,378.18000000,0.608
1749264048,0.63000000,19847.72000000,0.608
1749264048,0.63100000,135.80000000,0.608
1749264048,0.63200000,320.33000000,0.608
1749264048,0.63300000,5567.31000000,0.608
1749264048,0.63400000,1888.76000000,0.608
1749264048,0.63500000,1546.95000000,0.608
1749264048,0.63600000,147.36000000,0.608
1749264048,0.63700000,1116.53000000,0.608
1749264048,0.63800000,1731.22000000,0.608
1749264048,0.63900000,831.42000000,0.608
1749264048,0.64000000,5317.28000000,0.608
1749264048,0.64100000,290.90000000,0.608
1749264048,0.64200000,101.63000000,0.608
1749264048,0.64300000,2972.80000000,0.608
1749264048,0.64400000,9623.44000000,0.608
1749264048,0.64500000,592.49000000,0.608
1749264048,0.64600000,365.96000000,0.608
1749264048,0.64700000,1818.08000000,0.608
1749264048,0.64800000,716.24000000,0.608
1749264048,0.64900000,137.19000000,0.608
1749264048,0.65000000,13415.37000000,0.608
1749264048,0.65100000,12562.94000000,0.608
1749264048,0.65200000,3302.16000000,0.608
1749264048,0.65300000,3069.02000000,0.608
1749264048,0.65400000,66.16000000,0.608
1749264048,0.65500000,581.79000000,0.608
1749264048,0.65600000,5264.82000000,0.608
1749264048,0.65700000,24952.34000000,0.608
1749264048,0.65800000,34802.01000000,0.608
1749264048,0.65900000,230913.78000000,0.608
1749264048,0.66000000,15797.59000000,0.608
1749264048,0.66100000,1234.11000000,0.608
1749264048,0.66200000,608.43000000,0.608
1749264048,0.66300000,523.09000000,0.608
1749264048,0.66400000,14451.16000000,0.608
1749264048,0.66500000,1215.88000000,0.608
1749264048,0.66600000,409.25000000,0.608
1749264048,0.66700000,186.76000000,0.608
1749264048,0.66800000,7214.00000000,0.608
1749264048,0.66900000,1178.91000000,0.608
1749264048,0.67000000,5181.49000000,0.608
1749264048,0.67100000,99.60000000,0.608
1749264048,0.67200000,142.15000000,0.608
1749264048,0.67300000,2307.17000000,0.608
1749264048,0.67400000,546.62000000,0.608
1749264048,0.67500000,42.13000000,0.608
1749264048,0.67600000,254.99000000,0.608
1749264048,0.67700000,439.92000000,0.608
1749264048,0.67800000,510.10000000,0.608
1749264048,0.67900000,171.23000000,0.608
1749264048,0.68000000,47005.00000000,0.608
1749264048,0.68100000,556.05000000,0.608
1749264048,0.68200000,3989.66000000,0.608
1749264048,0.68300000,1255.08000000,0.608
1749264048,0.68400000,800.12000000,0.608
1749264048,0.68500000,24638.08000000,0.608
1749264048,0.68600000,757.43000000,0.608
1749264048,0.68700000,858.00000000,0.608
1749264048,0.68800000,3969.62000000,0.608
1749264048,0.68900000,3787.48000000,0.608
1749264048,0.69000000,24218.72000000,0.608
1749264048,0.69100000,118.00000000,0.608
1749264048,0.69200000,2031.16000000,0.608
1749264048,0.69300000,366.44000000,0.608
1749264048,0.69400000,85.04000000,0.608
1749264048,0.69500000,530.41000000,0.608
1749264048,0.69600000,454.75000000,0.608
1749264048,0.69700000,385.54000000,0.608
1749264048,0.69800000,3809.26000000,0.608
1749264048,0.69900000,4625.45000000,0.608
1749264048,0.70000000,27146.11000000,0.608
1749264048,0.70100000,1123.81000000,0.608
1749264048,0.70200000,49.33000000,0.608
1749264048,0.70300000,1839.11000000,0.608
1749264048,0.70400000,959.98000000,0.608
1749264048,0.70500000,2436.14000000,0.608
1749264048,0.70600000,1405.74000000,0.608
1749264048,0.70700000,11773.57000000,0.608
1749264048,0.70800000,876.49000000,0.608
1749264350,0.60800000,34272.33000000,0.608
1749264350,0.60900000,148793.50000000,0.608
1749264350,0.61000000,218072.55000000,0.608
1749264350,0.61100000,220786.84000000,0.608
1749264350,0.61200000,56966.58000000,0.608
1749264350,0.61300000,46095.03000000,0.608
1749264350,0.61400000,118916.62000000,0.608
1749264350,0.61500000,50789.76000000,0.608
1749264350,0.61600000,23038.26000000,0.608
1749264350,0.61700000,10394.20000000,0.608
1749264350,0.61800000,8272.63000000,0.608
1749264350,0.61900000,6230.30000000,0.608
1749264350,0.62000000,15170.64000000,0.608
1749264350,0.62100000,223.31000000,0.608
1749264350,0.62200000,2922.04000000,0.608
1749264350,0.62300000,572.18000000,0.608
1749264350,0.62400000,6979.30000000,0.608
1749264350,0.62500000,13797.49000000,0.608
1749264350,0.62600000,2244.11000000,0.608
1749264350,0.62700000,516.00000000,0.608
1749264350,0.62800000,1089.87000000,0.608
1749264350,0.62900000,378.18000000,0.608
1749264350,0.63000000,19847.72000000,0.608
1749264350,0.63100000,135.80000000,0.608
1749264350,0.63200000,320.33000000,0.608
1749264350,0.63300000,5980.95000000,0.608
1749264350,0.63400000,1888.76000000,0.608
1749264350,0.63500000,1133.31000000,0.608
1749264350,0.63600000,147.36000000,0.608
1749264350,0.63700000,1116.53000000,0.608
1749264350,0.63800000,1731.22000000,0.608
1749264350,0.63900000,831.42000000,0.608
1749264350,0.64000000,5317.28000000,0.608
1749264350,0.64100000,290.90000000,0.608
1749264350,0.64200000,101.63000000,0.608
1749264350,0.64300000,2972.80000000,0.608
1749264350,0.64400000,9623.44000000,0.608
1749264350,0.64500000,592.49000000,0.608
1749264350,0.64600000,365.96000000,0.608
1749264350,0.64700000,1818.08000000,0.608
1749264350,0.64800000,716.24000000,0.608
1749264350,0.64900000,137.19000000,0.608
1749264350,0.65000000,13415.37000000,0.608
1749264350,0.65100000,12562.94000000,0.608
1749264350,0.65200000,3302.16000000,0.608
1749264350,0.65300000,3069.02000000,0.608
1749264350,0.65400000,66.16000000,0.608
1749264350,0.65500000,581.79000000,0.608
1749264350,0.65600000,5264.82000000,0.608
1749264350,0.65700000,562.10000000,0.608
1749264350,0.65800000,34802.01000000,0.608
1749264350,0.65900000,230913.78000000,0.608
1749264350,0.66000000,15797.59000000,0.608
1749264350,0.66100000,1234.11000000,0.608
1749264350,0.66200000,608.43000000,0.608
1749264350,0.66300000,523.09000000,0.608
1749264350,0.66400000,14451.16000000,0.608
1749264350,0.66500000,1215.88000000,0.608
1749264350,0.66600000,409.25000000,0.608
1749264350,0.66700000,186.76000000,0.608
1749264350,0.66800000,7214.00000000,0.608
1749264350,0.66900000,1178.91000000,0.608
1749264350,0.67000000,5165.06000000,0.608
1749264350,0.67100000,99.60000000,0.608
1749264350,0.67200000,142.15000000,0.608
1749264350,0.67300000,2307.17000000,0.608
1749264350,0.67400000,546.62000000,0.608
1749264350,0.67500000,42.13000000,0.608
1749264350,0.67600000,254.99000000,0.608
1749264350,0.67700000,439.92000000,0.608
1749264350,0.67800000,510.10000000,0.608
1749264350,0.67900000,171.23000000,0.608
1749264350,0.68000000,47005.00000000,0.608
1749264350,0.68100000,556.05000000,0.608
1749264350,0.68200000,3989.66000000,0.608
1749264350,0.68300000,1255.08000000,0.608
1749264350,0.68400000,800.12000000,0.608
1749264350,0.68500000,24638.08000000,0.608
1749264350,0.68600000,757.43000000,0.608
1749264350,0.68700000,858.00000000,0.608
1749264350,0.68800000,3969.62000000,0.608
1749264350,0.68900000,3787.48000000,0.608
1749264350,0.69000000,24218.72000000,0.608
1749264350,0.69100000,118.00000000,0.608
1749264350,0.69200000,2031.16000000,0.608
1749264350,0.69300000,366.44000000,0.608
1749264350,0.69400000,85.04000000,0.608
1749264350,0.69500000,530.41000000,0.608
1749264350,0.69600000,454.75000000,0.608
1749264350,0.69700000,385.54000000,0.608
1749264350,0.69800000,3809.26000000,0.608
1749264350,0.69900000,4625.45000000,0.608
1749264350,0.70000000,27146.11000000,0.608
1749264350,0.70100000,1123.81000000,0.608
1749264350,0.70200000,49.33000000,0.608
1749264350,0.70300000,1839.11000000,0.608
1749264350,0.70400000,959.98000000,0.608
1749264350,0.70500000,2436.14000000,0.608
1749264350,0.70600000,1405.74000000,0.608
1749264350,0.70700000,11773.57000000,0.608
1749264652,0.60900000,43458.79000000,0.608
1749264652,0.61000000,181640.63000000,0.608
1749264652,0.61100000,252540.40000000,0.608
1749264652,0.61200000,167331.91000000,0.608
1749264652,0.61300000,40539.41000000,0.608
1749264652,0.61400000,108017.28000000,0.608
1749264652,0.61500000,57156.37000000,0.608
1749264652,0.61600000,47025.61000000,0.608
1749264652,0.61700000,58584.17000000,0.608
1749264652,0.61800000,8605.37000000,0.608
1749264652,0.61900000,8246.39000000,0.608
1749264652,0.62000000,15282.95000000,0.608
1749264652,0.62100000,203.99000000,0.608
1749264652,0.62200000,6522.04000000,0.608
1749264652,0.62300000,4172.18000000,0.608
1749264652,0.62400000,1068.79000000,0.608
1749264652,0.62500000,13679.05000000,0.608
1749264652,0.62600000,4639.15000000,0.608
1749264652,0.62700000,5415.71000000,0.608
1749264652,0.62800000,1089.87000000,0.608
1749264652,0.62900000,755.57000000,0.608
1749264652,0.63000000,19860.03000000,0.608
1749264652,0.63100000,135.80000000,0.608
1749264652,0.63200000,320.33000000,0.608
1749264652,0.63300000,5567.31000000,0.608
1749264652,0.63400000,1888.76000000,0.608
1749264652,0.63500000,1546.95000000,0.608
1749264652,0.63600000,147.36000000,0.608
1749264652,0.63700000,1116.53000000,0.608
1749264652,0.63800000,1699.88000000,0.608
1749264652,0.63900000,831.42000000,0.608
1749264652,0.64000000,5348.52000000,0.608
1749264652,0.64100000,290.90000000,0.608
1749264652,0.64200000,101.63000000,0.608
1749264652,0.64300000,2972.80000000,0.608
1749264652,0.64400000,9623.44000000,0.608
1749264652,0.64500000,592.49000000,0.608
1749264652,0.64600000,365.96000000,0.608
1749264652,0.64700000,1818.08000000,0.608
1749264652,0.64800000,716.24000000,0.608
1749264652,0.64900000,137.19000000,0.608
1749264652,0.65000000,13415.37000000,0.608
1749264652,0.65100000,12562.94000000,0.608
1749264652,0.65200000,3302.16000000,0.608
1749264652,0.65300000,3069.02000000,0.608
1749264652,0.65400000,66.16000000,0.608
1749264652,0.65500000,581.79000000,0.608
1749264652,0.65600000,5264.82000000,0.608
1749264652,0.65700000,562.10000000,0.608
1749264652,0.65800000,2122.27000000,0.608
1749264652,0.65900000,230913.78000000,0.608
1749264652,0.66000000,15797.59000000,0.608
1749264652,0.66100000,1234.11000000,0.608
1749264652,0.66200000,608.43000000,0.608
1749264652,0.66300000,523.09000000,0.608
1749264652,0.66400000,14451.16000000,0.608
1749264652,0.66500000,1215.88000000,0.608
1749264652,0.66600000,409.25000000,0.608
1749264652,0.66700000,186.76000000,0.608
1749264652,0.66800000,7214.00000000,0.608
1749264652,0.66900000,1178.91000000,0.608
1749264652,0.67000000,5181.52000000,0.608
1749264652,0.67100000,99.60000000,0.608
1749264652,0.67200000,142.15000000,0.608
1749264652,0.67300000,2307.17000000,0.608
1749264652,0.67400000,546.62000000,0.608
1749264652,0.67500000,42.13000000,0.608
1749264652,0.67600000,254.99000000,0.608
1749264652,0.67700000,439.92000000,0.608
1749264652,0.67800000,510.10000000,0.608
1749264652,0.67900000,171.23000000,0.608
1749264652,0.68000000,47005.00000000,0.608
1749264652,0.68100000,556.05000000,0.608
1749264652,0.68200000,3989.66000000,0.608
1749264652,0.68300000,1255.08000000,0.608
1749264652,0.68400000,800.12000000,0.608
1749264652,0.68500000,24638.08000000,0.608
1749264652,0.68600000,757.43000000,0.608
1749264652,0.68700000,858.00000000,0.608
1749264652,0.68800000,3969.62000000,0.608
1749264652,0.68900000,3787.48000000,0.608
1749264652,0.69000000,24218.72000000,0.608
1749264652,0.69100000,118.00000000,0.608
1749264652,0.69200000,2031.16000000,0.608
1749264652,0.69300000,366.44000000,0.608
1749264652,0.69400000,85.04000000,0.608
1749264652,0.69500000,530.41000000,0.608
1749264652,0.69600000,454.75000000,0.608
1749264652,0.69700000,385.54000000,0.608
1749264652,0.69800000,3809.26000000,0.608
1749264652,0.69900000,4625.45000000,0.608
1749264652,0.70000000,27146.11000000,0.608
1749264652,0.70100000,1123.81000000,0.608
1749264652,0.70200000,49.33000000,0.608
1749264652,0.70300000,1839.11000000,0.608
1749264652,0.70400000,959.98000000,0.608
1749264652,0.70500000,2436.14000000,0.608
1749264652,0.70600000,1405.74000000,0.608
1749264652,0.70700000,11773.57000000,0.608
1749264652,0.70800000,876.49000000,0.608
1749264954,0.61200000,37804.54000000,0.612
1749264954,0.61300000,170789.81000000,0.612
1749264954,0.61400000,320365.37000000,0.612
1749264954,0.61500000,55452.39000000,0.612
1749264954,0.61600000,69215.18000000,0.612
1749264954,0.61700000,44452.47000000,0.612
1749264954,0.61800000,47029.03000000,0.612
1749264954,0.61900000,50521.58000000,0.612
1749264954,0.62000000,18601.10000000,0.612
1749264954,0.62100000,7369.19000000,0.612
1749264954,0.62200000,6276.27000000,0.612
1749264954,0.62300000,4493.19000000,0.612
1749264954,0.62400000,4251.33000000,0.612
1749264954,0.62500000,12761.38000000,0.612
1749264954,0.62600000,2340.65000000,0.612
1749264954,0.62700000,5415.71000000,0.612
1749264954,0.62800000,1723.28000000,0.612
1749264954,0.62900000,1399.76000000,0.612
1749264954,0.63000000,16129.77000000,0.612
1749264954,0.63100000,525.48000000,0.612
1749264954,0.63200000,332.60000000,0.612
1749264954,0.63300000,4020.78000000,0.612
1749264954,0.63400000,7165.86000000,0.612
1749264954,0.63500000,2679.84000000,0.612
1749264954,0.63600000,147.36000000,0.612
1749264954,0.63700000,1552.68000000,0.612
1749264954,0.63800000,183.32000000,0.612
1749264954,0.63900000,430.02000000,0.612
1749264954,0.64000000,5348.52000000,0.612
1749264954,0.64100000,290.90000000,0.612
1749264954,0.64200000,1618.19000000,0.612
1749264954,0.64300000,3374.20000000,0.612
1749264954,0.64400000,9623.44000000,0.612
1749264954,0.64500000,644.69000000,0.612
1749264954,0.64600000,365.96000000,0.612
1749264954,0.64700000,1818.08000000,0.612
1749264954,0.64800000,716.24000000,0.612
1749264954,0.64900000,137.19000000,0.612
1749264954,0.65000000,13415.37000000,0.612
1749264954,0.65100000,12562.94000000,0.612
1749264954,0.65200000,3302.16000000,0.612
1749264954,0.65300000,3069.02000000,0.612
1749264954,0.65400000,66.16000000,0.612
1749264954,0.65500000,581.79000000,0.612
1749264954,0.65600000,5264.82000000,0.612
1749264954,0.65700000,562.10000000,0.612
1749264954,0.65800000,34802.01000000,0.612
1749264954,0.65900000,230913.78000000,0.612
1749264954,0.66000000,15797.59000000,0.612
1749264954,0.66100000,1234.11000000,0.612
1749264954,0.66200000,608.43000000,0.612
1749264954,0.66300000,523.09000000,0.612
1749264954,0.66400000,14451.16000000,0.612
1749264954,0.66500000,1215.88000000,0.612
1749264954,0.66600000,409.25000000,0.612
1749264954,0.66700000,186.76000000,0.612
1749264954,0.66800000,7214.00000000,0.612
1749264954,0.66900000,1178.91000000,0.612
1749264954,0.67000000,5181.52000000,0.612
1749264954,0.67100000,116.03000000,0.612
1749264954,0.67200000,158.55000000,0.612
1749264954,0.67300000,2307.17000000,0.612
1749264954,0.67400000,546.62000000,0.612
1749264954,0.67500000,42.13000000,0.612
1749264954,0.67600000,254.99000000,0.612
1749264954,0.67700000,439.92000000,0.612
1749264954,0.67800000,510.10000000,0.612
1749264954,0.67900000,171.23000000,0.612
1749264954,0.68000000,47005.00000000,0.612
1749264954,0.68100000,556.05000000,0.612
1749264954,0.68200000,3989.66000000,0.612
1749264954,0.68300000,1255.08000000,0.612
1749264954,0.68400000,800.12000000,0.612
1749264954,0.68500000,24638.08000000,0.612
1749264954,0.68600000,757.43000000,0.612
1749264954,0.68700000,858.00000000,0.612
1749264954,0.68800000,3969.62000000,0.612
1749264954,0.68900000,3787.48000000,0.612
1749264954,0.69000000,24218.72000000,0.612
1749264954,0.69100000,118.00000000,0.612
1749264954,0.69200000,2031.16000000,0.612
1749264954,0.69300000,366.44000000,0.612
1749264954,0.69400000,85.04000000,0.612
1749264954,0.69500000,530.41000000,0.612
1749264954,0.69600000,454.75000000,0.612
1749264954,0.69700000,385.54000000,0.612
1749264954,0.69800000,3809.26000000,0.612
1749264954,0.69900000,4625.45000000,0.612
1749264954,0.70000000,27146.11000000,0.612
1749264954,0.70100000,1123.81000000,0.612
1749264954,0.70200000,49.33000000,0.612
1749264954,0.70300000,1839.11000000,0.612
1749264954,0.70400000,959.98000000,0.612
1749264954,0.70500000,2436.14000000,0.612
1749264954,0.70600000,1405.74000000,0.612
1749264954,0.70700000,11773.57000000,0.612
1749264954,0.70800000,876.49000000,0.612
1749264954,0.70900000,2359.07000000,0.612
1749264954,0.71000000,7790.62000000,0.612
1749264954,0.71100000,243.36000000,0.612
1749265255,0.61300000,50256.16000000,0.612
1749265255,0.61400000,188282.55000000,0.612
1749265255,0.61500000,276835.87000000,0.612
1749265255,0.61600000,43946.89000000,0.612
1749265255,0.61700000,37560.69000000,0.612
1749265255,0.61800000,74932.68000000,0.612
1749265255,0.61900000,44611.41000000,0.612
1749265255,0.62000000,59946.80000000,0.612
1749265255,0.62100000,10487.13000000,0.612
1749265255,0.62200000,6792.62000000,0.612
1749265255,0.62300000,3060.95000000,0.612
1749265255,0.62400000,1784.79000000,0.612
1749265255,0.62500000,12761.38000000,0.612
1749265255,0.62600000,3985.50000000,0.612
1749265255,0.62700000,138.61000000,0.612
1749265255,0.62800000,1089.87000000,0.612
1749265255,0.62900000,1282.09000000,0.612
1749265255,0.63000000,22974.08000000,0.612
1749265255,0.63100000,525.48000000,0.612
1749265255,0.63200000,332.60000000,0.612
1749265255,0.63300000,4033.03000000,0.612
1749265255,0.63400000,7199.98000000,0.612
1749265255,0.63500000,1133.31000000,0.612
1749265255,0.63600000,147.36000000,0.612
1749265255,0.63700000,3099.21000000,0.612
1749265255,0.63800000,183.32000000,0.612
1749265255,0.63900000,414.37000000,0.612
1749265255,0.64000000,5348.52000000,0.612
1749265255,0.64100000,290.90000000,0.612
1749265255,0.64200000,1618.19000000,0.612
1749265255,0.64300000,3374.20000000,0.612
1749265255,0.64400000,9638.96000000,0.612
1749265255,0.64500000,644.69000000,0.612
1749265255,0.64600000,365.96000000,0.612
1749265255,0.64700000,1818.08000000,0.612
1749265255,0.64800000,716.24000000,0.612
1749265255,0.64900000,137.19000000,0.612
1749265255,0.65000000,14157.85000000,0.612
1749265255,0.65100000,12562.94000000,0.612
1749265255,0.65200000,3302.16000000,0.612
1749265255,0.65300000,3069.02000000,0.612
1749265255,0.65400000,66.16000000,0.612
1749265255,0.65500000,581.79000000,0.612
1749265255,0.65600000,5264.82000000,0.612
1749265255,0.65700000,562.10000000,0.612
1749265255,0.65800000,34802.01000000,0.612
1749265255,0.65900000,230913.78000000,0.612
1749265255,0.66000000,15797.59000000,0.612
1749265255,0.66100000,1234.11000000,0.612
1749265255,0.66200000,608.43000000,0.612
1749265255,0.66300000,523.09000000,0.612
1749265255,0.66400000,14451.16000000,0.612
1749265255,0.66500000,1215.88000000,0.612
1749265255,0.66600000,409.25000000,0.612
1749265255,0.66700000,186.76000000,0.612
1749265255,0.66800000,7214.00000000,0.612
1749265255,0.66900000,1178.91000000,0.612
1749265255,0.67000000,5181.52000000,0.612
1749265255,0.67100000,116.03000000,0.612
1749265255,0.67200000,158.55000000,0.612
1749265255,0.67300000,2323.49000000,0.612
1749265255,0.67400000,562.94000000,0.612
1749265255,0.67500000,42.13000000,0.612
1749265255,0.67600000,254.99000000,0.612
1749265255,0.67700000,439.92000000,0.612
1749265255,0.67800000,510.10000000,0.612
1749265255,0.67900000,171.23000000,0.612
1749265255,0.68000000,47005.00000000,0.612
1749265255,0.68100000,556.05000000,0.612
1749265255,0.68200000,3989.66000000,0.612
1749265255,0.68300000,1255.08000000,0.612
1749265255,0.68400000,800.12000000,0.612
1749265255,0.68500000,24638.08000000,0.612
1749265255,0.68600000,757.43000000,0.612
1749265255,0.68700000,858.00000000,0.612
1749265255,0.68800000,3969.62000000,0.612
1749265255,0.68900000,3787.48000000,0.612
1749265255,0.69000000,24218.72000000,0.612
1749265255,0.69100000,118.00000000,0.612
1749265255,0.69200000,2031.16000000,0.612
1749265255,0.69300000,366.44000000,0.612
1749265255,0.69400000,85.04000000,0.612
1749265255,0.69500000,530.41000000,0.612
1749265255,0.69600000,454.75000000,0.612
1749265255,0.69700000,385.54000000,0.612
1749265255,0.69800000,3809.26000000,0.612
1749265255,0.69900000,4625.45000000,0.612
1749265255,0.70000000,27146.11000000,0.612
1749265255,0.70100000,1123.81000000,0.612
1749265255,0.70200000,49.33000000,0.612
1749265255,0.70300000,1839.11000000,0.612
1749265255,0.70400000,959.98000000,0.612
1749265255,0.70500000,2436.14000000,0.612
1749265255,0.70600000,1405.74000000,0.612
1749265255,0.70700000,11773.57000000,0.612
1749265255,0.70800000,876.49000000,0.612
1749265255,0.70900000,2359.07000000,0.612
1749265255,0.71000000,7790.62000000,0.612
1749265255,0.71100000,243.36000000,0.612
1749265255,0.71200000,674.60000000,0.612
1749265557,0.61800000,65072.88000000,0.618
1749265557,0.61900000,70098.41000000,0.618
1749265557,0.62000000,186495.34000000,0.618
1749265557,0.62100000,226665.65000000,0.618
1749265557,0.62200000,79401.66000000,0.618
1749265557,0.62300000,46421.14000000,0.618
1749265557,0.62400000,24475.62000000,0.618
1749265557,0.62500000,34633.63000000,0.618
1749265557,0.62600000,4192.85000000,0.618
1749265557,0.62700000,3703.61000000,0.618
1749265557,0.62800000,3568.56000000,0.618
1749265557,0.62900000,988.64000000,0.618
1749265557,0.63000000,14748.59000000,0.618
1749265557,0.63100000,156.96000000,0.618
1749265557,0.63200000,966.01000000,0.618
1749265557,0.63300000,10344.54000000,0.618
1749265557,0.63400000,4258.86000000,0.618
1749265557,0.63500000,2332.62000000,0.618
1749265557,0.63600000,159.55000000,0.618
1749265557,0.63700000,1093.50000000,0.618
1749265557,0.63800000,5472.57000000,0.618
1749265557,0.63900000,450.97000000,0.618
1749265557,0.64000000,5382.64000000,0.618
1749265557,0.64100000,2251.07000000,0.618
1749265557,0.64200000,101.63000000,0.618
1749265557,0.64300000,2972.80000000,0.618
1749265557,0.64400000,9638.96000000,0.618
1749265557,0.64500000,1046.09000000,0.618
1749265557,0.64600000,1882.52000000,0.618
1749265557,0.64700000,1818.08000000,0.618
1749265557,0.64800000,716.24000000,0.618
1749265557,0.64900000,14147.58000000,0.618
1749265557,0.65000000,14157.85000000,0.618
1749265557,0.65100000,12562.94000000,0.618
1749265557,0.65200000,3302.16000000,0.618
1749265557,0.65300000,3069.02000000,0.618
1749265557,0.65400000,66.16000000,0.618
1749265557,0.65500000,581.79000000,0.618
1749265557,0.65600000,5264.82000000,0.618
1749265557,0.65700000,24873.28000000,0.618
1749265557,0.65800000,34802.01000000,0.618
1749265557,0.65900000,230913.78000000,0.618
1749265557,0.66000000,15797.59000000,0.618
1749265557,0.66100000,1234.11000000,0.618
1749265557,0.66200000,608.43000000,0.618
1749265557,0.66300000,523.09000000,0.618
1749265557,0.66400000,14451.16000000,0.618
1749265557,0.66500000,1215.88000000,0.618
1749265557,0.66600000,409.25000000,0.618
1749265557,0.66700000,186.76000000,0.618
1749265557,0.66800000,7214.00000000,0.618
1749265557,0.66900000,1178.91000000,0.618
1749265557,0.67000000,5181.52000000,0.618
1749265557,0.67100000,116.03000000,0.618
1749265557,0.67200000,158.55000000,0.618
1749265557,0.67300000,2323.49000000,0.618
1749265557,0.67400000,562.94000000,0.618
1749265557,0.67500000,58.45000000,0.618
1749265557,0.67600000,271.29000000,0.618
1749265557,0.67700000,456.19000000,0.618
1749265557,0.67800000,510.10000000,0.618
1749265557,0.67900000,171.23000000,0.618
1749265557,0.68000000,47005.00000000,0.618
1749265557,0.68100000,556.05000000,0.618
1749265557,0.68200000,3989.66000000,0.618
1749265557,0.68300000,1255.08000000,0.618
1749265557,0.68400000,800.12000000,0.618
1749265557,0.68500000,24638.08000000,0.618
1749265557,0.68600000,757.43000000,0.618
1749265557,0.68700000,858.00000000,0.618
1749265557,0.68800000,3969.62000000,0.618
1749265557,0.68900000,3787.48000000,0.618
1749265557,0.69000000,24218.72000000,0.618
1749265557,0.69100000,118.00000000,0.618
1749265557,0.69200000,2031.16000000,0.618
1749265557,0.69300000,388.96000000,0.618
1749265557,0.69400000,85.04000000,0.618
1749265557,0.69500000,530.41000000,0.618
1749265557,0.69600000,454.75000000,0.618
1749265557,0.69700000,385.54000000,0.618
1749265557,0.69800000,3809.26000000,0.618
1749265557,0.69900000,4625.45000000,0.618
1749265557,0.70000000,27146.11000000,0.618
1749265557,0.70100000,1123.81000000,0.618
1749265557,0.70200000,49.33000000,0.618
1749265557,0.70300000,1839.11000000,0.618
1749265557,0.70400000,959.98000000,0.618
1749265557,0.70500000,2436.14000000,0.618
1749265557,0.70600000,1405.74000000,0.618
1749265557,0.70700000,11773.57000000,0.618
1749265557,0.70800000,876.49000000,0.618
1749265557,0.70900000,2359.07000000,0.618
1749265557,0.71000000,7790.62000000,0.618
1749265557,0.71100000,243.36000000,0.618
1749265557,0.71200000,674.60000000,0.618
1749265557,0.71300000,106.59000000,0.618
1749265557,0.71400000,547.11000000,0.618
1749265557,0.71500000,3863.16000000,0.618
1749265557,0.71600000,577.11000000,0.618
1749265557,0.71700000,2179.06000000,0.618
1749265858,0.61900000,63960.99000000,0.618
1749265858,0.62000000,141795.92000000,0.618
1749265858,0.62100000,270827.10000000,0.618
1749265858,0.62200000,47493.66000000,0.618
1749265858,0.62300000,42614.63000000,0.618
1749265858,0.62400000,68001.36000000,0.618
1749265858,0.62500000,54705.92000000,0.618
1749265858,0.62600000,21889.61000000,0.618
1749265858,0.62700000,5144.63000000,0.618
1749265858,0.62800000,7478.99000000,0.618
1749265858,0.62900000,2541.46000000,0.618
1749265858,0.63000000,14748.43000000,0.618
1749265858,0.63100000,156.82000000,0.618
1749265858,0.63200000,332.48000000,0.618
1749265858,0.63300000,4041.78000000,0.618
1749265858,0.63400000,4892.19000000,0.618
1749265858,0.63500000,2989.39000000,0.618
1749265858,0.63600000,5436.61000000,0.618
1749265858,0.63700000,1470.87000000,0.618
1749265858,0.63800000,179.80000000,0.618
1749265858,0.63900000,447.45000000,0.618
1749265858,0.64000000,5382.64000000,0.618
1749265858,0.64100000,7528.17000000,0.618
1749265858,0.64200000,101.63000000,0.618
1749265858,0.64300000,2972.80000000,0.618
1749265858,0.64400000,9638.96000000,0.618
1749265858,0.64500000,644.69000000,0.618
1749265858,0.64600000,1882.52000000,0.618
1749265858,0.64700000,2219.48000000,0.618
1749265858,0.64800000,716.24000000,0.618
1749265858,0.64900000,152.59000000,0.618
1749265858,0.65000000,14173.23000000,0.618
1749265858,0.65100000,12562.94000000,0.618
1749265858,0.65200000,3302.16000000,0.618
1749265858,0.65300000,3069.02000000,0.618
1749265858,0.65400000,66.16000000,0.618
1749265858,0.65500000,581.79000000,0.618
1749265858,0.65600000,5264.82000000,0.618
1749265858,0.65700000,24794.73000000,0.618
1749265858,0.65800000,34432.45000000,0.618
1749265858,0.65900000,230913.78000000,0.618
1749265858,0.66000000,16031.59000000,0.618
1749265858,0.66100000,1234.11000000,0.618
1749265858,0.66200000,608.43000000,0.618
1749265858,0.66300000,523.09000000,0.618
1749265858,0.66400000,14451.16000000,0.618
1749265858,0.66500000,1215.88000000,0.618
1749265858,0.66600000,409.25000000,0.618
1749265858,0.66700000,186.76000000,0.618
1749265858,0.66800000,7214.00000000,0.618
1749265858,0.66900000,1178.91000000,0.618
1749265858,0.67000000,5181.52000000,0.618
1749265858,0.67100000,116.03000000,0.618
1749265858,0.67200000,158.55000000,0.618
1749265858,0.67300000,2323.49000000,0.618
1749265858,0.67400000,562.94000000,0.618
1749265858,0.67500000,58.45000000,0.618
1749265858,0.67600000,271.29000000,0.618
1749265858,0.67700000,456.19000000,0.618
1749265858,0.67800000,526.29000000,0.618
1749265858,0.67900000,1760.88000000,0.618
1749265858,0.68000000,47021.19000000,0.618
1749265858,0.68100000,556.05000000,0.618
1749265858,0.68200000,3989.66000000,0.618
1749265858,0.68300000,1255.08000000,0.618
1749265858,0.68400000,800.12000000,0.618
1749265858,0.68500000,24638.08000000,0.618
1749265858,0.68600000,757.43000000,0.618
1749265858,0.68700000,858.00000000,0.618
1749265858,0.68800000,3969.62000000,0.618
1749265858,0.68900000,3787.48000000,0.618
1749265858,0.69000000,24218.72000000,0.618
1749265858,0.69100000,118.00000000,0.618
1749265858,0.69200000,2031.16000000,0.618
1749265858,0.69300000,388.96000000,0.618
1749265858,0.69400000,85.04000000,0.618
1749265858,0.69500000,530.41000000,0.618
1749265858,0.69600000,454.75000000,0.618
1749265858,0.69700000,385.54000000,0.618
1749265858,0.69800000,3809.26000000,0.618
1749265858,0.69900000,4625.45000000,0.618
1749265858,0.70000000,27146.11000000,0.618
1749265858,0.70100000,1123.81000000,0.618
1749265858,0.70200000,49.33000000,0.618
1749265858,0.70300000,1839.11000000,0.618
1749265858,0.70400000,959.98000000,0.618
1749265858,0.70500000,2436.14000000,0.618
1749265858,0.70600000,1405.74000000,0.618
1749265858,0.70700000,11773.57000000,0.618
1749265858,0.70800000,876.49000000,0.618
1749265858,0.70900000,2359.07000000,0.618
1749265858,0.71000000,7790.62000000,0.618
1749265858,0.71100000,243.36000000,0.618
1749265858,0.71200000,674.60000000,0.618
1749265858,0.71300000,106.59000000,0.618
1749265858,0.71400000,547.11000000,0.618
1749265858,0.71500000,3863.16000000,0.618
1749265858,0.71600000,577.11000000,0.618
1749265858,0.71700000,2179.06000000,0.618
1749265858,0.71800000,1029.65000000,0.618
1749266160,0.62000000,43642.76000000,0.619
1749266160,0.62100000,131787.61000000,0.619
1749266160,0.62200000,215390.22000000,0.619
1749266160,0.62300000,148087.35000000,0.619
1749266160,0.62400000,61677.30000000,0.619
1749266160,0.62500000,59862.85000000,0.619
1749266160,0.62600000,37467.95000000,0.619
1749266160,0.62700000,42160.04000000,0.619
1749266160,0.62800000,3653.34000000,0.619
1749266160,0.62900000,4247.07000000,0.619
1749266160,0.63000000,19379.11000000,0.619
1749266160,0.63100000,156.82000000,0.619
1749266160,0.63200000,332.48000000,0.619
1749266160,0.63300000,4041.78000000,0.619
1749266160,0.63400000,2534.32000000,0.619
1749266160,0.63500000,1145.46000000,0.619
1749266160,0.63600000,6983.45000000,0.619
1749266160,0.63700000,2504.76000000,0.619
1749266160,0.63800000,192.34000000,0.619
1749266160,0.63900000,447.45000000,0.619
1749266160,0.64000000,5360.63000000,0.619
1749266160,0.64100000,5592.37000000,0.619
1749266160,0.64200000,101.63000000,0.619
1749266160,0.64300000,4932.97000000,0.619
1749266160,0.64400000,9638.96000000,0.619
1749266160,0.64500000,654.44000000,0.619
1749266160,0.64600000,365.96000000,0.619
1749266160,0.64700000,2219.48000000,0.619
1749266160,0.64800000,2232.80000000,0.619
1749266160,0.64900000,249.78000000,0.619
1749266160,0.65000000,70640.22000000,0.619
1749266160,0.65100000,23467.23000000,0.619
1749266160,0.65200000,3302.16000000,0.619
1749266160,0.65300000,3069.02000000,0.619
1749266160,0.65400000,66.16000000,0.619
1749266160,0.65500000,581.79000000,0.619
1749266160,0.65600000,5264.82000000,0.619
1749266160,0.65700000,562.10000000,0.619
1749266160,0.65800000,2025.08000000,0.619
1749266160,0.65900000,230913.78000000,0.619
1749266160,0.66000000,16031.59000000,0.619
1749266160,0.66100000,1234.11000000,0.619
1749266160,0.66200000,608.43000000,0.619
1749266160,0.66300000,523.09000000,0.619
1749266160,0.66400000,14451.16000000,0.619
1749266160,0.66500000,1215.88000000,0.619
1749266160,0.66600000,409.25000000,0.619
1749266160,0.66700000,186.76000000,0.619
1749266160,0.66800000,7214.00000000,0.619
1749266160,0.66900000,1178.91000000,0.619
1749266160,0.67000000,5181.52000000,0.619
1749266160,0.67100000,116.03000000,0.619
1749266160,0.67200000,158.55000000,0.619
1749266160,0.67300000,2323.49000000,0.619
1749266160,0.67400000,562.94000000,0.619
1749266160,0.67500000,58.45000000,0.619
1749266160,0.67600000,271.29000000,0.619
1749266160,0.67700000,456.19000000,0.619
1749266160,0.67800000,526.29000000,0.619
1749266160,0.67900000,1760.88000000,0.619
1749266160,0.68000000,47021.19000000,0.619
1749266160,0.68100000,572.21000000,0.619
1749266160,0.68200000,3989.66000000,0.619
1749266160,0.68300000,1255.08000000,0.619
1749266160,0.68400000,800.12000000,0.619
1749266160,0.68500000,24638.08000000,0.619
1749266160,0.68600000,757.43000000,0.619
1749266160,0.68700000,858.00000000,0.619
1749266160,0.68800000,3969.62000000,0.619
1749266160,0.68900000,3787.48000000,0.619
1749266160,0.69000000,24218.72000000,0.619
1749266160,0.69100000,118.00000000,0.619
1749266160,0.69200000,2031.16000000,0.619
1749266160,0.69300000,388.96000000,0.619
1749266160,0.69400000,85.04000000,0.619
1749266160,0.69500000,530.41000000,0.619
1749266160,0.69600000,454.75000000,0.619
1749266160,0.69700000,385.54000000,0.619
1749266160,0.69800000,3809.26000000,0.619
1749266160,0.69900000,4625.45000000,0.619
1749266160,0.70000000,27146.11000000,0.619
1749266160,0.70100000,1123.81000000,0.619
1749266160,0.70200000,49.33000000,0.619
1749266160,0.70300000,1839.11000000,0.619
1749266160,0.70400000,959.98000000,0.619
1749266160,0.70500000,2436.14000000,0.619
1749266160,0.70600000,1405.74000000,0.619
1749266160,0.70700000,11773.57000000,0.619
1749266160,0.70800000,876.49000000,0.619
1749266160,0.70900000,2359.07000000,0.619
1749266160,0.71000000,7790.62000000,0.619
1749266160,0.71100000,243.36000000,0.619
1749266160,0.71200000,674.60000000,0.619
1749266160,0.71300000,106.59000000,0.619
1749266160,0.71400000,547.11000000,0.619
1749266160,0.71500000,3863.16000000,0.619
1749266160,0.71600000,577.11000000,0.619
1749266160,0.71700000,2179.06000000,0.619
1749266160,0.71800000,1029.65000000,0.619
1749266160,0.71900000,295.38000000,0.619
1749266461,0.61800000,46956.67000000,0.617
1749266461,0.61900000,95963.72000000,0.617
1749266461,0.62000000,86045.90000000,0.617
1749266461,0.62100000,126886.11000000,0.617
1749266461,0.62200000,292889.96000000,0.617
1749266461,0.62300000,42211.00000000,0.617
1749266461,0.62400000,64298.49000000,0.617
1749266461,0.62500000,61752.41000000,0.617
1749266461,0.62600000,51782.20000000,0.617
1749266461,0.62700000,23449.74000000,0.617
1749266461,0.62800000,22200.80000000,0.617
1749266461,0.62900000,2550.21000000,0.617
1749266461,0.63000000,19379.11000000,0.617
1749266461,0.63100000,2016.10000000,0.617
1749266461,0.63200000,332.48000000,0.617
1749266461,0.63300000,4041.78000000,0.617
1749266461,0.63400000,4081.16000000,0.617
1749266461,0.63500000,2179.48000000,0.617
1749266461,0.63600000,5436.61000000,0.617
1749266461,0.63700000,1470.87000000,0.617
1749266461,0.63800000,176.67000000,0.617
1749266461,0.63900000,447.45000000,0.617
1749266461,0.64000000,5329.39000000,0.617
1749266461,0.64100000,7150.99000000,0.617
1749266461,0.64200000,101.63000000,0.617
1749266461,0.64300000,3386.44000000,0.617
1749266461,0.64400000,9623.44000000,0.617
1749266461,0.64500000,654.44000000,0.617
1749266461,0.64600000,1882.52000000,0.617
1749266461,0.64700000,2219.48000000,0.617
1749266461,0.64800000,716.24000000,0.617
1749266461,0.64900000,32523.24000000,0.617
1749266461,0.65000000,27437.77000000,0.617
1749266461,0.65100000,12562.94000000,0.617
1749266461,0.65200000,3348.15000000,0.617
1749266461,0.65300000,3069.02000000,0.617
1749266461,0.65400000,66.16000000,0.617
1749266461,0.65500000,581.79000000,0.617
1749266461,0.65600000,5264.82000000,0.617
1749266461,0.65700000,562.10000000,0.617
1749266461,0.65800000,2025.08000000,0.617
1749266461,0.65900000,230913.78000000,0.617
1749266461,0.66000000,16031.59000000,0.617
1749266461,0.66100000,1234.11000000,0.617
1749266461,0.66200000,608.43000000,0.617
1749266461,0.66300000,523.09000000,0.617
1749266461,0.66400000,14451.16000000,0.617
1749266461,0.66500000,1215.88000000,0.617
1749266461,0.66600000,409.25000000,0.617
1749266461,0.66700000,186.76000000,0.617
1749266461,0.66800000,7214.00000000,0.617
1749266461,0.66900000,1178.91000000,0.617
1749266461,0.67000000,5181.52000000,0.617
1749266461,0.67100000,116.03000000,0.617
1749266461,0.67200000,158.55000000,0.617
1749266461,0.67300000,2323.49000000,0.617
1749266461,0.67400000,562.94000000,0.617
1749266461,0.67500000,58.45000000,0.617
1749266461,0.67600000,271.29000000,0.617
1749266461,0.67700000,456.19000000,0.617
1749266461,0.67800000,526.29000000,0.617
1749266461,0.67900000,1760.88000000,0.617
1749266461,0.68000000,47005.00000000,0.617
1749266461,0.68100000,556.05000000,0.617
1749266461,0.68200000,3989.66000000,0.617
1749266461,0.68300000,1255.08000000,0.617
1749266461,0.68400000,800.12000000,0.617
1749266461,0.68500000,24638.08000000,0.617
1749266461,0.68600000,757.43000000,0.617
1749266461,0.68700000,858.00000000,0.617
1749266461,0.68800000,3969.62000000,0.617
1749266461,0.68900000,3787.48000000,0.617
1749266461,0.69000000,24218.72000000,0.617
1749266461,0.69100000,118.00000000,0.617
1749266461,0.69200000,2031.16000000,0.617
1749266461,0.69300000,388.96000000,0.617
1749266461,0.69400000,85.04000000,0.617
1749266461,0.69500000,530.41000000,0.617
1749266461,0.69600000,454.75000000,0.617
1749266461,0.69700000,385.54000000,0.617
1749266461,0.69800000,3809.26000000,0.617
1749266461,0.69900000,4625.45000000,0.617
1749266461,0.70000000,27146.11000000,0.617
1749266461,0.70100000,1123.81000000,0.617
1749266461,0.70200000,49.33000000,0.617
1749266461,0.70300000,1839.11000000,0.617
1749266461,0.70400000,959.98000000,0.617
1749266461,0.70500000,2436.14000000,0.617
1749266461,0.70600000,1405.74000000,0.617
1749266461,0.70700000,11773.57000000,0.617
1749266461,0.70800000,876.49000000,0.617
1749266461,0.70900000,2359.07000000,0.617
1749266461,0.71000000,7790.62000000,0.617
1749266461,0.71100000,243.36000000,0.617
1749266461,0.71200000,674.60000000,0.617
1749266461,0.71300000,106.59000000,0.617
1749266461,0.71400000,547.11000000,0.617
1749266461,0.71500000,3863.16000000,0.617
1749266461,0.71600000,577.11000000,0.617
1749266461,0.71700000,2179.06000000,0.617
1749266763,0.62000000,42300.55000000,0.62
1749266763,0.62100000,102552.01000000,0.62
1749266763,0.62200000,171571.75000000,0.62
1749266763,0.62300000,160027.14000000,0.62
1749266763,0.62400000,128722.45000000,0.62
1749266763,0.62500000,58806.30000000,0.62
1749266763,0.62600000,72354.74000000,0.62
1749266763,0.62700000,41534.12000000,0.62
1749266763,0.62800000,48219.70000000,0.62
1749266763,0.62900000,61370.88000000,0.62
1749266763,0.63000000,22683.01000000,0.62
1749266763,0.63100000,2328.68000000,0.62
1749266763,0.63200000,2508.10000000,0.62
1749266763,0.63300000,4041.78000000,0.62
1749266763,0.63400000,1900.91000000,0.62
1749266763,0.63500000,1145.46000000,0.62
1749266763,0.63600000,3257.43000000,0.62
1749266763,0.63700000,1587.00000000,0.62
1749266763,0.63800000,176.67000000,0.62
1749266763,0.63900000,5724.55000000,0.62
1749266763,0.64000000,5329.39000000,0.62
1749266763,0.64100000,293.24000000,0.62
1749266763,0.64200000,1660.23000000,0.62
1749266763,0.64300000,8663.54000000,0.62
1749266763,0.64400000,9623.44000000,0.62
1749266763,0.64500000,644.69000000,0.62
1749266763,0.64600000,365.96000000,0.62
1749266763,0.64700000,2219.48000000,0.62
1749266763,0.64800000,2232.80000000,0.62
1749266763,0.64900000,167.99000000,0.62
1749266763,0.65000000,13446.13000000,0.62
1749266763,0.65100000,12562.94000000,0.62
1749266763,0.65200000,3348.15000000,0.62
1749266763,0.65300000,17005.18000000,0.62
1749266763,0.65400000,66.16000000,0.62
1749266763,0.65500000,581.79000000,0.62
1749266763,0.65600000,5264.82000000,0.62
1749266763,0.65700000,562.10000000,0.62
1749266763,0.65800000,2122.27000000,0.62
1749266763,0.65900000,230913.78000000,0.62
1749266763,0.66000000,16031.59000000,0.62
1749266763,0.66100000,1234.11000000,0.62
1749266763,0.66200000,608.43000000,0.62
1749266763,0.66300000,523.09000000,0.62
1749266763,0.66400000,14451.16000000,0.62
1749266763,0.66500000,1215.88000000,0.62
1749266763,0.66600000,409.25000000,0.62
1749266763,0.66700000,186.76000000,0.62
1749266763,0.66800000,7214.00000000,0.62
1749266763,0.66900000,1178.91000000,0.62
1749266763,0.67000000,5181.52000000,0.62
1749266763,0.67100000,116.03000000,0.62
1749266763,0.67200000,158.55000000,0.62
1749266763,0.67300000,2323.49000000,0.62
1749266763,0.67400000,562.94000000,0.62
1749266763,0.67500000,58.45000000,0.62
1749266763,0.67600000,271.29000000,0.62
1749266763,0.67700000,456.19000000,0.62
1749266763,0.67800000,526.29000000,0.62
1749266763,0.67900000,1760.88000000,0.62
1749266763,0.68000000,47021.19000000,0.62
1749266763,0.68100000,572.21000000,0.62
1749266763,0.68200000,3989.66000000,0.62
1749266763,0.68300000,1255.08000000,0.62
1749266763,0.68400000,800.12000000,0.62
1749266763,0.68500000,24638.08000000,0.62
1749266763,0.68600000,757.43000000,0.62
1749266763,0.68700000,858.00000000,0.62
1749266763,0.68800000,3969.62000000,0.62
1749266763,0.68900000,3787.48000000,0.62
1749266763,0.69000000,24542.02000000,0.62
1749266763,0.69100000,118.00000000,0.62
1749266763,0.69200000,2031.16000000,0.62
1749266763,0.69300000,388.96000000,0.62
1749266763,0.69400000,85.04000000,0.62
1749266763,0.69500000,530.41000000,0.62
1749266763,0.69600000,454.75000000,0.62
1749266763,0.69700000,385.54000000,0.62
1749266763,0.69800000,3809.26000000,0.62
1749266763,0.69900000,4625.45000000,0.62
1749266763,0.70000000,27146.11000000,0.62
1749266763,0.70100000,1123.81000000,0.62
1749266763,0.70200000,49.33000000,0.62
1749266763,0.70300000,1839.11000000,0.62
1749266763,0.70400000,959.98000000,0.62
1749266763,0.70500000,2436.14000000,0.62
1749266763,0.70600000,1405.74000000,0.62
1749266763,0.70700000,11773.57000000,0.62
1749266763,0.70800000,876.49000000,0.62
1749266763,0.70900000,2359.07000000,0.62
1749266763,0.71000000,7790.62000000,0.62
1749266763,0.71100000,243.36000000,0.62
1749266763,0.71200000,674.60000000,0.62
1749266763,0.71300000,106.59000000,0.62
1749266763,0.71400000,547.11000000,0.62
1749266763,0.71500000,3863.16000000,0.62
1749266763,0.71600000,577.11000000,0.62
1749266763,0.71700000,2179.06000000,0.62
1749266763,0.71800000,1029.65000000,0.62
1749266763,0.71900000,295.38000000,0.62
1749267064,0.61800000,48623.14000000,0.618
1749267064,0.61900000,73878.04000000,0.618
1749267064,0.62000000,78143.98000000,0.618
1749267064,0.62100000,114974.15000000,0.618
1749267064,0.62200000,208434.76000000,0.618
1749267064,0.62300000,139926.90000000,0.618
1749267064,0.62400000,43821.10000000,0.618
1749267064,0.62500000,42514.69000000,0.618
1749267064,0.62600000,72589.07000000,0.618
1749267064,0.62700000,53557.64000000,0.618
1749267064,0.62800000,56326.13000000,0.618
1749267064,0.62900000,6956.01000000,0.618
1749267064,0.63000000,26409.46000000,0.618
1749267064,0.63100000,2016.10000000,0.618
1749267064,0.63200000,2205.98000000,0.618
1749267064,0.63300000,4041.78000000,0.618
1749267064,0.63400000,2550.25000000,0.618
1749267064,0.63500000,1261.81000000,0.618
1749267064,0.63600000,7901.12000000,0.618
1749267064,0.63700000,1470.87000000,0.618
1749267064,0.63800000,176.67000000,0.618
1749267064,0.63900000,447.45000000,0.618
1749267064,0.64000000,5329.39000000,0.618
1749267064,0.64100000,327.36000000,0.618
1749267064,0.64200000,1660.23000000,0.618
1749267064,0.64300000,8663.54000000,0.618
1749267064,0.64400000,9623.44000000,0.618
1749267064,0.64500000,938.72000000,0.618
1749267064,0.64600000,1882.52000000,0.618
1749267064,0.64700000,2219.48000000,0.618
1749267064,0.64800000,716.24000000,0.618
1749267064,0.64900000,167.99000000,0.618
1749267064,0.65000000,16661.24000000,0.618
1749267064,0.65100000,12562.94000000,0.618
1749267064,0.65200000,3348.15000000,0.618
1749267064,0.65300000,3069.02000000,0.618
1749267064,0.65400000,66.16000000,0.618
1749267064,0.65500000,581.79000000,0.618
1749267064,0.65600000,5264.82000000,0.618
1749267064,0.65700000,584.93000000,0.618
1749267064,0.65800000,2122.27000000,0.618
1749267064,0.65900000,230913.78000000,0.618
1749267064,0.66000000,16031.59000000,0.618
1749267064,0.66100000,1234.11000000,0.618
1749267064,0.66200000,608.43000000,0.618
1749267064,0.66300000,523.09000000,0.618
1749267064,0.66400000,14451.16000000,0.618
1749267064,0.66500000,1215.88000000,0.618
1749267064,0.66600000,409.25000000,0.618
1749267064,0.66700000,186.76000000,0.618
1749267064,0.66800000,7214.00000000,0.618
1749267064,0.66900000,1178.91000000,0.618
1749267064,0.67000000,5181.52000000,0.618
1749267064,0.67100000,116.03000000,0.618
1749267064,0.67200000,158.55000000,0.618
1749267064,0.67300000,2323.49000000,0.618
1749267064,0.67400000,562.94000000,0.618
1749267064,0.67500000,58.45000000,0.618
1749267064,0.67600000,271.29000000,0.618
1749267064,0.67700000,456.19000000,0.618
1749267064,0.67800000,526.29000000,0.618
1749267064,0.67900000,1760.88000000,0.618
1749267064,0.68000000,47005.00000000,0.618
1749267064,0.68100000,556.05000000,0.618
1749267064,0.68200000,3989.66000000,0.618
1749267064,0.68300000,1255.08000000,0.618
1749267064,0.68400000,800.12000000,0.618
1749267064,0.68500000,24638.08000000,0.618
1749267064,0.68600000,757.43000000,0.618
1749267064,0.68700000,858.00000000,0.618
1749267064,0.68800000,3969.62000000,0.618
1749267064,0.68900000,3787.48000000,0.618
1749267064,0.69000000,24542.02000000,0.618
1749267064,0.69100000,118.00000000,0.618
1749267064,0.69200000,2031.16000000,0.618
1749267064,0.69300000,388.96000000,0.618
1749267064,0.69400000,85.04000000,0.618
1749267064,0.69500000,530.41000000,0.618
1749267064,0.69600000,454.75000000,0.618
1749267064,0.69700000,385.54000000,0.618
1749267064,0.69800000,3809.26000000,0.618
1749267064,0.69900000,4625.45000000,0.618
1749267064,0.70000000,27146.11000000,0.618
1749267064,0.70100000,1123.81000000,0.618
1749267064,0.70200000,49.33000000,0.618
1749267064,0.70300000,1839.11000000,0.618
1749267064,0.70400000,959.98000000,0.618
1749267064,0.70500000,2436.14000000,0.618
1749267064,0.70600000,1405.74000000,0.618
1749267064,0.70700000,11773.57000000,0.618
1749267064,0.70800000,876.49000000,0.618
1749267064,0.70900000,2359.07000000,0.618
1749267064,0.71000000,7790.62000000,0.618
1749267064,0.71100000,243.36000000,0.618
1749267064,0.71200000,674.60000000,0.618
1749267064,0.71300000,106.59000000,0.618
1749267064,0.71400000,547.11000000,0.618
1749267064,0.71500000,3863.16000000,0.618
1749267064,0.71600000,577.11000000,0.618
1749267064,0.71700000,2179.06000000,0.618
1749267366,0.62100000,32739.03000000,0.621
1749267366,0.62200000,168598.55000000,0.621
1749267366,0.62300000,280022.74000000,0.621
1749267366,0.62400000,50750.88000000,0.621
1749267366,0.62500000,48151.93000000,0.621
1749267366,0.62600000,80196.78000000,0.621
1749267366,0.62700000,45355.06000000,0.621
1749267366,0.62800000,48235.77000000,0.621
1749267366,0.62900000,42608.71000000,0.621
1749267366,0.63000000,31410.71000000,0.621
1749267366,0.63100000,2320.45000000,0.621
1749267366,0.63200000,2522.34000000,0.621
1749267366,0.63300000,4041.78000000,0.621
1749267366,0.63400000,1916.84000000,0.621
1749267366,0.63500000,1145.46000000,0.621
1749267366,0.63600000,6070.02000000,0.621
1749267366,0.63700000,1093.48000000,0.621
1749267366,0.63800000,2757.32000000,0.621
1749267366,0.63900000,824.84000000,0.621
1749267366,0.64000000,5329.39000000,0.621
1749267366,0.64100000,327.36000000,0.621
1749267366,0.64200000,113.70000000,0.621
1749267366,0.64300000,8663.54000000,0.621
1749267366,0.64400000,11169.97000000,0.621
1749267366,0.64500000,938.72000000,0.621
1749267366,0.64600000,365.96000000,0.621
1749267366,0.64700000,2219.48000000,0.621
1749267366,0.64800000,2232.80000000,0.621
1749267366,0.64900000,167.99000000,0.621
1749267366,0.65000000,14891.46000000,0.621
1749267366,0.65100000,12562.94000000,0.621
1749267366,0.65200000,17297.81000000,0.621
1749267366,0.65300000,3069.02000000,0.621
1749267366,0.65400000,66.16000000,0.621
1749267366,0.65500000,581.79000000,0.621
1749267366,0.65600000,5264.82000000,0.621
1749267366,0.65700000,584.93000000,0.621
1749267366,0.65800000,2122.27000000,0.621
1749267366,0.65900000,230913.78000000,0.621
1749267366,0.66000000,15797.59000000,0.621
1749267366,0.66100000,1234.11000000,0.621
1749267366,0.66200000,608.43000000,0.621
1749267366,0.66300000,523.09000000,0.621
1749267366,0.66400000,14451.16000000,0.621
1749267366,0.66500000,1215.88000000,0.621
1749267366,0.66600000,409.25000000,0.621
1749267366,0.66700000,186.76000000,0.621
1749267366,0.66800000,7214.00000000,0.621
1749267366,0.66900000,1178.91000000,0.621
1749267366,0.67000000,5181.52000000,0.621
1749267366,0.67100000,116.03000000,0.621
1749267366,0.67200000,158.55000000,0.621
1749267366,0.67300000,2323.49000000,0.621
1749267366,0.67400000,562.94000000,0.621
1749267366,0.67500000,58.45000000,0.621
1749267366,0.67600000,271.29000000,0.621
1749267366,0.67700000,456.19000000,0.621
1749267366,0.67800000,526.29000000,0.621
1749267366,0.67900000,1760.88000000,0.621
1749267366,0.68000000,47021.19000000,0.621
1749267366,0.68100000,572.21000000,0.621
1749267366,0.68200000,4005.80000000,0.621
1749267366,0.68300000,1255.08000000,0.621
1749267366,0.68400000,800.12000000,0.621
1749267366,0.68500000,24638.08000000,0.621
1749267366,0.68600000,757.43000000,0.621
1749267366,0.68700000,858.00000000,0.621
1749267366,0.68800000,3969.62000000,0.621
1749267366,0.68900000,3787.48000000,0.621
1749267366,0.69000000,24542.02000000,0.621
1749267366,0.69100000,118.00000000,0.621
1749267366,0.69200000,2031.16000000,0.621
1749267366,0.69300000,388.96000000,0.621
1749267366,0.69400000,85.04000000,0.621
1749267366,0.69500000,530.41000000,0.621
1749267366,0.69600000,454.75000000,0.621
1749267366,0.69700000,385.54000000,0.621
1749267366,0.69800000,3809.26000000,0.621
1749267366,0.69900000,4625.45000000,0.621
1749267366,0.70000000,27146.11000000,0.621
1749267366,0.70100000,1123.81000000,0.621
1749267366,0.70200000,49.33000000,0.621
1749267366,0.70300000,1839.11000000,0.621
1749267366,0.70400000,959.98000000,0.621
1749267366,0.70500000,2436.14000000,0.621
1749267366,0.70600000,1405.74000000,0.621
1749267366,0.70700000,11773.57000000,0.621
1749267366,0.70800000,876.49000000,0.621
1749267366,0.70900000,2359.07000000,0.621
1749267366,0.71000000,7790.62000000,0.621
1749267366,0.71100000,243.36000000,0.621
1749267366,0.71200000,674.60000000,0.621
1749267366,0.71300000,106.59000000,0.621
1749267366,0.71400000,547.11000000,0.621
1749267366,0.71500000,3863.16000000,0.621
1749267366,0.71600000,577.11000000,0.621
1749267366,0.71700000,2179.06000000,0.621
1749267366,0.71800000,1029.65000000,0.621
1749267366,0.71900000,295.38000000,0.621
1749267366,0.72000000,25849.48000000,0.621
1749267667,0.62100000,52465.80000000,0.62
1749267667,0.62200000,137814.69000000,0.62
1749267667,0.62300000,225974.56000000,0.62
1749267667,0.62400000,126596.94000000,0.62
1749267667,0.62500000,47675.66000000,0.62
1749267667,0.62600000,72408.16000000,0.62
1749267667,0.62700000,53393.64000000,0.62
1749267667,0.62800000,24120.01000000,0.62
1749267667,0.62900000,33670.88000000,0.62
1749267667,0.63000000,63616.83000000,0.62
1749267667,0.63100000,2016.10000000,0.62
1749267667,0.63200000,2826.69000000,0.62
1749267667,0.63300000,4041.78000000,0.62
1749267667,0.63400000,1916.84000000,0.62
1749267667,0.63500000,1145.46000000,0.62
1749267667,0.63600000,6070.02000000,0.62
1749267667,0.63700000,1093.48000000,0.62
1749267667,0.63800000,2757.24000000,0.62
1749267667,0.63900000,824.84000000,0.62
1749267667,0.64000000,5329.39000000,0.62
1749267667,0.64100000,327.36000000,0.62
1749267667,0.64200000,113.70000000,0.62
1749267667,0.64300000,8249.90000000,0.62
1749267667,0.64400000,11169.97000000,0.62
1749267667,0.64500000,1352.36000000,0.62
1749267667,0.64600000,365.96000000,0.62
1749267667,0.64700000,2219.48000000,0.62
1749267667,0.64800000,2232.80000000,0.62
1749267667,0.64900000,167.99000000,0.62
1749267667,0.65000000,14891.46000000,0.62
1749267667,0.65100000,12562.94000000,0.62
1749267667,0.65200000,3348.15000000,0.62
1749267667,0.65300000,3069.02000000,0.62
1749267667,0.65400000,66.16000000,0.62
1749267667,0.65500000,581.79000000,0.62
1749267667,0.65600000,5264.82000000,0.62
