timestamp,price,volume,current_price
1749254526,3334.40000000,0.53610000,3334.4
1749254526,3334.41000000,0.00280000,3334.4
1749254526,3334.49000000,0.16200000,3334.4
1749254526,3334.60000000,0.26190000,3334.4
1749254526,3334.64000000,0.16870000,3334.4
1749254526,3334.66000000,0.23820000,3334.4
1749254526,3334.72000000,0.16950000,3334.4
1749254526,3334.80000000,0.27760000,3334.4
1749254526,3334.81000000,0.00310000,3334.4
1749254526,3334.86000000,0.15770000,3334.4
1749254526,3334.91000000,0.39910000,3334.4
1749254526,3335.00000000,0.24850000,3334.4
1749254526,3335.07000000,0.13140000,3334.4
1749254526,3335.08000000,0.08040000,3334.4
1749254526,3335.16000000,0.08470000,3334.4
1749254526,3335.18000000,0.00310000,3334.4
1749254526,3335.20000000,0.18030000,3334.4
1749254526,3335.21000000,0.08040000,3334.4
1749254526,3335.28000000,0.00310000,3334.4
1749254526,3335.30000000,0.33430000,3334.4
1749254526,3335.32000000,0.09900000,3334.4
1749254526,3335.35000000,0.39600000,3334.4
1749254526,3335.36000000,0.00310000,3334.4
1749254526,3335.40000000,0.18140000,3334.4
1749254526,3335.46000000,0.00310000,3334.4
1749254526,3335.53000000,0.00420000,3334.4
1749254526,3335.58000000,0.11560000,3334.4
1749254526,3335.60000000,0.10220000,3334.4
1749254526,3335.65000000,0.15120000,3334.4
1749254526,3335.70000000,0.15270000,3334.4
1749254526,3335.72000000,0.12760000,3334.4
1749254526,3335.78000000,0.44840000,3334.4
1749254526,3335.79000000,0.39600000,3334.4
1749254526,3335.80000000,0.09710000,3334.4
1749254526,3335.83000000,0.00930000,3334.4
1749254526,3335.90000000,0.00310000,3334.4
1749254526,3336.00000000,0.21170000,3334.4
1749254526,3336.03000000,0.00310000,3334.4
1749254526,3336.09000000,0.00570000,3334.4
1749254526,3336.12000000,0.00310000,3334.4
1749254526,3336.14000000,0.00420000,3334.4
1749254526,3336.16000000,0.00930000,3334.4
1749254526,3336.17000000,0.08790000,3334.4
1749254526,3336.18000000,0.59380000,3334.4
1749254526,3336.19000000,0.44530000,3334.4
1749254526,3336.20000000,0.00190000,3334.4
1749254526,3336.21000000,0.39910000,3334.4
1749254526,3336.30000000,0.00570000,3334.4
1749254526,3336.32000000,0.00310000,3334.4
1749254526,3336.40000000,0.00190000,3334.4
1749254526,3336.44000000,0.00310000,3334.4
1749254526,3336.47000000,0.08780000,3334.4
1749254526,3336.50000000,0.00750000,3334.4
1749254526,3336.51000000,0.00600000,3334.4
1749254526,3336.52000000,0.00310000,3334.4
1749254526,3336.53000000,0.00190000,3334.4
1749254526,3336.57000000,0.00930000,3334.4
1749254526,3336.60000000,0.00740000,3334.4
1749254526,3336.61000000,0.00560000,3334.4
1749254526,3336.69000000,1.78480000,3334.4
1749254526,3336.70000000,1.33770000,3334.4
1749254526,3336.71000000,0.00310000,3334.4
1749254526,3336.74000000,0.00190000,3334.4
1749254526,3336.77000000,0.89240000,3334.4
1749254526,3336.78000000,0.39600000,3334.4
1749254526,3336.84000000,0.00310000,3334.4
1749254526,3336.93000000,0.00310000,3334.4
1749254526,3336.94000000,0.00250000,3334.4
1749254526,3337.00000000,0.00350000,3334.4
1749254526,3337.02000000,0.00310000,3334.4
1749254526,3337.05000000,0.00930000,3334.4
1749254526,3337.06000000,7.13920000,3334.4
1749254526,3337.07000000,0.44530000,3334.4
1749254526,3337.09000000,0.41930000,3334.4
1749254526,3337.18000000,0.00310000,3334.4
1749254526,3337.22000000,9.81680000,3334.4
1749254526,3337.23000000,1.48620000,3334.4
1749254526,3337.24000000,0.39600000,3334.4
1749254526,3337.28000000,0.00310000,3334.4
1749254526,3337.35000000,0.28520000,3334.4
1749254526,3337.41000000,0.00310000,3334.4
1749254526,3337.42000000,2.67730000,3334.4
1749254526,3337.43000000,0.44530000,3334.4
1749254526,3337.56000000,0.89460000,3334.4
1749254526,3337.57000000,5.35460000,3334.4
1749254526,3337.58000000,0.39600000,3334.4
1749254526,3337.60000000,0.00930000,3334.4
1749254526,3337.65000000,0.00310000,3334.4
1749254526,3337.76000000,0.00310000,3334.4
1749254526,3337.84000000,0.00250000,3334.4
1749254526,3337.89000000,0.00310000,3334.4
1749254526,3337.90000000,0.09040000,3334.4
1749254526,3337.92000000,0.89250000,3334.4
1749254526,3337.93000000,1.22430000,3334.4
1749254526,3337.94000000,0.89250000,3334.4
1749254526,3337.95000000,0.39600000,3334.4
1749254526,3338.00000000,0.00830000,3334.4
1749254526,3338.01000000,0.00310000,3334.4
1749254526,3338.09000000,2.44860000,3334.4
1749254526,3338.10000000,0.44530000,3334.4
1749254831,3333.80000000,0.07550000,3333.8
1749254831,3333.89000000,0.29970000,3333.8
1749254831,3334.00000000,0.11620000,3333.8
1749254831,3334.05000000,0.08210000,3333.8
1749254831,3334.06000000,0.00310000,3333.8
1749254831,3334.13000000,0.15700000,3333.8
1749254831,3334.14000000,0.39600000,3333.8
1749254831,3334.17000000,0.15700000,3333.8
1749254831,3334.20000000,0.11620000,3333.8
1749254831,3334.21000000,0.00310000,3333.8
1749254831,3334.25000000,0.08210000,3333.8
1749254831,3334.30000000,0.21120000,3333.8
1749254831,3334.37000000,0.08520000,3333.8
1749254831,3334.39000000,0.07850000,3333.8
1749254831,3334.40000000,0.28060000,3333.8
1749254831,3334.48000000,0.16440000,3333.8
1749254831,3334.54000000,0.08410000,3333.8
1749254831,3334.55000000,0.39600000,3333.8
1749254831,3334.60000000,0.09630000,3333.8
1749254831,3334.64000000,0.09950000,3333.8
1749254831,3334.72000000,0.16950000,3333.8
1749254831,3334.79000000,0.32650000,3333.8
1749254831,3334.80000000,0.27760000,3333.8
1749254831,3334.81000000,0.00310000,3333.8
1749254831,3334.86000000,0.15770000,3333.8
1749254831,3334.91000000,0.39910000,3333.8
1749254831,3334.99000000,0.01950000,3333.8
1749254831,3335.00000000,0.24850000,3333.8
1749254831,3335.07000000,0.13140000,3333.8
1749254831,3335.08000000,0.08690000,3333.8
1749254831,3335.16000000,0.08470000,3333.8
1749254831,3335.18000000,0.00310000,3333.8
1749254831,3335.20000000,0.18030000,3333.8
1749254831,3335.21000000,0.08040000,3333.8
1749254831,3335.28000000,0.00310000,3333.8
1749254831,3335.35000000,0.39600000,3333.8
1749254831,3335.36000000,0.00310000,3333.8
1749254831,3335.39000000,0.00650000,3333.8
1749254831,3335.40000000,0.10220000,3333.8
1749254831,3335.46000000,0.00310000,3333.8
1749254831,3335.53000000,0.00420000,3333.8
1749254831,3335.58000000,0.00310000,3333.8
1749254831,3335.60000000,0.10220000,3333.8
1749254831,3335.70000000,0.00310000,3333.8
1749254831,3335.72000000,0.02790000,3333.8
1749254831,3335.77000000,0.00650000,3333.8
1749254831,3335.78000000,0.44840000,3333.8
1749254831,3335.79000000,0.39600000,3333.8
1749254831,3335.80000000,0.09710000,3333.8
1749254831,3335.83000000,0.00930000,3333.8
1749254831,3335.90000000,0.00310000,3333.8
1749254831,3335.92000000,0.08780000,3333.8
1749254831,3335.93000000,0.08790000,3333.8
1749254831,3336.03000000,0.00310000,3333.8
1749254831,3336.09000000,0.00570000,3333.8
1749254831,3336.12000000,0.00310000,3333.8
1749254831,3336.14000000,0.00420000,3333.8
1749254831,3336.16000000,0.00930000,3333.8
1749254831,3336.18000000,0.59380000,3333.8
1749254831,3336.19000000,0.44530000,3333.8
1749254831,3336.20000000,0.00190000,3333.8
1749254831,3336.21000000,0.39910000,3333.8
1749254831,3336.22000000,0.00650000,3333.8
1749254831,3336.30000000,0.00570000,3333.8
1749254831,3336.32000000,0.00310000,3333.8
1749254831,3336.40000000,0.00190000,3333.8
1749254831,3336.44000000,0.00310000,3333.8
1749254831,3336.50000000,0.00750000,3333.8
1749254831,3336.51000000,0.00600000,3333.8
1749254831,3336.52000000,0.00310000,3333.8
1749254831,3336.53000000,0.00190000,3333.8
1749254831,3336.57000000,0.00930000,3333.8
1749254831,3336.61000000,0.00560000,3333.8
1749254831,3336.67000000,1.76920000,3333.8
1749254831,3336.68000000,5.31360000,3333.8
1749254831,3336.69000000,1.77020000,3333.8
1749254831,3336.70000000,0.44530000,3333.8
1749254831,3336.71000000,0.00310000,3333.8
1749254831,3336.73000000,0.00650000,3333.8
1749254831,3336.74000000,0.00190000,3333.8
1749254831,3336.75000000,0.88460000,3333.8
1749254831,3336.76000000,0.88560000,3333.8
1749254831,3336.77000000,0.88560000,3333.8
1749254831,3336.78000000,2.16720000,3333.8
1749254831,3336.84000000,0.00310000,3333.8
1749254831,3336.93000000,0.00310000,3333.8
1749254831,3336.94000000,0.00250000,3333.8
1749254831,3337.00000000,1.77270000,3333.8
1749254831,3337.01000000,2.65380000,3333.8
1749254831,3337.02000000,2.65990000,3333.8
1749254831,3337.03000000,3.54140000,3333.8
1749254831,3337.04000000,2.08710000,3333.8
1749254831,3337.05000000,1.77950000,3333.8
1749254831,3337.06000000,0.88460000,3333.8
1749254831,3337.07000000,0.44530000,3333.8
1749254831,3337.17000000,0.88560000,3333.8
1749254831,3337.18000000,0.88870000,3333.8
1749254831,3337.19000000,3.60450000,3333.8
1749254831,3337.20000000,2.65590000,3333.8
1749254831,3337.23000000,0.59380000,3333.8
