timestamp,price,volume,current_price
1749258293,3335.65000000,0.40320000,3335.64
1749258293,3335.80000000,0.11320000,3335.64
1749258293,3335.85000000,0.03720000,3335.64
1749258293,3335.88000000,0.01740000,3335.64
1749258293,3335.89000000,0.00310000,3335.64
1749258293,3335.95000000,0.01240000,3335.64
1749258293,3335.98000000,0.00580000,3335.64
1749258293,3336.00000000,0.11920000,3335.64
1749258293,3336.01000000,0.00310000,3335.64
1749258293,3336.03000000,0.20910000,3335.64
1749258293,3336.05000000,0.00930000,3335.64
1749258293,3336.06000000,0.00220000,3335.64
1749258293,3336.08000000,0.39600000,3335.64
1749258293,3336.10000000,0.29950000,3335.64
1749258293,3336.11000000,0.00310000,3335.64
1749258293,3336.12000000,0.00310000,3335.64
1749258293,3336.20000000,0.11920000,3335.64
1749258293,3336.21000000,0.00310000,3335.64
1749258293,3336.25000000,0.00180000,3335.64
1749258293,3336.26000000,0.02040000,3335.64
1749258293,3336.27000000,0.01240000,3335.64
1749258293,3336.30000000,0.00580000,3335.64
1749258293,3336.32000000,0.00310000,3335.64
1749258293,3336.33000000,0.00310000,3335.64
1749258293,3336.36000000,0.00680000,3335.64
1749258293,3336.42000000,0.39600000,3335.64
1749258293,3336.44000000,0.00310000,3335.64
1749258293,3336.52000000,0.00310000,3335.64
1749258293,3336.59000000,0.00310000,3335.64
1749258293,3336.61000000,0.00310000,3335.64
1749258293,3336.66000000,0.01240000,3335.64
1749258293,3336.69000000,0.01060000,3335.64
1749258293,3336.71000000,0.00310000,3335.64
1749258293,3336.78000000,0.50760000,3335.64
1749258293,3336.80000000,0.32400000,3335.64
1749258293,3336.84000000,0.00310000,3335.64
1749258293,3336.90000000,0.00310000,3335.64
1749258293,3336.93000000,0.00310000,3335.64
1749258293,3337.00000000,0.00350000,3335.64
1749258293,3337.02000000,0.00310000,3335.64
1749258293,3337.09000000,0.00480000,3335.64
1749258293,3337.10000000,0.02880000,3335.64
1749258293,3337.12000000,0.01240000,3335.64
1749258293,3337.15000000,0.00580000,3335.64
1749258293,3337.18000000,0.50050000,3335.64
1749258293,3337.20000000,0.00800000,3335.64
1749258293,3337.24000000,0.39600000,3335.64
1749258293,3337.26000000,0.00310000,3335.64
1749258293,3337.28000000,0.00310000,3335.64
1749258293,3337.41000000,0.00310000,3335.64
1749258293,3337.48000000,0.08790000,3335.64
1749258293,3337.55000000,0.00800000,3335.64
1749258293,3337.56000000,0.00790000,3335.64
1749258293,3337.57000000,0.87550000,3335.64
1749258293,3337.58000000,0.39600000,3335.64
1749258293,3337.63000000,0.87550000,3335.64
1749258293,3337.64000000,0.45770000,3335.64
1749258293,3337.65000000,0.00310000,3335.64
1749258293,3337.66000000,0.00310000,3335.64
1749258293,3337.67000000,0.00580000,3335.64
1749258293,3337.76000000,0.00310000,3335.64
1749258293,3337.88000000,0.08780000,3335.64
1749258293,3337.89000000,0.00310000,3335.64
1749258293,3337.94000000,3.50200000,3335.64
1749258293,3337.95000000,1.27160000,3335.64
1749258293,3337.96000000,0.00800000,3335.64
1749258293,3338.00000000,0.00830000,3335.64
1749258293,3338.01000000,0.00310000,3335.64
1749258293,3338.06000000,0.87560000,3335.64
1749258293,3338.07000000,0.87550000,3335.64
1749258293,3338.09000000,0.00480000,3335.64
1749258293,3338.10000000,0.44840000,3335.64
1749258293,3338.11000000,0.00310000,3335.64
1749258293,3338.21000000,1.75120000,3335.64
1749258293,3338.22000000,3.50210000,3335.64
1749258293,3338.23000000,0.01240000,3335.64
1749258293,3338.25000000,1.46930000,3335.64
1749258293,3338.26000000,0.00580000,3335.64
1749258293,3338.27000000,0.00310000,3335.64
1749258293,3338.28000000,1.75100000,3335.64
1749258293,3338.29000000,0.87550000,3335.64
1749258293,3338.30000000,0.39600000,3335.64
1749258293,3338.39000000,0.87560000,3335.64
1749258293,3338.40000000,0.87550000,3335.64
1749258293,3338.41000000,0.87550000,3335.64
1749258293,3338.42000000,0.87550000,3335.64
1749258293,3338.43000000,0.87860000,3335.64
1749258293,3338.46000000,0.88360000,3335.64
1749258293,3338.48000000,0.44530000,3335.64
1749258293,3338.51000000,0.87560000,3335.64
1749258293,3338.53000000,1.15830000,3335.64
1749258293,3338.59000000,0.00500000,3335.64
1749258293,3338.60000000,0.87560000,3335.64
1749258293,3338.61000000,0.87560000,3335.64
1749258293,3338.63000000,0.87560000,3335.64
1749258293,3338.64000000,0.39600000,3335.64
1749258293,3338.69000000,0.00280000,3335.64
1749258293,3338.74000000,2.36100000,3335.64
1749258293,3338.75000000,0.87870000,3335.64
1749258293,3338.76000000,0.87560000,3335.64
1749258607,3335.09000000,0.69710000,3335.2
1749258607,3335.10000000,0.29960000,3335.2
1749258607,3335.12000000,0.01480000,3335.2
1749258607,3335.20000000,0.10210000,3335.2
1749258607,3335.21000000,0.20800000,3335.2
1749258607,3335.33000000,0.01490000,3335.2
1749258607,3335.40000000,0.10210000,3335.2
1749258607,3335.49000000,0.00310000,3335.2
1749258607,3335.60000000,0.10210000,3335.2
1749258607,3335.62000000,0.00310000,3335.2
1749258607,3335.68000000,0.39600000,3335.2
1749258607,3335.70000000,0.00310000,3335.2
1749258607,3335.80000000,0.11320000,3335.2
1749258607,3335.81000000,0.00310000,3335.2
1749258607,3335.84000000,0.32470000,3335.2
1749258607,3335.85000000,0.03720000,3335.2
1749258607,3335.88000000,0.01740000,3335.2
1749258607,3335.90000000,0.00310000,3335.2
1749258607,3335.95000000,0.01240000,3335.2
1749258607,3335.98000000,0.00580000,3335.2
1749258607,3336.00000000,0.11920000,3335.2
1749258607,3336.01000000,0.00310000,3335.2
1749258607,3336.05000000,0.01260000,3335.2
1749258607,3336.06000000,0.00220000,3335.2
1749258607,3336.07000000,0.44530000,3335.2
1749258607,3336.08000000,0.39600000,3335.2
1749258607,3336.11000000,0.00310000,3335.2
1749258607,3336.12000000,0.00310000,3335.2
1749258607,3336.20000000,0.11920000,3335.2
1749258607,3336.21000000,0.00310000,3335.2
1749258607,3336.26000000,0.02040000,3335.2
1749258607,3336.27000000,0.01240000,3335.2
1749258607,3336.30000000,0.00580000,3335.2
1749258607,3336.32000000,0.00310000,3335.2
1749258607,3336.33000000,0.00310000,3335.2
1749258607,3336.36000000,0.11650000,3335.2
1749258607,3336.41000000,0.44530000,3335.2
1749258607,3336.42000000,0.39600000,3335.2
1749258607,3336.44000000,0.00310000,3335.2
1749258607,3336.52000000,0.00310000,3335.2
1749258607,3336.59000000,0.00310000,3335.2
1749258607,3336.61000000,0.00310000,3335.2
1749258607,3336.66000000,0.01240000,3335.2
1749258607,3336.69000000,0.01060000,3335.2
1749258607,3336.71000000,0.00310000,3335.2
1749258607,3336.77000000,0.44530000,3335.2
1749258607,3336.78000000,0.39600000,3335.2
1749258607,3336.84000000,0.00310000,3335.2
1749258607,3336.90000000,0.00310000,3335.2
1749258607,3336.93000000,0.00310000,3335.2
1749258607,3336.96000000,0.08790000,3335.2
1749258607,3337.00000000,0.00350000,3335.2
1749258607,3337.02000000,0.00310000,3335.2
1749258607,3337.09000000,0.00480000,3335.2
1749258607,3337.10000000,0.02880000,3335.2
1749258607,3337.12000000,0.01240000,3335.2
1749258607,3337.15000000,0.00580000,3335.2
1749258607,3337.16000000,0.44530000,3335.2
1749258607,3337.17000000,0.59380000,3335.2
1749258607,3337.18000000,0.00310000,3335.2
1749258607,3337.20000000,0.00800000,3335.2
1749258607,3337.24000000,0.39600000,3335.2
1749258607,3337.26000000,0.00310000,3335.2
1749258607,3337.28000000,0.00310000,3335.2
1749258607,3337.36000000,0.08780000,3335.2
1749258607,3337.41000000,0.00310000,3335.2
1749258607,3337.55000000,0.00800000,3335.2
1749258607,3337.56000000,0.00790000,3335.2
1749258607,3337.58000000,0.39600000,3335.2
1749258607,3337.64000000,0.45770000,3335.2
1749258607,3337.65000000,0.00310000,3335.2
1749258607,3337.66000000,0.00310000,3335.2
1749258607,3337.67000000,0.00580000,3335.2
1749258607,3337.76000000,0.00310000,3335.2
1749258607,3337.89000000,0.00310000,3335.2
1749258607,3337.95000000,0.39600000,3335.2
1749258607,3337.96000000,0.00800000,3335.2
1749258607,3338.00000000,0.00830000,3335.2
1749258607,3338.01000000,0.00310000,3335.2
1749258607,3338.09000000,0.00480000,3335.2
1749258607,3338.10000000,0.44840000,3335.2
1749258607,3338.11000000,0.00310000,3335.2
1749258607,3338.23000000,0.01240000,3335.2
1749258607,3338.24000000,0.87550000,3335.2
1749258607,3338.25000000,0.59380000,3335.2
1749258607,3338.26000000,0.00580000,3335.2
1749258607,3338.27000000,0.00310000,3335.2
1749258607,3338.29000000,1.75100000,3335.2
1749258607,3338.30000000,0.39600000,3335.2
1749258607,3338.36000000,0.87550000,3335.2
1749258607,3338.37000000,0.87650000,3335.2
1749258607,3338.38000000,0.87550000,3335.2
1749258607,3338.41000000,0.87550000,3335.2
1749258607,3338.42000000,0.87550000,3335.2
1749258607,3338.43000000,3.50910000,3335.2
1749258607,3338.46000000,1.75900000,3335.2
1749258607,3338.47000000,2.94130000,3335.2
1749258607,3338.48000000,1.32080000,3335.2
1749258607,3338.51000000,0.87550000,3335.2
1749258607,3338.53000000,0.28270000,3335.2
1749258927,3334.83000000,0.74900000,3334.83
1749258927,3334.85000000,0.29960000,3334.83
1749258927,3334.93000000,0.04840000,3334.83
1749258927,3334.94000000,0.21430000,3334.83
1749258927,3335.00000000,0.10190000,3334.83
1749258927,3335.19000000,0.39600000,3334.83
1749258927,3335.20000000,0.09700000,3334.83
1749258927,3335.25000000,0.44840000,3334.83
1749258927,3335.34000000,0.33540000,3334.83
1749258927,3335.40000000,0.09700000,3334.83
1749258927,3335.41000000,0.00310000,3334.83
1749258927,3335.50000000,0.00310000,3334.83
1749258927,3335.59000000,0.44530000,3334.83
1749258927,3335.60000000,0.49300000,3334.83
1749258927,3335.66000000,0.00310000,3334.83
1749258927,3335.68000000,0.02760000,3334.83
1749258927,3335.75000000,0.01230000,3334.83
1749258927,3335.78000000,0.00630000,3334.83
1749258927,3335.80000000,0.11320000,3334.83
1749258927,3335.84000000,0.00540000,3334.83
1749258927,3335.85000000,0.03930000,3334.83
1749258927,3335.90000000,0.00310000,3334.83
1749258927,3335.91000000,0.00180000,3334.83
1749258927,3335.95000000,0.01240000,3334.83
1749258927,3335.97000000,0.00920000,3334.83
1749258927,3335.99000000,0.10830000,3334.83
1749258927,3336.00000000,0.11920000,3334.83
1749258927,3336.01000000,0.00310000,3334.83
1749258927,3336.03000000,0.44530000,3334.83
1749258927,3336.05000000,0.01260000,3334.83
1749258927,3336.06000000,0.00220000,3334.83
1749258927,3336.07000000,0.33860000,3334.83
1749258927,3336.08000000,0.39600000,3334.83
1749258927,3336.11000000,0.00310000,3334.83
1749258927,3336.12000000,0.00310000,3334.83
1749258927,3336.20000000,0.11920000,3334.83
1749258927,3336.21000000,0.00310000,3334.83
1749258927,3336.24000000,0.00920000,3334.83
1749258927,3336.26000000,0.02040000,3334.83
1749258927,3336.27000000,0.01240000,3334.83
1749258927,3336.32000000,0.00310000,3334.83
1749258927,3336.33000000,0.00520000,3334.83
1749258927,3336.36000000,0.00680000,3334.83
1749258927,3336.42000000,0.39600000,3334.83
1749258927,3336.44000000,0.00310000,3334.83
1749258927,3336.52000000,0.00310000,3334.83
1749258927,3336.56000000,0.00920000,3334.83
1749258927,3336.59000000,0.00310000,3334.83
1749258927,3336.61000000,0.00310000,3334.83
1749258927,3336.65000000,0.00210000,3334.83
1749258927,3336.66000000,0.01240000,3334.83
1749258927,3336.69000000,0.00480000,3334.83
1749258927,3336.71000000,0.00310000,3334.83
1749258927,3336.76000000,0.44530000,3334.83
1749258927,3336.78000000,0.39600000,3334.83
1749258927,3336.84000000,0.00310000,3334.83
1749258927,3336.90000000,0.00310000,3334.83
1749258927,3336.92000000,0.00920000,3334.83
1749258927,3336.93000000,0.00310000,3334.83
1749258927,3337.00000000,0.00350000,3334.83
1749258927,3337.01000000,0.00210000,3334.83
1749258927,3337.02000000,0.00310000,3334.83
1749258927,3337.05000000,0.08790000,3334.83
1749258927,3337.06000000,0.08780000,3334.83
1749258927,3337.09000000,0.00480000,3334.83
1749258927,3337.10000000,0.02880000,3334.83
1749258927,3337.12000000,0.01240000,3334.83
1749258927,3337.16000000,0.44530000,3334.83
1749258927,3337.18000000,0.00310000,3334.83
1749258927,3337.20000000,0.00800000,3334.83
1749258927,3337.24000000,0.39600000,3334.83
1749258927,3337.26000000,0.00310000,3334.83
1749258927,3337.28000000,0.00310000,3334.83
1749258927,3337.33000000,0.00920000,3334.83
1749258927,3337.41000000,0.00520000,3334.83
1749258927,3337.55000000,0.00800000,3334.83
1749258927,3337.56000000,0.00790000,3334.83
1749258927,3337.58000000,0.39600000,3334.83
1749258927,3337.64000000,0.45770000,3334.83
1749258927,3337.65000000,0.00310000,3334.83
1749258927,3337.66000000,0.00310000,3334.83
1749258927,3337.67000000,0.41930000,3334.83
1749258927,3337.76000000,0.00310000,3334.83
1749258927,3337.78000000,0.00920000,3334.83
1749258927,3337.86000000,0.00210000,3334.83
1749258927,3337.89000000,0.00310000,3334.83
1749258927,3337.94000000,0.87450000,3334.83
1749258927,3337.95000000,0.39600000,3334.83
1749258927,3337.96000000,0.00800000,3334.83
1749258927,3338.00000000,0.00830000,3334.83
1749258927,3338.01000000,0.00310000,3334.83
1749258927,3338.07000000,1.74900000,3334.83
1749258927,3338.08000000,0.87450000,3334.83
1749258927,3338.09000000,1.75380000,3334.83
1749258927,3338.10000000,0.44840000,3334.83
1749258927,3338.11000000,0.00310000,3334.83
1749258927,3338.19000000,0.87450000,3334.83
1749258927,3338.20000000,0.87450000,3334.83
1749258927,3338.22000000,0.35000000,3334.83
1749258927,3338.23000000,0.01240000,3334.83
1749259228,3335.40000000,0.68350000,3335.4
1749259228,3335.48000000,0.29950000,3335.4
1749259228,3335.52000000,0.23420000,3335.4
1749259228,3335.60000000,0.09700000,3335.4
1749259228,3335.66000000,0.00310000,3335.4
1749259228,3335.68000000,0.02760000,3335.4
1749259228,3335.69000000,0.00200000,3335.4
1749259228,3335.74000000,0.39600000,3335.4
1749259228,3335.75000000,0.01230000,3335.4
1749259228,3335.78000000,0.00630000,3335.4
1749259228,3335.80000000,0.11320000,3335.4
1749259228,3335.84000000,0.00540000,3335.4
1749259228,3335.85000000,0.03930000,3335.4
1749259228,3335.90000000,0.00310000,3335.4
1749259228,3335.91000000,0.00180000,3335.4
1749259228,3335.95000000,0.01240000,3335.4
1749259228,3335.97000000,0.00920000,3335.4
1749259228,3335.99000000,0.44530000,3335.4
1749259228,3336.00000000,0.11920000,3335.4
1749259228,3336.01000000,0.00310000,3335.4
1749259228,3336.05000000,0.01260000,3335.4
1749259228,3336.06000000,0.00220000,3335.4
1749259228,3336.07000000,0.00210000,3335.4
1749259228,3336.08000000,0.39600000,3335.4
1749259228,3336.11000000,0.00310000,3335.4
1749259228,3336.12000000,0.00310000,3335.4
1749259228,3336.15000000,0.32780000,3335.4
1749259228,3336.20000000,0.11920000,3335.4
1749259228,3336.21000000,0.00310000,3335.4
1749259228,3336.24000000,0.00920000,3335.4
1749259228,3336.26000000,0.02040000,3335.4
1749259228,3336.27000000,0.01240000,3335.4
1749259228,3336.32000000,0.00310000,3335.4
1749259228,3336.33000000,0.00520000,3335.4
1749259228,3336.36000000,0.00680000,3335.4
1749259228,3336.42000000,0.39600000,3335.4
1749259228,3336.44000000,0.00310000,3335.4
1749259228,3336.52000000,0.00310000,3335.4
1749259228,3336.56000000,0.00920000,3335.4
1749259228,3336.59000000,0.11510000,3335.4
1749259228,3336.61000000,0.00310000,3335.4
1749259228,3336.65000000,0.00210000,3335.4
1749259228,3336.66000000,0.01240000,3335.4
1749259228,3336.69000000,0.00480000,3335.4
1749259228,3336.71000000,0.00310000,3335.4
1749259228,3336.76000000,0.44530000,3335.4
1749259228,3336.78000000,0.39600000,3335.4
1749259228,3336.84000000,0.00310000,3335.4
1749259228,3336.90000000,0.00310000,3335.4
1749259228,3336.92000000,0.00920000,3335.4
1749259228,3336.93000000,0.00310000,3335.4
1749259228,3337.00000000,0.00350000,3335.4
1749259228,3337.01000000,0.00210000,3335.4
1749259228,3337.02000000,0.00310000,3335.4
1749259228,3337.06000000,0.08790000,3335.4
1749259228,3337.09000000,0.00480000,3335.4
1749259228,3337.10000000,0.02880000,3335.4
1749259228,3337.12000000,0.01240000,3335.4
1749259228,3337.15000000,0.59380000,3335.4
1749259228,3337.16000000,0.44530000,3335.4
1749259228,3337.18000000,0.00310000,3335.4
1749259228,3337.20000000,0.00800000,3335.4
1749259228,3337.24000000,0.39600000,3335.4
1749259228,3337.26000000,0.00310000,3335.4
1749259228,3337.28000000,0.00310000,3335.4
1749259228,3337.33000000,0.00920000,3335.4
1749259228,3337.41000000,0.00520000,3335.4
1749259228,3337.46000000,0.08780000,3335.4
1749259228,3337.55000000,0.00800000,3335.4
1749259228,3337.56000000,0.00790000,3335.4
1749259228,3337.57000000,1.74100000,3335.4
1749259228,3337.58000000,0.39600000,3335.4
1749259228,3337.63000000,0.87050000,3335.4
1749259228,3337.64000000,0.45770000,3335.4
1749259228,3337.65000000,0.00310000,3335.4
1749259228,3337.66000000,0.00310000,3335.4
1749259228,3337.76000000,0.00310000,3335.4
1749259228,3337.78000000,0.00920000,3335.4
1749259228,3337.86000000,0.00210000,3335.4
1749259228,3337.89000000,0.00310000,3335.4
1749259228,3337.93000000,2.61150000,3335.4
1749259228,3337.94000000,6.96400000,3335.4
1749259228,3337.95000000,0.39600000,3335.4
1749259228,3337.96000000,0.00800000,3335.4
1749259228,3338.00000000,0.00830000,3335.4
1749259228,3338.01000000,0.00310000,3335.4
1749259228,3338.08000000,0.87050000,3335.4
1749259228,3338.09000000,0.87530000,3335.4
1749259228,3338.10000000,1.32000000,3335.4
1749259228,3338.11000000,0.00310000,3335.4
1749259228,3338.18000000,1.74120000,3335.4
1749259228,3338.19000000,0.87160000,3335.4
1749259228,3338.21000000,0.86960000,3335.4
1749259228,3338.22000000,0.35000000,3335.4
1749259228,3338.23000000,0.01240000,3335.4
1749259228,3338.25000000,1.46540000,3335.4
1749259228,3338.27000000,0.87270000,3335.4
1749259228,3338.28000000,0.86960000,3335.4
1749259228,3338.29000000,0.87160000,3335.4
1749259228,3338.30000000,0.39600000,3335.4
