timestamp,price,volume,current_price
1749260706,3332.45000000,0.56270000,3332.44
1749260706,3332.53000000,0.15800000,3332.44
1749260706,3332.56000000,0.24610000,3332.44
1749260706,3332.60000000,0.61110000,3332.44
1749260706,3332.67000000,0.17940000,3332.44
1749260706,3332.77000000,0.16960000,3332.44
1749260706,3332.80000000,0.14170000,3332.44
1749260706,3332.83000000,0.00310000,3332.44
1749260706,3332.90000000,0.15730000,3332.44
1749260706,3332.91000000,0.00310000,3332.44
1749260706,3333.00000000,0.37920000,3332.44
1749260706,3333.08000000,1.02150000,3332.44
1749260706,3333.16000000,0.14700000,3332.44
1749260706,3333.20000000,0.37440000,3332.44
1749260706,3333.28000000,0.13920000,3332.44
1749260706,3333.32000000,0.00310000,3332.44
1749260706,3333.34000000,0.24280000,3332.44
1749260706,3333.40000000,0.16560000,3332.44
1749260706,3333.42000000,0.58660000,3332.44
1749260706,3333.46000000,0.44530000,3332.44
1749260706,3333.49000000,0.00310000,3332.44
1749260706,3333.52000000,0.00320000,3332.44
1749260706,3333.55000000,0.09530000,3332.44
1749260706,3333.56000000,0.19060000,3332.44
1749260706,3333.57000000,0.24070000,3332.44
1749260706,3333.59000000,0.01530000,3332.44
1749260706,3333.60000000,0.16560000,3332.44
1749260706,3333.63000000,0.09870000,3332.44
1749260706,3333.66000000,0.00310000,3332.44
1749260706,3333.68000000,0.00510000,3332.44
1749260706,3333.69000000,0.33070000,3332.44
1749260706,3333.70000000,0.19060000,3332.44
1749260706,3333.76000000,0.39600000,3332.44
1749260706,3333.80000000,0.80150000,3332.44
1749260706,3333.82000000,0.00310000,3332.44
1749260706,3333.89000000,2.98000000,3332.44
1749260706,3333.90000000,0.05940000,3332.44
1749260706,3333.93000000,0.00570000,3332.44
1749260706,3333.96000000,0.00510000,3332.44
1749260706,3333.98000000,0.02290000,3332.44
1749260706,3334.00000000,0.10670000,3332.44
1749260706,3334.01000000,0.00190000,3332.44
1749260706,3334.14000000,0.00310000,3332.44
1749260706,3334.20000000,0.10670000,3332.44
1749260706,3334.22000000,0.33280000,3332.44
1749260706,3334.23000000,0.39910000,3332.44
1749260706,3334.25000000,0.01980000,3332.44
1749260706,3334.28000000,0.00190000,3332.44
1749260706,3334.30000000,0.00510000,3332.44
1749260706,3334.33000000,0.00310000,3332.44
1749260706,3334.40000000,0.11480000,3332.44
1749260706,3334.45000000,0.00310000,3332.44
1749260706,3334.48000000,0.00270000,3332.44
1749260706,3334.56000000,0.44530000,3332.44
1749260706,3334.58000000,0.01980000,3332.44
1749260706,3334.60000000,0.10670000,3332.44
1749260706,3334.61000000,0.00310000,3332.44
1749260706,3334.69000000,0.00510000,3332.44
1749260706,3334.70000000,0.00310000,3332.44
1749260706,3334.73000000,0.00270000,3332.44
1749260706,3334.76000000,0.48390000,3332.44
1749260706,3334.81000000,0.00540000,3332.44
1749260706,3334.91000000,0.00310000,3332.44
1749260706,3334.96000000,0.01980000,3332.44
1749260706,3334.99000000,1.03910000,3332.44
1749260706,3335.00000000,30.01270000,3332.44
1749260706,3335.03000000,0.08780000,3332.44
1749260706,3335.07000000,0.00310000,3332.44
1749260706,3335.15000000,0.40110000,3332.44
1749260706,3335.17000000,0.00310000,3332.44
1749260706,3335.26000000,0.00310000,3332.44
1749260706,3335.37000000,0.00310000,3332.44
1749260706,3335.40000000,0.01980000,3332.44
1749260706,3335.47000000,0.00310000,3332.44
1749260706,3335.56000000,0.00310000,3332.44
1749260706,3335.59000000,0.44530000,3332.44
1749260706,3335.66000000,0.00820000,3332.44
1749260706,3335.68000000,0.02760000,3332.44
1749260706,3335.69000000,0.00200000,3332.44
1749260706,3335.74000000,0.39600000,3332.44
1749260706,3335.75000000,0.01230000,3332.44
1749260706,3335.78000000,0.00630000,3332.44
1749260706,3335.84000000,0.00540000,3332.44
1749260706,3335.85000000,0.00210000,3332.44
1749260706,3335.89000000,0.01980000,3332.44
1749260706,3335.90000000,0.00310000,3332.44
1749260706,3335.91000000,0.00180000,3332.44
1749260706,3335.93000000,0.44530000,3332.44
1749260706,3335.97000000,0.00920000,3332.44
1749260706,3336.00000000,0.02500000,3332.44
1749260706,3336.01000000,0.00310000,3332.44
1749260706,3336.03000000,0.88760000,3332.44
1749260706,3336.04000000,2.07710000,3332.44
1749260706,3336.05000000,0.87780000,3332.44
1749260706,3336.06000000,1.46230000,3332.44
1749260706,3336.07000000,0.00210000,3332.44
1749260706,3336.08000000,0.39600000,3332.44
1749260706,3336.11000000,0.00310000,3332.44
1749260706,3336.12000000,0.00310000,3332.44
1749260706,3336.14000000,0.88760000,3332.44
1749261026,3332.44000000,0.78670000,3332.44
1749261026,3332.59000000,0.22040000,3332.44
1749261026,3332.60000000,0.36210000,3332.44
1749261026,3332.67000000,0.17940000,3332.44
1749261026,3332.69000000,0.29980000,3332.44
1749261026,3332.75000000,0.23990000,3332.44
1749261026,3332.77000000,0.16960000,3332.44
1749261026,3332.80000000,0.14170000,3332.44
1749261026,3332.83000000,0.00310000,3332.44
1749261026,3332.88000000,0.11050000,3332.44
1749261026,3332.90000000,0.15730000,3332.44
1749261026,3332.91000000,0.00310000,3332.44
1749261026,3333.00000000,0.37920000,3332.44
1749261026,3333.01000000,0.44530000,3332.44
1749261026,3333.08000000,0.57620000,3332.44
1749261026,3333.16000000,0.14700000,3332.44
1749261026,3333.20000000,0.37440000,3332.44
1749261026,3333.28000000,0.13920000,3332.44
1749261026,3333.32000000,0.00310000,3332.44
1749261026,3333.34000000,0.24280000,3332.44
1749261026,3333.40000000,0.16870000,3332.44
1749261026,3333.42000000,0.58660000,3332.44
1749261026,3333.46000000,0.44530000,3332.44
1749261026,3333.49000000,0.00310000,3332.44
1749261026,3333.52000000,0.00980000,3332.44
1749261026,3333.55000000,0.09530000,3332.44
1749261026,3333.56000000,0.19060000,3332.44
1749261026,3333.57000000,0.24070000,3332.44
1749261026,3333.59000000,0.01530000,3332.44
1749261026,3333.60000000,0.16560000,3332.44
1749261026,3333.63000000,0.09870000,3332.44
1749261026,3333.66000000,0.33710000,3332.44
1749261026,3333.68000000,0.00510000,3332.44
1749261026,3333.70000000,0.19060000,3332.44
1749261026,3333.76000000,0.39600000,3332.44
1749261026,3333.80000000,0.61090000,3332.44
1749261026,3333.82000000,0.00310000,3332.44
1749261026,3333.90000000,0.05940000,3332.44
1749261026,3333.93000000,0.00570000,3332.44
1749261026,3333.96000000,0.00510000,3332.44
1749261026,3333.98000000,0.02290000,3332.44
1749261026,3334.00000000,0.10670000,3332.44
1749261026,3334.01000000,0.00190000,3332.44
1749261026,3334.14000000,0.44840000,3332.44
1749261026,3334.20000000,0.10670000,3332.44
1749261026,3334.22000000,0.33280000,3332.44
1749261026,3334.23000000,0.39910000,3332.44
1749261026,3334.25000000,0.01980000,3332.44
1749261026,3334.28000000,0.00190000,3332.44
1749261026,3334.30000000,0.00510000,3332.44
1749261026,3334.33000000,0.00310000,3332.44
1749261026,3334.40000000,0.11480000,3332.44
1749261026,3334.45000000,0.00310000,3332.44
1749261026,3334.48000000,0.00270000,3332.44
1749261026,3334.51000000,0.08780000,3332.44
1749261026,3334.55000000,0.08790000,3332.44
1749261026,3334.56000000,0.44530000,3332.44
1749261026,3334.58000000,0.01980000,3332.44
1749261026,3334.61000000,0.00310000,3332.44
1749261026,3334.69000000,0.00510000,3332.44
1749261026,3334.70000000,0.00310000,3332.44
1749261026,3334.73000000,0.00270000,3332.44
1749261026,3334.76000000,0.39600000,3332.44
1749261026,3334.81000000,0.00540000,3332.44
1749261026,3334.91000000,0.00310000,3332.44
1749261026,3334.96000000,0.01980000,3332.44
1749261026,3334.99000000,1.03910000,3332.44
1749261026,3335.00000000,30.01270000,3332.44
1749261026,3335.07000000,0.00310000,3332.44
1749261026,3335.15000000,0.40110000,3332.44
1749261026,3335.17000000,0.00310000,3332.44
1749261026,3335.26000000,0.00310000,3332.44
1749261026,3335.37000000,1.77650000,3332.44
1749261026,3335.38000000,0.88670000,3332.44
1749261026,3335.39000000,1.77340000,3332.44
1749261026,3335.40000000,0.01980000,3332.44
1749261026,3335.47000000,0.00310000,3332.44
1749261026,3335.56000000,2.66320000,3332.44
1749261026,3335.57000000,2.66010000,3332.44
1749261026,3335.58000000,2.66010000,3332.44
1749261026,3335.59000000,0.44530000,3332.44
1749261026,3335.65000000,0.88670000,3332.44
1749261026,3335.66000000,0.89490000,3332.44
1749261026,3335.67000000,1.77340000,3332.44
1749261026,3335.68000000,1.80100000,3332.44
1749261026,3335.69000000,0.00200000,3332.44
1749261026,3335.71000000,0.88670000,3332.44
1749261026,3335.72000000,0.88670000,3332.44
1749261026,3335.73000000,0.88670000,3332.44
1749261026,3335.74000000,0.39600000,3332.44
1749261026,3335.75000000,0.01230000,3332.44
1749261026,3335.78000000,0.00630000,3332.44
1749261026,3335.85000000,0.00210000,3332.44
1749261026,3335.86000000,0.88660000,3332.44
1749261026,3335.87000000,1.77340000,3332.44
1749261026,3335.88000000,1.77340000,3332.44
1749261026,3335.89000000,2.67990000,3332.44
1749261026,3335.90000000,0.00310000,3332.44
1749261026,3335.92000000,0.88670000,3332.44
1749261026,3335.93000000,0.44530000,3332.44
1749261336,3332.55000000,0.07520000,3332.55
1749261336,3332.59000000,0.22040000,3332.55
1749261336,3332.60000000,0.14170000,3332.55
1749261336,3332.67000000,0.17940000,3332.55
1749261336,3332.70000000,0.29980000,3332.55
1749261336,3332.75000000,0.10650000,3332.55
1749261336,3332.77000000,0.16960000,3332.55
1749261336,3332.80000000,0.14170000,3332.55
1749261336,3332.83000000,0.00310000,3332.55
1749261336,3332.88000000,0.11050000,3332.55
1749261336,3332.90000000,0.39350000,3332.55
1749261336,3332.91000000,0.00310000,3332.55
1749261336,3332.99000000,0.44530000,3332.55
1749261336,3333.00000000,0.37920000,3332.55
1749261336,3333.08000000,0.33480000,3332.55
1749261336,3333.16000000,0.14700000,3332.55
1749261336,3333.20000000,0.37440000,3332.55
1749261336,3333.28000000,0.13920000,3332.55
1749261336,3333.32000000,0.00310000,3332.55
1749261336,3333.34000000,0.24280000,3332.55
1749261336,3333.40000000,0.16870000,3332.55
1749261336,3333.42000000,0.58660000,3332.55
1749261336,3333.46000000,0.44530000,3332.55
1749261336,3333.49000000,0.00510000,3332.55
1749261336,3333.52000000,0.04430000,3332.55
1749261336,3333.55000000,0.09530000,3332.55
1749261336,3333.56000000,0.19060000,3332.55
1749261336,3333.57000000,0.00310000,3332.55
1749261336,3333.59000000,0.01530000,3332.55
1749261336,3333.60000000,0.16560000,3332.55
1749261336,3333.61000000,0.34520000,3332.55
1749261336,3333.62000000,0.00900000,3332.55
1749261336,3333.66000000,0.00310000,3332.55
1749261336,3333.68000000,0.00510000,3332.55
1749261336,3333.71000000,0.00300000,3332.55
1749261336,3333.76000000,0.39600000,3332.55
1749261336,3333.80000000,0.61090000,3332.55
1749261336,3333.82000000,0.00310000,3332.55
1749261336,3333.89000000,0.01150000,3332.55
1749261336,3333.90000000,0.05940000,3332.55
1749261336,3333.93000000,0.00570000,3332.55
1749261336,3333.96000000,0.00510000,3332.55
1749261336,3333.98000000,0.02590000,3332.55
1749261336,3334.00000000,0.10670000,3332.55
1749261336,3334.01000000,0.00190000,3332.55
1749261336,3334.10000000,0.08790000,3332.55
1749261336,3334.14000000,0.44840000,3332.55
1749261336,3334.20000000,0.10670000,3332.55
1749261336,3334.23000000,0.41060000,3332.55
1749261336,3334.25000000,0.01980000,3332.55
1749261336,3334.28000000,0.00190000,3332.55
1749261336,3334.30000000,0.00510000,3332.55
1749261336,3334.32000000,0.00300000,3332.55
1749261336,3334.33000000,0.00310000,3332.55
1749261336,3334.40000000,0.11480000,3332.55
1749261336,3334.41000000,0.08780000,3332.55
1749261336,3334.45000000,0.00310000,3332.55
1749261336,3334.48000000,0.00270000,3332.55
1749261336,3334.56000000,0.44530000,3332.55
1749261336,3334.58000000,0.01980000,3332.55
1749261336,3334.61000000,0.00310000,3332.55
1749261336,3334.63000000,0.01150000,3332.55
1749261336,3334.69000000,0.00510000,3332.55
1749261336,3334.70000000,0.00310000,3332.55
1749261336,3334.72000000,0.00300000,3332.55
1749261336,3334.73000000,0.00270000,3332.55
1749261336,3334.76000000,0.39600000,3332.55
1749261336,3334.81000000,0.00540000,3332.55
1749261336,3334.91000000,0.00310000,3332.55
1749261336,3334.96000000,0.01980000,3332.55
1749261336,3334.99000000,1.03910000,3332.55
1749261336,3335.00000000,30.01270000,3332.55
1749261336,3335.07000000,0.00310000,3332.55
1749261336,3335.09000000,0.01150000,3332.55
1749261336,3335.15000000,0.40110000,3332.55
1749261336,3335.17000000,0.00610000,3332.55
1749261336,3335.26000000,0.00310000,3332.55
1749261336,3335.32000000,0.88960000,3332.55
1749261336,3335.33000000,1.77920000,3332.55
1749261336,3335.37000000,0.00310000,3332.55
1749261336,3335.39000000,0.88960000,3332.55
1749261336,3335.40000000,0.01980000,3332.55
1749261336,3335.47000000,0.00310000,3332.55
1749261336,3335.50000000,0.88860000,3332.55
1749261336,3335.51000000,0.88960000,3332.55
1749261336,3335.52000000,0.88960000,3332.55
1749261336,3335.56000000,0.00310000,3332.55
1749261336,3335.58000000,1.77920000,3332.55
1749261336,3335.59000000,0.44530000,3332.55
1749261336,3335.61000000,0.90010000,3332.55
1749261336,3335.62000000,0.88960000,3332.55
1749261336,3335.65000000,0.09010000,3332.55
1749261336,3335.66000000,0.89780000,3332.55
1749261336,3335.67000000,1.77820000,3332.55
1749261336,3335.68000000,0.03060000,3332.55
1749261336,3335.70000000,0.88960000,3332.55
1749261336,3335.71000000,0.88860000,3332.55
1749261336,3335.74000000,0.39600000,3332.55
1749261336,3335.75000000,0.01230000,3332.55
1749261336,3335.78000000,0.00630000,3332.55
1749261638,3333.15000000,1.01450000,3333.15
1749261638,3333.20000000,0.16560000,3333.15
1749261638,3333.32000000,0.18080000,3333.15
1749261638,3333.36000000,0.21340000,3333.15
1749261638,3333.38000000,0.29970000,3333.15
1749261638,3333.40000000,0.35030000,3333.15
1749261638,3333.42000000,0.19060000,3333.15
1749261638,3333.49000000,0.00510000,3333.15
1749261638,3333.52000000,0.04430000,3333.15
1749261638,3333.55000000,0.09530000,3333.15
1749261638,3333.56000000,0.19060000,3333.15
1749261638,3333.57000000,0.00310000,3333.15
1749261638,3333.59000000,0.01530000,3333.15
1749261638,3333.60000000,0.16560000,3333.15
1749261638,3333.61000000,0.01150000,3333.15
1749261638,3333.62000000,0.00900000,3333.15
1749261638,3333.66000000,0.12580000,3333.15
1749261638,3333.68000000,0.00510000,3333.15
1749261638,3333.71000000,0.13340000,3333.15
1749261638,3333.73000000,0.33790000,3333.15
1749261638,3333.76000000,0.39600000,3333.15
1749261638,3333.80000000,0.61090000,3333.15
1749261638,3333.82000000,0.00310000,3333.15
1749261638,3333.89000000,0.01150000,3333.15
1749261638,3333.90000000,0.05940000,3333.15
1749261638,3333.93000000,0.00570000,3333.15
1749261638,3333.96000000,0.09670000,3333.15
1749261638,3333.98000000,0.20730000,3333.15
1749261638,3334.00000000,0.10670000,3333.15
1749261638,3334.01000000,0.00190000,3333.15
1749261638,3334.14000000,0.44840000,3333.15
1749261638,3334.15000000,0.00720000,3333.15
1749261638,3334.20000000,0.20210000,3333.15
1749261638,3334.23000000,0.41300000,3333.15
1749261638,3334.25000000,0.01980000,3333.15
1749261638,3334.28000000,0.00190000,3333.15
1749261638,3334.30000000,0.09670000,3333.15
1749261638,3334.31000000,0.32740000,3333.15
1749261638,3334.32000000,0.00300000,3333.15
1749261638,3334.33000000,0.00310000,3333.15
1749261638,3334.38000000,0.10470000,3333.15
1749261638,3334.40000000,0.11480000,3333.15
1749261638,3334.42000000,0.05220000,3333.15
1749261638,3334.45000000,0.09470000,3333.15
1749261638,3334.48000000,0.14670000,3333.15
1749261638,3334.49000000,0.00240000,3333.15
1749261638,3334.56000000,0.44530000,3333.15
1749261638,3334.58000000,0.01980000,3333.15
1749261638,3334.61000000,0.00310000,3333.15
1749261638,3334.63000000,0.10320000,3333.15
1749261638,3334.69000000,0.00510000,3333.15
1749261638,3334.70000000,0.09480000,3333.15
1749261638,3334.72000000,0.00300000,3333.15
1749261638,3334.73000000,0.09060000,3333.15
1749261638,3334.76000000,0.39600000,3333.15
1749261638,3334.81000000,0.00540000,3333.15
1749261638,3334.91000000,0.00310000,3333.15
1749261638,3334.96000000,0.01980000,3333.15
1749261638,3334.99000000,1.03910000,3333.15
1749261638,3335.00000000,30.01270000,3333.15
1749261638,3335.06000000,0.08780000,3333.15
1749261638,3335.07000000,0.00310000,3333.15
1749261638,3335.09000000,0.01150000,3333.15
1749261638,3335.15000000,0.40110000,3333.15
1749261638,3335.17000000,0.00610000,3333.15
1749261638,3335.26000000,0.00310000,3333.15
1749261638,3335.37000000,0.00310000,3333.15
1749261638,3335.40000000,0.01980000,3333.15
1749261638,3335.47000000,0.00310000,3333.15
1749261638,3335.56000000,0.00310000,3333.15
1749261638,3335.59000000,0.44530000,3333.15
1749261638,3335.61000000,0.01150000,3333.15
1749261638,3335.66000000,0.00820000,3333.15
1749261638,3335.68000000,0.03060000,3333.15
1749261638,3335.74000000,1.28740000,3333.15
1749261638,3335.75000000,0.01230000,3333.15
1749261638,3335.78000000,0.00630000,3333.15
1749261638,3335.85000000,0.00210000,3333.15
1749261638,3335.88000000,0.89140000,3333.15
1749261638,3335.89000000,0.01980000,3333.15
1749261638,3335.90000000,0.00310000,3333.15
1749261638,3335.93000000,1.33670000,3333.15
1749261638,3335.97000000,0.00920000,3333.15
1749261638,3335.99000000,0.89140000,3333.15
1749261638,3336.00000000,0.02500000,3333.15
1749261638,3336.01000000,0.00310000,3333.15
1749261638,3336.05000000,0.86840000,3333.15
1749261638,3336.06000000,0.59380000,3333.15
1749261638,3336.07000000,0.00210000,3333.15
1749261638,3336.08000000,0.39600000,3333.15
1749261638,3336.09000000,0.89140000,3333.15
1749261638,3336.12000000,0.00310000,3333.15
1749261638,3336.14000000,0.86840000,3333.15
1749261638,3336.15000000,1.78280000,3333.15
1749261638,3336.16000000,1.28770000,3333.15
1749261638,3336.18000000,0.01150000,3333.15
1749261638,3336.20000000,1.78280000,3333.15
1749261638,3336.21000000,0.00310000,3333.15
1749261638,3336.22000000,0.00510000,3333.15
1749261638,3336.23000000,0.00750000,3333.15
1749261945,3334.20000000,0.40270000,3334.2
1749261945,3334.23000000,0.01700000,3334.2
1749261945,3334.25000000,0.01980000,3334.2
1749261945,3334.26000000,0.07000000,3334.2
1749261945,3334.28000000,0.12890000,3334.2
1749261945,3334.30000000,0.00510000,3334.2
1749261945,3334.32000000,0.00300000,3334.2
1749261945,3334.33000000,0.09440000,3334.2
1749261945,3334.40000000,0.10670000,3334.2
1749261945,3334.44000000,0.22740000,3334.2
1749261945,3334.45000000,0.07720000,3334.2
1749261945,3334.48000000,0.29960000,3334.2
1749261945,3334.49000000,0.00240000,3334.2
1749261945,3334.55000000,0.12540000,3334.2
1749261945,3334.58000000,0.01980000,3334.2
1749261945,3334.60000000,0.11880000,3334.2
1749261945,3334.61000000,0.07720000,3334.2
1749261945,3334.63000000,0.01150000,3334.2
1749261945,3334.69000000,0.10040000,3334.2
1749261945,3334.70000000,0.00310000,3334.2
1749261945,3334.72000000,0.00300000,3334.2
1749261945,3334.73000000,0.08340000,3334.2
1749261945,3334.76000000,0.39600000,3334.2
1749261945,3334.81000000,0.01290000,3334.2
1749261945,3334.87000000,0.00250000,3334.2
1749261945,3334.88000000,0.07760000,3334.2
1749261945,3334.91000000,0.00310000,3334.2
1749261945,3334.96000000,0.11510000,3334.2
1749261945,3334.99000000,0.44530000,3334.2
1749261945,3335.00000000,30.01270000,3334.2
1749261945,3335.07000000,0.00310000,3334.2
1749261945,3335.08000000,0.00250000,3334.2
1749261945,3335.09000000,0.01150000,3334.2
1749261945,3335.15000000,0.40110000,3334.2
1749261945,3335.17000000,0.00610000,3334.2
1749261945,3335.23000000,0.16040000,3334.2
1749261945,3335.25000000,0.00190000,3334.2
1749261945,3335.26000000,0.00310000,3334.2
1749261945,3335.37000000,0.07630000,3334.2
1749261945,3335.40000000,0.12700000,3334.2
1749261945,3335.45000000,0.33420000,3334.2
1749261945,3335.47000000,0.00310000,3334.2
1749261945,3335.56000000,0.07730000,3334.2
1749261945,3335.57000000,0.88950000,3334.2
1749261945,3335.59000000,0.44530000,3334.2
1749261945,3335.61000000,0.01150000,3334.2
1749261945,3335.65000000,0.00190000,3334.2
1749261945,3335.66000000,0.00820000,3334.2
1749261945,3335.67000000,0.88950000,3334.2
1749261945,3335.68000000,0.03060000,3334.2
1749261945,3335.72000000,0.88950000,3334.2
1749261945,3335.73000000,0.88950000,3334.2
1749261945,3335.74000000,0.39600000,3334.2
1749261945,3335.75000000,0.01230000,3334.2
1749261945,3335.86000000,1.17930000,3334.2
1749261945,3335.87000000,1.77900000,3334.2
1749261945,3335.88000000,1.77900000,3334.2
1749261945,3335.89000000,0.01980000,3334.2
1749261945,3335.90000000,0.00310000,3334.2
1749261945,3335.93000000,2.51410000,3334.2
1749261945,3335.97000000,0.00920000,3334.2
1749261945,3335.99000000,0.88950000,3334.2
1749261945,3336.00000000,1.17930000,3334.2
1749261945,3336.01000000,0.89260000,3334.2
1749261945,3336.05000000,0.88950000,3334.2
1749261945,3336.06000000,1.48330000,3334.2
1749261945,3336.07000000,1.17930000,3334.2
1749261945,3336.08000000,0.39600000,3334.2
1749261945,3336.12000000,0.00310000,3334.2
1749261945,3336.13000000,1.17930000,3334.2
1749261945,3336.14000000,0.88950000,3334.2
1749261945,3336.15000000,0.88950000,3334.2
1749261945,3336.16000000,1.77900000,3334.2
1749261945,3336.18000000,0.01150000,3334.2
1749261945,3336.21000000,0.00310000,3334.2
1749261945,3336.22000000,0.09300000,3334.2
1749261945,3336.23000000,1.18680000,3334.2
1749261945,3336.24000000,0.90170000,3334.2
1749261945,3336.25000000,0.88950000,3334.2
1749261945,3336.26000000,1.77900000,3334.2
1749261945,3336.27000000,1.33480000,3334.2
1749261945,3336.30000000,0.00250000,3334.2
1749261945,3336.32000000,0.00310000,3334.2
1749261945,3336.38000000,1.17930000,3334.2
1749261945,3336.42000000,0.39600000,3334.2
1749261945,3336.43000000,0.01980000,3334.2
1749261945,3336.44000000,0.00310000,3334.2
1749261945,3336.45000000,0.08780000,3334.2
1749261945,3336.48000000,1.17930000,3334.2
1749261945,3336.51000000,0.00250000,3334.2
1749261945,3336.52000000,0.00310000,3334.2
1749261945,3336.53000000,1.17930000,3334.2
1749261945,3336.56000000,0.00920000,3334.2
1749261945,3336.60000000,0.02500000,3334.2
1749261945,3336.61000000,0.00310000,3334.2
1749261945,3336.64000000,1.17930000,3334.2
1749261945,3336.71000000,0.00310000,3334.2
1749261945,3336.75000000,0.44530000,3334.2
1749261945,3336.77000000,0.00250000,3334.2
1749261945,3336.78000000,0.39600000,3334.2
1749262247,3334.23000000,1.87910000,3334.22
1749262247,3334.24000000,0.00180000,3334.22
1749262247,3334.25000000,0.31940000,3334.22
1749262247,3334.26000000,0.24740000,3334.22
1749262247,3334.28000000,0.00190000,3334.22
1749262247,3334.30000000,0.02000000,3334.22
1749262247,3334.32000000,0.00300000,3334.22
1749262247,3334.33000000,0.00310000,3334.22
1749262247,3334.40000000,0.17990000,3334.22
1749262247,3334.45000000,0.33380000,3334.22
1749262247,3334.49000000,0.08320000,3334.22
1749262247,3334.55000000,0.05580000,3334.22
1749262247,3334.56000000,0.05390000,3334.22
1749262247,3334.58000000,0.01980000,3334.22
1749262247,3334.60000000,0.11880000,3334.22
1749262247,3334.61000000,0.00310000,3334.22
1749262247,3334.63000000,0.08230000,3334.22
1749262247,3334.65000000,0.44530000,3334.22
1749262247,3334.67000000,0.01500000,3334.22
1749262247,3334.69000000,0.10040000,3334.22
1749262247,3334.70000000,0.01800000,3334.22
1749262247,3334.72000000,0.00300000,3334.22
1749262247,3334.73000000,0.08340000,3334.22
1749262247,3334.76000000,0.39600000,3334.22
1749262247,3334.81000000,0.01290000,3334.22
1749262247,3334.87000000,0.09730000,3334.22
1749262247,3334.88000000,0.07760000,3334.22
1749262247,3334.91000000,0.00310000,3334.22
1749262247,3334.96000000,0.44490000,3334.22
1749262247,3334.99000000,0.44530000,3334.22
1749262247,3335.00000000,30.01270000,3334.22
1749262247,3335.05000000,0.02640000,3334.22
1749262247,3335.07000000,0.00310000,3334.22
1749262247,3335.08000000,0.00250000,3334.22
1749262247,3335.09000000,0.01150000,3334.22
1749262247,3335.12000000,0.00880000,3334.22
1749262247,3335.15000000,0.40110000,3334.22
1749262247,3335.17000000,0.00610000,3334.22
1749262247,3335.25000000,0.00190000,3334.22
1749262247,3335.26000000,0.00310000,3334.22
1749262247,3335.33000000,0.10390000,3334.22
1749262247,3335.37000000,0.07630000,3334.22
1749262247,3335.40000000,0.12700000,3334.22
1749262247,3335.46000000,0.26800000,3334.22
1749262247,3335.47000000,0.00310000,3334.22
1749262247,3335.56000000,0.07730000,3334.22
1749262247,3335.59000000,0.00880000,3334.22
1749262247,3335.61000000,0.09250000,3334.22
1749262247,3335.65000000,0.44720000,3334.22
1749262247,3335.66000000,0.00820000,3334.22
1749262247,3335.68000000,0.07220000,3334.22
1749262247,3335.74000000,0.39600000,3334.22
1749262247,3335.75000000,0.00310000,3334.22
1749262247,3335.89000000,0.01980000,3334.22
1749262247,3335.90000000,0.01190000,3334.22
1749262247,3336.01000000,0.00310000,3334.22
1749262247,3336.03000000,0.08790000,3334.22
1749262247,3336.08000000,0.39600000,3334.22
1749262247,3336.12000000,0.00310000,3334.22
1749262247,3336.18000000,0.01150000,3334.22
1749262247,3336.21000000,0.00310000,3334.22
1749262247,3336.22000000,0.00510000,3334.22
1749262247,3336.23000000,0.00750000,3334.22
1749262247,3336.24000000,0.00300000,3334.22
1749262247,3336.25000000,0.00880000,3334.22
1749262247,3336.27000000,0.44530000,3334.22
1749262247,3336.30000000,0.00250000,3334.22
1749262247,3336.32000000,0.09090000,3334.22
1749262247,3336.42000000,0.39600000,3334.22
1749262247,3336.43000000,0.01980000,3334.22
1749262247,3336.44000000,0.00310000,3334.22
1749262247,3336.51000000,0.00250000,3334.22
1749262247,3336.52000000,0.00310000,3334.22
1749262247,3336.60000000,0.02500000,3334.22
1749262247,3336.61000000,0.00310000,3334.22
1749262247,3336.64000000,0.00880000,3334.22
1749262247,3336.71000000,0.00310000,3334.22
1749262247,3336.74000000,1.77480000,3334.22
1749262247,3336.75000000,0.44530000,3334.22
1749262247,3336.77000000,0.00250000,3334.22
1749262247,3336.78000000,0.39600000,3334.22
1749262247,3336.84000000,0.00310000,3334.22
1749262247,3336.93000000,0.00310000,3334.22
1749262247,3337.02000000,0.00310000,3334.22
1749262247,3337.07000000,0.00880000,3334.22
1749262247,3337.08000000,0.00250000,3334.22
1749262247,3337.14000000,6.21180000,3334.22
1749262247,3337.15000000,1.48120000,3334.22
1749262247,3337.16000000,0.44530000,3334.22
1749262247,3337.18000000,0.00310000,3334.22
1749262247,3337.23000000,0.88740000,3334.22
1749262247,3337.24000000,0.39600000,3334.22
1749262247,3337.28000000,0.00310000,3334.22
1749262247,3337.41000000,0.00310000,3334.22
1749262247,3337.43000000,0.00250000,3334.22
1749262247,3337.50000000,0.41930000,3334.22
1749262247,3337.55000000,0.28270000,3334.22
1749262247,3337.56000000,0.00310000,3334.22
1749262247,3337.58000000,0.39600000,3334.22
1749262247,3337.59000000,0.09170000,3334.22
1749262548,3333.47000000,0.47120000,3333.46
1749262548,3333.60000000,0.13050000,3333.46
1749262548,3333.74000000,0.29970000,3333.46
1749262548,3333.80000000,0.13050000,3333.46
1749262548,3333.82000000,0.44530000,3333.46
1749262548,3333.83000000,0.32990000,3333.46
1749262548,3333.85000000,0.39600000,3333.46
1749262548,3333.92000000,0.00310000,3333.46
1749262548,3333.94000000,0.06740000,3333.46
1749262548,3334.00000000,0.19790000,3333.46
1749262548,3334.01000000,0.13210000,3333.46
1749262548,3334.07000000,0.06740000,3333.46
1749262548,3334.13000000,0.39470000,3333.46
1749262548,3334.17000000,0.00310000,3333.46
1749262548,3334.19000000,0.46340000,3333.46
1749262548,3334.20000000,0.13050000,3333.46
1749262548,3334.21000000,0.44530000,3333.46
1749262548,3334.23000000,1.42850000,3333.46
1749262548,3334.24000000,0.00190000,3333.46
1749262548,3334.25000000,0.01980000,3333.46
1749262548,3334.26000000,0.00190000,3333.46
1749262548,3334.30000000,0.00510000,3333.46
1749262548,3334.32000000,0.00300000,3333.46
1749262548,3334.33000000,0.00310000,3333.46
1749262548,3334.38000000,0.00660000,3333.46
1749262548,3334.40000000,0.10670000,3333.46
1749262548,3334.45000000,0.00310000,3333.46
1749262548,3334.49000000,0.00240000,3333.46
1749262548,3334.55000000,0.13750000,3333.46
1749262548,3334.56000000,0.05390000,3333.46
1749262548,3334.58000000,0.01980000,3333.46
1749262548,3334.60000000,0.11880000,3333.46
1749262548,3334.61000000,0.00310000,3333.46
1749262548,3334.63000000,0.08230000,3333.46
1749262548,3334.65000000,0.44530000,3333.46
1749262548,3334.69000000,0.10040000,3333.46
1749262548,3334.70000000,0.00310000,3333.46
1749262548,3334.72000000,0.00300000,3333.46
1749262548,3334.73000000,0.08340000,3333.46
1749262548,3334.74000000,0.32050000,3333.46
1749262548,3334.76000000,0.39600000,3333.46
1749262548,3334.81000000,0.01060000,3333.46
1749262548,3334.87000000,0.09730000,3333.46
1749262548,3334.88000000,0.00190000,3333.46
1749262548,3334.91000000,0.00310000,3333.46
1749262548,3334.96000000,0.01980000,3333.46
1749262548,3334.98000000,0.59380000,3333.46
1749262548,3334.99000000,0.44530000,3333.46
1749262548,3335.00000000,30.01270000,3333.46
1749262548,3335.05000000,0.02640000,3333.46
1749262548,3335.07000000,0.00310000,3333.46
1749262548,3335.08000000,0.00250000,3333.46
1749262548,3335.09000000,0.01150000,3333.46
1749262548,3335.12000000,0.00880000,3333.46
1749262548,3335.15000000,0.40110000,3333.46
1749262548,3335.17000000,0.00610000,3333.46
1749262548,3335.25000000,0.00190000,3333.46
1749262548,3335.26000000,0.00310000,3333.46
1749262548,3335.33000000,0.00880000,3333.46
1749262548,3335.37000000,0.00310000,3333.46
1749262548,3335.40000000,0.10770000,3333.46
1749262548,3335.47000000,0.00310000,3333.46
1749262548,3335.56000000,0.00310000,3333.46
1749262548,3335.59000000,0.00880000,3333.46
1749262548,3335.61000000,0.01150000,3333.46
1749262548,3335.65000000,0.44720000,3333.46
1749262548,3335.66000000,0.00820000,3333.46
1749262548,3335.68000000,0.09080000,3333.46
1749262548,3335.74000000,0.39600000,3333.46
1749262548,3335.75000000,0.00310000,3333.46
1749262548,3335.88000000,1.76920000,3333.46
1749262548,3335.89000000,0.01980000,3333.46
1749262548,3335.90000000,0.01190000,3333.46
1749262548,3336.01000000,0.00310000,3333.46
1749262548,3336.07000000,1.76920000,3333.46
1749262548,3336.08000000,0.98980000,3333.46
1749262548,3336.12000000,0.00310000,3333.46
1749262548,3336.18000000,0.01150000,3333.46
1749262548,3336.21000000,0.00310000,3333.46
1749262548,3336.22000000,0.00510000,3333.46
1749262548,3336.23000000,0.00750000,3333.46
1749262548,3336.24000000,0.00300000,3333.46
1749262548,3336.25000000,0.00880000,3333.46
1749262548,3336.26000000,1.76920000,3333.46
1749262548,3336.27000000,0.44530000,3333.46
1749262548,3336.30000000,0.00250000,3333.46
1749262548,3336.32000000,0.00310000,3333.46
1749262548,3336.39000000,1.76920000,3333.46
1749262548,3336.42000000,0.39600000,3333.46
1749262548,3336.43000000,0.01980000,3333.46
1749262548,3336.44000000,0.00310000,3333.46
1749262548,3336.51000000,0.00250000,3333.46
1749262548,3336.52000000,0.00310000,3333.46
1749262548,3336.55000000,0.88460000,3333.46
1749262548,3336.56000000,1.76920000,3333.46
1749262548,3336.57000000,2.65380000,3333.46
1749262548,3336.60000000,0.02500000,3333.46
1749262548,3336.61000000,0.00310000,3333.46
1749262548,3336.64000000,0.00880000,3333.46
1749262548,3336.69000000,0.88460000,3333.46
1749262851,3334.20000000,0.32960000,3334.2
1749262851,3334.23000000,0.78870000,3334.2
1749262851,3334.24000000,0.00190000,3334.2
1749262851,3334.25000000,0.01980000,3334.2
1749262851,3334.26000000,0.00190000,3334.2
1749262851,3334.30000000,0.00510000,3334.2
1749262851,3334.32000000,0.00300000,3334.2
1749262851,3334.33000000,0.00310000,3334.2
1749262851,3334.38000000,0.14120000,3334.2
1749262851,3334.40000000,0.24130000,3334.2
1749262851,3334.43000000,0.22700000,3334.2
1749262851,3334.45000000,0.00310000,3334.2
1749262851,3334.49000000,0.13720000,3334.2
1749262851,3334.55000000,0.14430000,3334.2
1749262851,3334.56000000,0.14240000,3334.2
1749262851,3334.58000000,0.09460000,3334.2
1749262851,3334.59000000,0.29960000,3334.2
1749262851,3334.60000000,0.11880000,3334.2
1749262851,3334.61000000,0.00310000,3334.2
1749262851,3334.62000000,0.44530000,3334.2
1749262851,3334.63000000,0.01150000,3334.2
1749262851,3334.69000000,0.10040000,3334.2
1749262851,3334.70000000,0.00310000,3334.2
1749262851,3334.72000000,0.00300000,3334.2
1749262851,3334.73000000,0.08340000,3334.2
1749262851,3334.76000000,0.39600000,3334.2
1749262851,3334.81000000,0.01060000,3334.2
1749262851,3334.87000000,0.09730000,3334.2
1749262851,3334.88000000,0.08010000,3334.2
1749262851,3334.91000000,0.00310000,3334.2
1749262851,3334.96000000,0.11730000,3334.2
1749262851,3334.98000000,0.33440000,3334.2
1749262851,3334.99000000,0.44530000,3334.2
1749262851,3335.00000000,30.01270000,3334.2
1749262851,3335.02000000,0.00240000,3334.2
1749262851,3335.05000000,0.02640000,3334.2
1749262851,3335.07000000,0.00310000,3334.2
1749262851,3335.08000000,0.00250000,3334.2
1749262851,3335.09000000,0.01150000,3334.2
1749262851,3335.12000000,0.00880000,3334.2
1749262851,3335.15000000,0.40110000,3334.2
1749262851,3335.17000000,0.00610000,3334.2
1749262851,3335.25000000,0.00190000,3334.2
1749262851,3335.26000000,0.00310000,3334.2
1749262851,3335.33000000,0.31540000,3334.2
1749262851,3335.37000000,0.00310000,3334.2
1749262851,3335.40000000,0.11100000,3334.2
1749262851,3335.47000000,0.08270000,3334.2
1749262851,3335.56000000,0.00310000,3334.2
1749262851,3335.59000000,0.00880000,3334.2
1749262851,3335.61000000,0.01150000,3334.2
1749262851,3335.65000000,0.44720000,3334.2
1749262851,3335.66000000,0.00820000,3334.2
1749262851,3335.68000000,0.00300000,3334.2
1749262851,3335.72000000,0.08790000,3334.2
1749262851,3335.74000000,0.39600000,3334.2
1749262851,3335.75000000,0.00310000,3334.2
1749262851,3335.89000000,0.01980000,3334.2
1749262851,3335.90000000,0.01190000,3334.2
1749262851,3336.01000000,0.00310000,3334.2
1749262851,3336.08000000,0.98980000,3334.2
1749262851,3336.12000000,0.00310000,3334.2
1749262851,3336.18000000,0.01150000,3334.2
1749262851,3336.21000000,0.00310000,3334.2
1749262851,3336.22000000,0.00510000,3334.2
1749262851,3336.23000000,0.00750000,3334.2
1749262851,3336.24000000,0.00300000,3334.2
1749262851,3336.25000000,0.09660000,3334.2
1749262851,3336.27000000,0.44530000,3334.2
1749262851,3336.30000000,0.00250000,3334.2
1749262851,3336.32000000,0.00310000,3334.2
1749262851,3336.42000000,0.39600000,3334.2
1749262851,3336.43000000,0.01980000,3334.2
1749262851,3336.44000000,0.00310000,3334.2
1749262851,3336.51000000,0.00250000,3334.2
1749262851,3336.52000000,0.00310000,3334.2
1749262851,3336.60000000,0.02500000,3334.2
1749262851,3336.61000000,0.00310000,3334.2
1749262851,3336.64000000,0.00880000,3334.2
1749262851,3336.69000000,0.88260000,3334.2
1749262851,3336.71000000,0.00310000,3334.2
1749262851,3336.75000000,0.44530000,3334.2
1749262851,3336.77000000,0.88510000,3334.2
1749262851,3336.78000000,0.39600000,3334.2
1749262851,3336.84000000,0.00310000,3334.2
1749262851,3336.93000000,0.00310000,3334.2
1749262851,3336.96000000,1.76520000,3334.2
1749262851,3336.97000000,0.28270000,3334.2
1749262851,3336.98000000,0.88260000,3334.2
1749262851,3337.02000000,0.00310000,3334.2
1749262851,3337.04000000,0.88260000,3334.2
1749262851,3337.07000000,0.00880000,3334.2
1749262851,3337.08000000,0.00250000,3334.2
1749262851,3337.09000000,1.76520000,3334.2
1749262851,3337.13000000,0.88260000,3334.2
1749262851,3337.14000000,0.88260000,3334.2
1749262851,3337.15000000,0.59380000,3334.2
1749262851,3337.16000000,0.44530000,3334.2
1749262851,3337.18000000,0.00310000,3334.2
1749262851,3337.23000000,0.88260000,3334.2
1749263152,3333.96000000,1.35740000,3333.96
1749263152,3334.00000000,0.13630000,3333.96
1749263152,3334.03000000,0.15020000,3333.96
1749263152,3334.08000000,0.07970000,3333.96
1749263152,3334.13000000,0.29960000,3333.96
1749263152,3334.19000000,0.39640000,3333.96
1749263152,3334.20000000,0.19280000,3333.96
1749263152,3334.23000000,0.78870000,3333.96
1749263152,3334.24000000,0.00190000,3333.96
1749263152,3334.26000000,0.00190000,3333.96
1749263152,3334.30000000,0.40110000,3333.96
1749263152,3334.32000000,0.00300000,3333.96
1749263152,3334.33000000,0.00310000,3333.96
1749263152,3334.38000000,0.14120000,3333.96
1749263152,3334.40000000,0.13460000,3333.96
1749263152,3334.41000000,0.01500000,3333.96
1749263152,3334.45000000,0.00310000,3333.96
1749263152,3334.49000000,0.13720000,3333.96
1749263152,3334.55000000,0.14430000,3333.96
1749263152,3334.56000000,0.14240000,3333.96
1749263152,3334.59000000,0.44530000,3333.96
1749263152,3334.60000000,0.11880000,3333.96
1749263152,3334.61000000,0.00310000,3333.96
1749263152,3334.63000000,0.01150000,3333.96
1749263152,3334.69000000,0.10040000,3333.96
1749263152,3334.70000000,0.00310000,3333.96
1749263152,3334.72000000,0.00300000,3333.96
1749263152,3334.73000000,0.08340000,3333.96
1749263152,3334.76000000,0.72850000,3333.96
1749263152,3334.81000000,0.01060000,3333.96
1749263152,3334.87000000,0.09730000,3333.96
1749263152,3334.88000000,0.08010000,3333.96
1749263152,3334.91000000,0.00310000,3333.96
1749263152,3334.95000000,0.44530000,3333.96
1749263152,3334.96000000,0.09750000,3333.96
1749263152,3335.00000000,30.01270000,3333.96
1749263152,3335.01000000,0.00660000,3333.96
1749263152,3335.02000000,0.05100000,3333.96
1749263152,3335.05000000,0.02640000,3333.96
1749263152,3335.07000000,0.00310000,3333.96
1749263152,3335.08000000,0.00470000,3333.96
1749263152,3335.09000000,0.02770000,3333.96
1749263152,3335.10000000,0.18610000,3333.96
1749263152,3335.12000000,0.00880000,3333.96
1749263152,3335.15000000,0.40110000,3333.96
1749263152,3335.17000000,0.00610000,3333.96
1749263152,3335.25000000,0.00190000,3333.96
1749263152,3335.26000000,0.00310000,3333.96
1749263152,3335.29000000,0.44750000,3333.96
1749263152,3335.30000000,0.01620000,3333.96
1749263152,3335.33000000,0.11300000,3333.96
1749263152,3335.37000000,0.00310000,3333.96
1749263152,3335.40000000,0.09120000,3333.96
1749263152,3335.47000000,0.08270000,3333.96
1749263152,3335.55000000,0.00220000,3333.96
1749263152,3335.56000000,0.01930000,3333.96
1749263152,3335.58000000,0.08790000,3333.96
1749263152,3335.59000000,0.00880000,3333.96
1749263152,3335.61000000,0.01150000,3333.96
1749263152,3335.65000000,0.44720000,3333.96
1749263152,3335.66000000,0.00820000,3333.96
1749263152,3335.68000000,0.00300000,3333.96
1749263152,3335.74000000,0.39600000,3333.96
1749263152,3335.75000000,0.00310000,3333.96
1749263152,3335.85000000,0.00220000,3333.96
1749263152,3335.86000000,0.01620000,3333.96
1749263152,3335.90000000,0.01190000,3333.96
1749263152,3336.01000000,0.00310000,3333.96
1749263152,3336.08000000,0.98980000,3333.96
1749263152,3336.12000000,0.00310000,3333.96
1749263152,3336.16000000,0.08780000,3333.96
1749263152,3336.18000000,0.01150000,3333.96
1749263152,3336.20000000,0.00220000,3333.96
1749263152,3336.21000000,0.01930000,3333.96
1749263152,3336.22000000,0.00510000,3333.96
1749263152,3336.24000000,0.00300000,3333.96
1749263152,3336.25000000,0.00880000,3333.96
1749263152,3336.27000000,0.44530000,3333.96
1749263152,3336.32000000,0.00310000,3333.96
1749263152,3336.42000000,0.39600000,3333.96
1749263152,3336.44000000,0.00310000,3333.96
1749263152,3336.52000000,0.00310000,3333.96
1749263152,3336.59000000,0.00220000,3333.96
1749263152,3336.60000000,0.04120000,3333.96
1749263152,3336.61000000,0.00310000,3333.96
1749263152,3336.64000000,0.00880000,3333.96
1749263152,3336.71000000,0.00310000,3333.96
1749263152,3336.75000000,0.44530000,3333.96
1749263152,3336.78000000,0.39600000,3333.96
1749263152,3336.84000000,0.00310000,3333.96
1749263152,3336.93000000,0.00310000,3333.96
1749263152,3337.01000000,0.88350000,3333.96
1749263152,3337.02000000,1.77230000,3333.96
1749263152,3337.03000000,0.01620000,3333.96
1749263152,3337.07000000,0.00880000,3333.96
1749263152,3337.13000000,2.65050000,3333.96
1749263152,3337.14000000,0.88350000,3333.96
1749263152,3337.15000000,1.47730000,3333.96
1749263152,3337.16000000,0.86460000,3333.96
1749263152,3337.18000000,0.00310000,3333.96
1749263458,3333.54000000,0.87240000,3333.53
1749263458,3333.60000000,0.13630000,3333.53
1749263458,3333.61000000,0.14340000,3333.53
1749263458,3333.68000000,0.20260000,3333.53
1749263458,3333.75000000,0.06860000,3333.53
1749263458,3333.80000000,0.22460000,3333.53
1749263458,3333.84000000,0.07600000,3333.53
1749263458,3333.90000000,0.37570000,3333.53
1749263458,3333.95000000,0.39600000,3333.53
1749263458,3333.96000000,0.12020000,3333.53
1749263458,3334.00000000,0.13630000,3333.53
1749263458,3334.01000000,0.00310000,3333.53
1749263458,3334.02000000,0.07590000,3333.53
1749263458,3334.03000000,0.15020000,3333.53
1749263458,3334.06000000,0.32510000,3333.53
1749263458,3334.08000000,0.07970000,3333.53
1749263458,3334.13000000,0.12660000,3333.53
1749263458,3334.18000000,0.44840000,3333.53
1749263458,3334.19000000,0.07140000,3333.53
1749263458,3334.20000000,0.09990000,3333.53
1749263458,3334.23000000,0.78870000,3333.53
1749263458,3334.24000000,0.00190000,3333.53
1749263458,3334.26000000,0.00190000,3333.53
1749263458,3334.30000000,0.39600000,3333.53
1749263458,3334.32000000,0.01380000,3333.53
1749263458,3334.33000000,0.00310000,3333.53
1749263458,3334.38000000,0.14480000,3333.53
1749263458,3334.40000000,0.13460000,3333.53
1749263458,3334.45000000,0.00310000,3333.53
1749263458,3334.49000000,0.13720000,3333.53
1749263458,3334.55000000,0.14430000,3333.53
1749263458,3334.56000000,0.14240000,3333.53
1749263458,3334.58000000,0.00360000,3333.53
1749263458,3334.59000000,0.44530000,3333.53
1749263458,3334.60000000,0.11880000,3333.53
1749263458,3334.61000000,0.00310000,3333.53
1749263458,3334.63000000,0.01150000,3333.53
1749263458,3334.69000000,0.09530000,3333.53
1749263458,3334.70000000,0.00310000,3333.53
1749263458,3334.72000000,0.00300000,3333.53
1749263458,3334.73000000,0.08340000,3333.53
1749263458,3334.74000000,0.18410000,3333.53
1749263458,3334.76000000,0.39600000,3333.53
1749263458,3334.81000000,0.01060000,3333.53
1749263458,3334.83000000,0.00360000,3333.53
1749263458,3334.87000000,0.09730000,3333.53
1749263458,3334.88000000,0.08010000,3333.53
1749263458,3334.91000000,0.00310000,3333.53
1749263458,3334.95000000,0.44530000,3333.53
1749263458,3334.96000000,0.09750000,3333.53
1749263458,3334.99000000,0.59380000,3333.53
1749263458,3335.00000000,30.01270000,3333.53
1749263458,3335.01000000,0.00660000,3333.53
1749263458,3335.02000000,0.05100000,3333.53
1749263458,3335.05000000,0.02640000,3333.53
1749263458,3335.07000000,0.00310000,3333.53
1749263458,3335.08000000,0.00470000,3333.53
1749263458,3335.09000000,0.02770000,3333.53
1749263458,3335.12000000,0.01240000,3333.53
1749263458,3335.15000000,0.39600000,3333.53
1749263458,3335.17000000,0.00610000,3333.53
1749263458,3335.24000000,0.08790000,3333.53
1749263458,3335.25000000,0.00190000,3333.53
1749263458,3335.26000000,0.00310000,3333.53
1749263458,3335.29000000,0.44750000,3333.53
1749263458,3335.30000000,0.01620000,3333.53
1749263458,3335.33000000,0.00880000,3333.53
1749263458,3335.37000000,0.00310000,3333.53
1749263458,3335.46000000,0.00360000,3333.53
1749263458,3335.47000000,0.00310000,3333.53
1749263458,3335.55000000,0.00220000,3333.53
1749263458,3335.56000000,0.01930000,3333.53
1749263458,3335.59000000,0.00880000,3333.53
1749263458,3335.61000000,0.01150000,3333.53
1749263458,3335.65000000,0.44720000,3333.53
1749263458,3335.66000000,0.00310000,3333.53
1749263458,3335.68000000,0.00300000,3333.53
1749263458,3335.74000000,0.39600000,3333.53
1749263458,3335.75000000,0.00310000,3333.53
1749263458,3335.78000000,0.08780000,3333.53
1749263458,3335.83000000,0.00360000,3333.53
1749263458,3335.85000000,0.00220000,3333.53
1749263458,3335.86000000,0.01620000,3333.53
1749263458,3335.90000000,0.01190000,3333.53
1749263458,3336.01000000,0.00310000,3333.53
1749263458,3336.08000000,0.98980000,3333.53
1749263458,3336.12000000,0.00310000,3333.53
1749263458,3336.18000000,0.01150000,3333.53
1749263458,3336.20000000,0.00220000,3333.53
1749263458,3336.21000000,0.01930000,3333.53
1749263458,3336.24000000,0.00660000,3333.53
1749263458,3336.25000000,0.00880000,3333.53
1749263458,3336.27000000,0.44530000,3333.53
1749263458,3336.32000000,0.00310000,3333.53
1749263458,3336.41000000,1.76700000,3333.53
1749263458,3336.42000000,0.39600000,3333.53
1749263458,3336.44000000,0.00310000,3333.53
1749263458,3336.52000000,0.00310000,3333.53
1749263458,3336.59000000,1.76920000,3333.53
1749263458,3336.60000000,0.89970000,3333.53
1749263760,3333.61000000,0.90910000,3333.6
1749263760,3333.67000000,0.07580000,3333.6
1749263760,3333.73000000,0.07580000,3333.6
1749263760,3333.76000000,0.22400000,3333.6
1749263760,3333.80000000,0.21780000,3333.6
1749263760,3333.81000000,0.14060000,3333.6
1749263760,3333.87000000,0.07510000,3333.6
1749263760,3333.94000000,0.14060000,3333.6
1749263760,3333.95000000,0.39600000,3333.6
1749263760,3334.00000000,0.08730000,3333.6
1749263760,3334.01000000,0.00310000,3333.6
1749263760,3334.07000000,0.08840000,3333.6
1749263760,3334.08000000,0.07970000,3333.6
1749263760,3334.13000000,0.12660000,3333.6
1749263760,3334.15000000,0.44530000,3333.6
1749263760,3334.19000000,0.07140000,3333.6
1749263760,3334.20000000,0.19110000,3333.6
1749263760,3334.21000000,0.00310000,3333.6
1749263760,3334.23000000,0.78870000,3333.6
1749263760,3334.24000000,0.00190000,3333.6
1749263760,3334.26000000,0.00190000,3333.6
1749263760,3334.32000000,0.01380000,3333.6
1749263760,3334.33000000,0.00310000,3333.6
1749263760,3334.34000000,0.39600000,3333.6
1749263760,3334.35000000,0.32770000,3333.6
1749263760,3334.38000000,0.14480000,3333.6
1749263760,3334.40000000,0.12940000,3333.6
1749263760,3334.45000000,0.00310000,3333.6
1749263760,3334.49000000,0.13720000,3333.6
1749263760,3334.55000000,0.14430000,3333.6
1749263760,3334.56000000,0.14240000,3333.6
1749263760,3334.58000000,0.00360000,3333.6
1749263760,3334.59000000,0.44530000,3333.6
1749263760,3334.60000000,0.11880000,3333.6
1749263760,3334.61000000,0.00310000,3333.6
1749263760,3334.63000000,0.01150000,3333.6
1749263760,3334.69000000,0.09530000,3333.6
1749263760,3334.70000000,0.00310000,3333.6
1749263760,3334.72000000,0.00300000,3333.6
1749263760,3334.73000000,0.08340000,3333.6
1749263760,3334.74000000,0.16180000,3333.6
1749263760,3334.76000000,0.39600000,3333.6
1749263760,3334.81000000,0.01060000,3333.6
1749263760,3334.83000000,0.07510000,3333.6
1749263760,3334.87000000,0.09730000,3333.6
1749263760,3334.88000000,0.08010000,3333.6
1749263760,3334.91000000,0.00310000,3333.6
1749263760,3334.95000000,0.44530000,3333.6
1749263760,3334.96000000,0.09750000,3333.6
1749263760,3335.00000000,30.01270000,3333.6
1749263760,3335.01000000,0.00660000,3333.6
1749263760,3335.02000000,0.05100000,3333.6
1749263760,3335.05000000,0.02640000,3333.6
1749263760,3335.07000000,0.00310000,3333.6
1749263760,3335.08000000,0.00470000,3333.6
1749263760,3335.09000000,0.02770000,3333.6
1749263760,3335.12000000,0.01240000,3333.6
1749263760,3335.15000000,0.39600000,3333.6
1749263760,3335.17000000,0.00610000,3333.6
1749263760,3335.25000000,0.00190000,3333.6
1749263760,3335.26000000,0.00310000,3333.6
1749263760,3335.29000000,0.44750000,3333.6
1749263760,3335.30000000,0.01620000,3333.6
1749263760,3335.33000000,0.00880000,3333.6
1749263760,3335.37000000,0.00310000,3333.6
1749263760,3335.46000000,0.00360000,3333.6
1749263760,3335.47000000,0.00310000,3333.6
1749263760,3335.55000000,0.00220000,3333.6
1749263760,3335.56000000,0.01930000,3333.6
1749263760,3335.59000000,0.00880000,3333.6
1749263760,3335.61000000,0.01150000,3333.6
1749263760,3335.65000000,0.44720000,3333.6
1749263760,3335.66000000,0.00310000,3333.6
1749263760,3335.68000000,0.09090000,3333.6
1749263760,3335.74000000,0.39600000,3333.6
1749263760,3335.75000000,0.00310000,3333.6
1749263760,3335.83000000,0.00360000,3333.6
1749263760,3335.85000000,0.00220000,3333.6
1749263760,3335.86000000,0.10400000,3333.6
1749263760,3335.90000000,0.01190000,3333.6
1749263760,3336.01000000,0.00310000,3333.6
1749263760,3336.08000000,0.98980000,3333.6
1749263760,3336.12000000,0.00310000,3333.6
1749263760,3336.18000000,0.01150000,3333.6
1749263760,3336.20000000,0.00220000,3333.6
1749263760,3336.21000000,0.01930000,3333.6
1749263760,3336.24000000,0.00660000,3333.6
1749263760,3336.25000000,0.00880000,3333.6
1749263760,3336.26000000,0.87950000,3333.6
1749263760,3336.27000000,0.44530000,3333.6
1749263760,3336.32000000,0.00310000,3333.6
1749263760,3336.41000000,2.63850000,3333.6
1749263760,3336.42000000,0.39600000,3333.6
1749263760,3336.44000000,0.00310000,3333.6
1749263760,3336.52000000,0.00310000,3333.6
1749263760,3336.57000000,1.75900000,3333.6
1749263760,3336.58000000,1.75700000,3333.6
1749263760,3336.59000000,1.75920000,3333.6
1749263760,3336.60000000,0.01620000,3333.6
1749263760,3336.61000000,0.00310000,3333.6
1749264061,3334.20000000,0.49590000,3333.91
1749264061,3334.23000000,0.78870000,3333.91
1749264061,3334.24000000,0.00190000,3333.91
1749264061,3334.26000000,0.00190000,3333.91
1749264061,3334.30000000,0.00440000,3333.91
1749264061,3334.32000000,0.01380000,3333.91
1749264061,3334.38000000,0.01020000,3333.91
1749264061,3334.39000000,0.00540000,3333.91
1749264061,3334.40000000,0.12940000,3333.91
1749264061,3334.43000000,0.19830000,3333.91
1749264061,3334.45000000,0.00490000,3333.91
1749264061,3334.52000000,0.18040000,3333.91
1749264061,3334.55000000,0.14430000,3333.91
1749264061,3334.56000000,0.14240000,3333.91
1749264061,3334.58000000,0.00360000,3333.91
1749264061,3334.59000000,0.45470000,3333.91
1749264061,3334.60000000,0.11880000,3333.91
1749264061,3334.61000000,0.00310000,3333.91
1749264061,3334.66000000,0.11120000,3333.91
1749264061,3334.69000000,0.09530000,3333.91
1749264061,3334.70000000,0.00310000,3333.91
1749264061,3334.72000000,0.00300000,3333.91
1749264061,3334.73000000,0.08340000,3333.91
1749264061,3334.76000000,0.39600000,3333.91
1749264061,3334.79000000,0.00940000,3333.91
1749264061,3334.81000000,0.00310000,3333.91
1749264061,3334.83000000,0.07510000,3333.91
1749264061,3334.87000000,0.09480000,3333.91
1749264061,3334.88000000,0.00190000,3333.91
1749264061,3334.91000000,0.11250000,3333.91
1749264061,3334.94000000,0.32150000,3333.91
1749264061,3334.95000000,0.44530000,3333.91
1749264061,3335.00000000,30.01270000,3333.91
1749264061,3335.01000000,0.00660000,3333.91
1749264061,3335.02000000,0.05100000,3333.91
1749264061,3335.04000000,0.00940000,3333.91
1749264061,3335.05000000,0.02640000,3333.91
1749264061,3335.07000000,0.00310000,3333.91
1749264061,3335.08000000,0.00220000,3333.91
1749264061,3335.09000000,0.01620000,3333.91
1749264061,3335.12000000,0.01240000,3333.91
1749264061,3335.15000000,0.39600000,3333.91
1749264061,3335.17000000,0.00610000,3333.91
1749264061,3335.25000000,0.00190000,3333.91
1749264061,3335.26000000,0.00310000,3333.91
1749264061,3335.29000000,0.44750000,3333.91
1749264061,3335.30000000,0.01620000,3333.91
1749264061,3335.33000000,0.00880000,3333.91
1749264061,3335.34000000,0.00940000,3333.91
1749264061,3335.37000000,0.09880000,3333.91
1749264061,3335.42000000,0.16260000,3333.91
1749264061,3335.46000000,0.12660000,3333.91
1749264061,3335.47000000,0.00310000,3333.91
1749264061,3335.55000000,0.12520000,3333.91
1749264061,3335.56000000,0.01930000,3333.91
1749264061,3335.59000000,0.00880000,3333.91
1749264061,3335.61000000,0.08790000,3333.91
1749264061,3335.65000000,0.44720000,3333.91
1749264061,3335.66000000,0.00310000,3333.91
1749264061,3335.68000000,0.01240000,3333.91
1749264061,3335.74000000,0.39600000,3333.91
1749264061,3335.75000000,0.00310000,3333.91
1749264061,3335.83000000,0.00360000,3333.91
1749264061,3335.85000000,0.00220000,3333.91
1749264061,3335.86000000,0.01620000,3333.91
1749264061,3335.90000000,0.01190000,3333.91
1749264061,3336.01000000,0.00310000,3333.91
1749264061,3336.05000000,0.00940000,3333.91
1749264061,3336.08000000,0.98980000,3333.91
1749264061,3336.12000000,0.00310000,3333.91
1749264061,3336.17000000,0.08780000,3333.91
1749264061,3336.20000000,0.00220000,3333.91
1749264061,3336.21000000,0.01930000,3333.91
1749264061,3336.24000000,0.00660000,3333.91
1749264061,3336.25000000,0.00880000,3333.91
1749264061,3336.27000000,0.44530000,3333.91
1749264061,3336.32000000,0.00310000,3333.91
1749264061,3336.42000000,0.39600000,3333.91
1749264061,3336.44000000,0.00310000,3333.91
1749264061,3336.47000000,0.00940000,3333.91
1749264061,3336.52000000,0.00310000,3333.91
1749264061,3336.59000000,0.00220000,3333.91
1749264061,3336.60000000,0.01620000,3333.91
1749264061,3336.61000000,0.00310000,3333.91
1749264061,3336.64000000,0.00880000,3333.91
1749264061,3336.71000000,0.00310000,3333.91
1749264061,3336.74000000,0.88050000,3333.91
1749264061,3336.75000000,0.44530000,3333.91
1749264061,3336.77000000,0.88050000,3333.91
1749264061,3336.78000000,1.27650000,3333.91
1749264061,3336.84000000,0.00310000,3333.91
1749264061,3336.86000000,0.88050000,3333.91
1749264061,3336.87000000,0.88050000,3333.91
1749264061,3336.93000000,0.00310000,3333.91
1749264061,3337.00000000,0.88050000,3333.91
1749264061,3337.01000000,0.88050000,3333.91
1749264061,3337.02000000,0.88580000,3333.91
1749264061,3337.03000000,2.06190000,3333.91
1749264061,3337.07000000,0.00880000,3333.91
1749264061,3337.11000000,0.88050000,3333.91
1749264368,3334.32000000,1.36080000,3334.32
1749264368,3334.37000000,0.00220000,3334.32
1749264368,3334.38000000,0.25340000,3334.32
1749264368,3334.39000000,0.00540000,3334.32
1749264368,3334.40000000,0.16620000,3334.32
1749264368,3334.45000000,0.29320000,3334.32
1749264368,3334.52000000,0.31960000,3334.32
1749264368,3334.53000000,0.01500000,3334.32
1749264368,3334.55000000,0.00190000,3334.32
1749264368,3334.57000000,0.00220000,3334.32
1749264368,3334.58000000,0.25340000,3334.32
1749264368,3334.59000000,0.00940000,3334.32
1749264368,3334.60000000,0.11880000,3334.32
1749264368,3334.61000000,0.24020000,3334.32
1749264368,3334.66000000,0.50760000,3334.32
1749264368,3334.70000000,0.00310000,3334.32
1749264368,3334.72000000,0.25280000,3334.32
1749264368,3334.76000000,0.39600000,3334.32
1749264368,3334.78000000,0.47100000,3334.32
1749264368,3334.79000000,0.31420000,3334.32
1749264368,3334.80000000,0.13570000,3334.32
1749264368,3334.81000000,0.00310000,3334.32
1749264368,3334.83000000,0.00360000,3334.32
1749264368,3334.87000000,0.32480000,3334.32
1749264368,3334.88000000,0.00190000,3334.32
1749264368,3334.91000000,0.11250000,3334.32
1749264368,3334.95000000,0.37580000,3334.32
1749264368,3334.98000000,0.44530000,3334.32
1749264368,3334.99000000,0.24980000,3334.32
1749264368,3335.00000000,30.01270000,3334.32
1749264368,3335.01000000,0.00660000,3334.32
1749264368,3335.02000000,0.05100000,3334.32
1749264368,3335.04000000,0.00940000,3334.32
1749264368,3335.05000000,0.02640000,3334.32
1749264368,3335.07000000,0.00310000,3334.32
1749264368,3335.08000000,0.00220000,3334.32
1749264368,3335.09000000,0.01620000,3334.32
1749264368,3335.12000000,0.01240000,3334.32
1749264368,3335.13000000,0.33260000,3334.32
1749264368,3335.15000000,0.39600000,3334.32
1749264368,3335.17000000,0.00610000,3334.32
1749264368,3335.25000000,0.47430000,3334.32
1749264368,3335.26000000,0.00310000,3334.32
1749264368,3335.29000000,0.00220000,3334.32
1749264368,3335.30000000,0.30760000,3334.32
1749264368,3335.32000000,0.44530000,3334.32
1749264368,3335.33000000,0.00880000,3334.32
1749264368,3335.34000000,0.00940000,3334.32
1749264368,3335.37000000,0.00310000,3334.32
1749264368,3335.45000000,0.16160000,3334.32
1749264368,3335.46000000,0.00360000,3334.32
1749264368,3335.47000000,0.00310000,3334.32
1749264368,3335.55000000,0.00220000,3334.32
1749264368,3335.56000000,0.01930000,3334.32
1749264368,3335.59000000,0.00880000,3334.32
1749264368,3335.65000000,0.00190000,3334.32
1749264368,3335.66000000,0.44840000,3334.32
1749264368,3335.68000000,0.01240000,3334.32
1749264368,3335.74000000,0.39600000,3334.32
1749264368,3335.75000000,0.00310000,3334.32
1749264368,3335.83000000,0.00360000,3334.32
1749264368,3335.85000000,0.00220000,3334.32
1749264368,3335.86000000,0.01620000,3334.32
1749264368,3335.90000000,0.01190000,3334.32
1749264368,3336.01000000,0.00310000,3334.32
1749264368,3336.05000000,0.00940000,3334.32
1749264368,3336.08000000,0.39600000,3334.32
1749264368,3336.12000000,0.00310000,3334.32
1749264368,3336.13000000,0.08790000,3334.32
1749264368,3336.20000000,0.00220000,3334.32
1749264368,3336.21000000,0.01930000,3334.32
1749264368,3336.24000000,0.00660000,3334.32
1749264368,3336.25000000,0.00880000,3334.32
1749264368,3336.27000000,0.44530000,3334.32
1749264368,3336.30000000,0.08780000,3334.32
1749264368,3336.32000000,0.00310000,3334.32
1749264368,3336.42000000,0.39600000,3334.32
1749264368,3336.44000000,0.00310000,3334.32
1749264368,3336.47000000,0.00940000,3334.32
1749264368,3336.52000000,0.00310000,3334.32
1749264368,3336.59000000,0.00220000,3334.32
1749264368,3336.60000000,0.01620000,3334.32
1749264368,3336.61000000,0.00310000,3334.32
1749264368,3336.64000000,0.00880000,3334.32
1749264368,3336.71000000,0.00310000,3334.32
1749264368,3336.75000000,0.44530000,3334.32
1749264368,3336.78000000,0.39600000,3334.32
1749264368,3336.84000000,0.00310000,3334.32
1749264368,3336.93000000,0.00310000,3334.32
1749264368,3337.01000000,1.75900000,3334.32
1749264368,3337.02000000,0.88480000,3334.32
1749264368,3337.03000000,0.01620000,3334.32
1749264368,3337.07000000,0.00880000,3334.32
1749264368,3337.12000000,0.87950000,3334.32
1749264368,3337.13000000,0.87950000,3334.32
1749264368,3337.14000000,0.87950000,3334.32
1749264368,3337.15000000,3.23230000,3334.32
1749264368,3337.16000000,0.44530000,3334.32
1749264368,3337.18000000,0.00310000,3334.32
1749264368,3337.22000000,1.75900000,3334.32
1749264669,3334.79000000,0.00940000,3334.71
1749264669,3334.80000000,0.13570000,3334.71
1749264669,3334.83000000,0.00360000,3334.71
1749264669,3334.88000000,0.25600000,3334.71
1749264669,3334.99000000,0.24980000,3334.71
1749264669,3335.00000000,30.01270000,3334.71
1749264669,3335.01000000,0.00660000,3334.71
1749264669,3335.02000000,0.05100000,3334.71
1749264669,3335.04000000,0.00940000,3334.71
1749264669,3335.05000000,0.02640000,3334.71
1749264669,3335.07000000,0.23350000,3334.71
1749264669,3335.08000000,0.00220000,3334.71
1749264669,3335.09000000,0.01620000,3334.71
1749264669,3335.12000000,0.01240000,3334.71
1749264669,3335.15000000,0.40230000,3334.71
1749264669,3335.16000000,0.32830000,3334.71
1749264669,3335.17000000,0.00310000,3334.71
1749264669,3335.19000000,0.29960000,3334.71
1749264669,3335.20000000,0.18170000,3334.71
1749264669,3335.25000000,0.47430000,3334.71
1749264669,3335.26000000,0.00310000,3334.71
1749264669,3335.29000000,0.00220000,3334.71
1749264669,3335.30000000,0.01620000,3334.71
1749264669,3335.33000000,0.34210000,3334.71
1749264669,3335.34000000,0.00940000,3334.71
1749264669,3335.35000000,0.00690000,3334.71
1749264669,3335.37000000,0.00310000,3334.71
1749264669,3335.42000000,0.25100000,3334.71
1749264669,3335.45000000,0.91490000,3334.71
1749264669,3335.46000000,0.00360000,3334.71
1749264669,3335.47000000,0.00310000,3334.71
1749264669,3335.55000000,0.00220000,3334.71
1749264669,3335.56000000,0.01930000,3334.71
1749264669,3335.59000000,0.00880000,3334.71
1749264669,3335.62000000,0.34430000,3334.71
1749264669,3335.64000000,0.25280000,3334.71
1749264669,3335.65000000,0.39950000,3334.71
1749264669,3335.66000000,0.00310000,3334.71
1749264669,3335.68000000,0.00940000,3334.71
1749264669,3335.74000000,0.39600000,3334.71
1749264669,3335.75000000,0.00310000,3334.71
1749264669,3335.83000000,0.00360000,3334.71
1749264669,3335.85000000,0.00220000,3334.71
1749264669,3335.86000000,0.01620000,3334.71
1749264669,3335.90000000,0.01190000,3334.71
1749264669,3335.91000000,0.00230000,3334.71
1749264669,3335.93000000,0.44530000,3334.71
1749264669,3336.01000000,0.00310000,3334.71
1749264669,3336.05000000,0.00940000,3334.71
1749264669,3336.08000000,0.39600000,3334.71
1749264669,3336.12000000,0.00310000,3334.71
1749264669,3336.20000000,0.00220000,3334.71
1749264669,3336.21000000,0.01930000,3334.71
1749264669,3336.22000000,0.00230000,3334.71
1749264669,3336.24000000,0.00360000,3334.71
1749264669,3336.25000000,0.00880000,3334.71
1749264669,3336.27000000,0.44530000,3334.71
1749264669,3336.32000000,0.00310000,3334.71
1749264669,3336.36000000,0.08790000,3334.71
1749264669,3336.42000000,0.39600000,3334.71
1749264669,3336.44000000,0.00310000,3334.71
1749264669,3336.47000000,0.00940000,3334.71
1749264669,3336.50000000,0.08780000,3334.71
1749264669,3336.52000000,0.00310000,3334.71
1749264669,3336.58000000,0.00230000,3334.71
1749264669,3336.59000000,0.00220000,3334.71
1749264669,3336.60000000,0.01620000,3334.71
1749264669,3336.61000000,0.00310000,3334.71
1749264669,3336.64000000,0.00880000,3334.71
1749264669,3336.71000000,0.00310000,3334.71
1749264669,3336.75000000,0.44530000,3334.71
1749264669,3336.78000000,0.39600000,3334.71
1749264669,3336.84000000,0.00310000,3334.71
1749264669,3336.93000000,0.00310000,3334.71
1749264669,3336.98000000,0.00230000,3334.71
1749264669,3337.02000000,0.00530000,3334.71
1749264669,3337.03000000,0.89570000,3334.71
1749264669,3337.07000000,0.00880000,3334.71
1749264669,3337.13000000,0.87950000,3334.71
1749264669,3337.14000000,0.87950000,3334.71
1749264669,3337.15000000,0.59380000,3334.71
1749264669,3337.16000000,0.44530000,3334.71
1749264669,3337.18000000,0.00310000,3334.71
1749264669,3337.20000000,0.87950000,3334.71
1749264669,3337.21000000,0.87950000,3334.71
1749264669,3337.22000000,1.75900000,3334.71
1749264669,3337.24000000,0.39600000,3334.71
1749264669,3337.28000000,0.00310000,3334.71
1749264669,3337.41000000,0.00310000,3334.71
1749264669,3337.43000000,0.00230000,3334.71
1749264669,3337.52000000,2.63850000,3334.71
1749264669,3337.53000000,4.39750000,3334.71
1749264669,3337.56000000,0.00310000,3334.71
1749264669,3337.58000000,0.39600000,3334.71
1749264669,3337.64000000,0.44530000,3334.71
1749264669,3337.65000000,0.00310000,3334.71
1749264669,3337.76000000,0.00310000,3334.71
1749264669,3337.84000000,1.75900000,3334.71
1749264669,3337.85000000,3.51800000,3334.71
1749264669,3337.86000000,0.28270000,3334.71
1749264971,3335.00000000,29.70170000,3334.99
1749264971,3335.01000000,0.00660000,3334.99
1749264971,3335.02000000,0.04860000,3334.99
1749264971,3335.04000000,0.00940000,3334.99
1749264971,3335.05000000,0.02640000,3334.99
1749264971,3335.08000000,0.00220000,3334.99
1749264971,3335.09000000,0.01620000,3334.99
1749264971,3335.12000000,0.01240000,3334.99
1749264971,3335.15000000,0.00630000,3334.99
1749264971,3335.17000000,0.00310000,3334.99
1749264971,3335.22000000,0.30630000,3334.99
1749264971,3335.25000000,0.67140000,3334.99
1749264971,3335.26000000,0.00310000,3334.99
1749264971,3335.29000000,0.00220000,3334.99
1749264971,3335.30000000,0.26540000,3334.99
1749264971,3335.33000000,0.73810000,3334.99
1749264971,3335.34000000,0.00940000,3334.99
1749264971,3335.35000000,0.00690000,3334.99
1749264971,3335.37000000,0.00310000,3334.99
1749264971,3335.41000000,0.33330000,3334.99
1749264971,3335.42000000,0.25100000,3334.99
1749264971,3335.45000000,0.76910000,3334.99
1749264971,3335.46000000,0.00360000,3334.99
1749264971,3335.47000000,0.00310000,3334.99
1749264971,3335.54000000,0.25300000,3334.99
1749264971,3335.55000000,0.33550000,3334.99
1749264971,3335.56000000,0.01930000,3334.99
1749264971,3335.59000000,0.00880000,3334.99
1749264971,3335.62000000,0.29220000,3334.99
1749264971,3335.64000000,0.25280000,3334.99
1749264971,3335.65000000,0.00190000,3334.99
1749264971,3335.66000000,0.00310000,3334.99
1749264971,3335.68000000,0.00940000,3334.99
1749264971,3335.74000000,0.64600000,3334.99
1749264971,3335.75000000,0.00310000,3334.99
1749264971,3335.83000000,0.00360000,3334.99
1749264971,3335.85000000,0.00220000,3334.99
1749264971,3335.86000000,0.01620000,3334.99
1749264971,3335.89000000,0.00220000,3334.99
1749264971,3335.90000000,0.01190000,3334.99
1749264971,3335.91000000,0.00230000,3334.99
1749264971,3335.99000000,0.32170000,3334.99
1749264971,3336.00000000,0.65330000,3334.99
1749264971,3336.01000000,0.00310000,3334.99
1749264971,3336.05000000,0.00940000,3334.99
1749264971,3336.08000000,0.39600000,3334.99
1749264971,3336.12000000,0.00310000,3334.99
1749264971,3336.20000000,0.00220000,3334.99
1749264971,3336.21000000,0.01930000,3334.99
1749264971,3336.22000000,0.00230000,3334.99
1749264971,3336.24000000,0.00360000,3334.99
1749264971,3336.25000000,0.00880000,3334.99
1749264971,3336.29000000,0.08790000,3334.99
1749264971,3336.32000000,0.00310000,3334.99
1749264971,3336.41000000,0.44530000,3334.99
1749264971,3336.42000000,0.39600000,3334.99
1749264971,3336.44000000,0.00310000,3334.99
1749264971,3336.47000000,0.00940000,3334.99
1749264971,3336.52000000,0.00310000,3334.99
1749264971,3336.58000000,0.00230000,3334.99
1749264971,3336.59000000,0.00220000,3334.99
1749264971,3336.60000000,0.01620000,3334.99
1749264971,3336.61000000,0.00310000,3334.99
1749264971,3336.64000000,0.00880000,3334.99
1749264971,3336.71000000,0.00310000,3334.99
1749264971,3336.75000000,0.53310000,3334.99
1749264971,3336.78000000,0.39600000,3334.99
1749264971,3336.84000000,0.00310000,3334.99
1749264971,3336.93000000,0.00310000,3334.99
1749264971,3336.98000000,0.00230000,3334.99
1749264971,3337.02000000,0.00530000,3334.99
1749264971,3337.03000000,0.01620000,3334.99
1749264971,3337.07000000,0.00880000,3334.99
1749264971,3337.15000000,0.59380000,3334.99
1749264971,3337.16000000,0.44530000,3334.99
1749264971,3337.18000000,0.00310000,3334.99
1749264971,3337.24000000,0.39600000,3334.99
1749264971,3337.28000000,0.00310000,3334.99
1749264971,3337.41000000,0.00310000,3334.99
1749264971,3337.43000000,0.00230000,3334.99
1749264971,3337.50000000,1.75320000,3334.99
1749264971,3337.56000000,0.00310000,3334.99
1749264971,3337.58000000,0.39600000,3334.99
1749264971,3337.62000000,0.87660000,3334.99
1749264971,3337.64000000,0.44530000,3334.99
1749264971,3337.65000000,0.00310000,3334.99
1749264971,3337.76000000,0.00310000,3334.99
1749264971,3337.80000000,0.87660000,3334.99
1749264971,3337.83000000,0.87660000,3334.99
1749264971,3337.89000000,0.00310000,3334.99
1749264971,3337.92000000,0.87660000,3334.99
1749264971,3337.93000000,0.87660000,3334.99
1749264971,3337.95000000,0.39600000,3334.99
1749264971,3338.00000000,0.00830000,3334.99
1749264971,3338.01000000,0.00310000,3334.99
1749264971,3338.02000000,0.87660000,3334.99
1749264971,3338.03000000,0.87660000,3334.99
1749264971,3338.07000000,1.75220000,3334.99
1749264971,3338.08000000,1.17940000,3334.99
1749264971,3338.09000000,0.87660000,3334.99
1749265273,3335.22000000,1.99740000,3335.21
1749265273,3335.23000000,0.37580000,3335.21
1749265273,3335.27000000,0.01500000,3335.21
1749265273,3335.33000000,0.24320000,3335.21
1749265273,3335.34000000,0.00150000,3335.21
1749265273,3335.40000000,0.88770000,3335.21
1749265273,3335.44000000,0.17830000,3335.21
1749265273,3335.45000000,0.65910000,3335.21
1749265273,3335.50000000,0.17680000,3335.21
1749265273,3335.56000000,0.34860000,3335.21
1749265273,3335.59000000,0.25820000,3335.21
1749265273,3335.60000000,1.21620000,3335.21
1749265273,3335.64000000,0.00540000,3335.21
1749265273,3335.65000000,0.44530000,3335.21
1749265273,3335.66000000,0.39600000,3335.21
1749265273,3335.68000000,0.28820000,3335.21
1749265273,3335.70000000,0.33130000,3335.21
1749265273,3335.74000000,0.00310000,3335.21
1749265273,3335.78000000,0.33960000,3335.21
1749265273,3335.80000000,1.67820000,3335.21
1749265273,3335.83000000,0.38000000,3335.21
1749265273,3335.85000000,0.00220000,3335.21
1749265273,3335.86000000,0.01620000,3335.21
1749265273,3335.89000000,0.00220000,3335.21
1749265273,3335.90000000,0.01190000,3335.21
1749265273,3335.91000000,0.28510000,3335.21
1749265273,3335.99000000,0.68820000,3335.21
1749265273,3336.00000000,1.42730000,3335.21
1749265273,3336.01000000,0.00310000,3335.21
1749265273,3336.05000000,0.24830000,3335.21
1749265273,3336.08000000,0.39600000,3335.21
1749265273,3336.12000000,0.00310000,3335.21
1749265273,3336.20000000,0.00220000,3335.21
1749265273,3336.21000000,0.34740000,3335.21
1749265273,3336.22000000,0.00230000,3335.21
1749265273,3336.24000000,0.00360000,3335.21
1749265273,3336.25000000,0.00880000,3335.21
1749265273,3336.32000000,0.00310000,3335.21
1749265273,3336.38000000,0.52120000,3335.21
1749265273,3336.41000000,0.44530000,3335.21
1749265273,3336.42000000,0.39600000,3335.21
1749265273,3336.44000000,0.06300000,3335.21
1749265273,3336.47000000,0.00940000,3335.21
1749265273,3336.52000000,0.00310000,3335.21
1749265273,3336.58000000,0.00230000,3335.21
1749265273,3336.59000000,0.00220000,3335.21
1749265273,3336.60000000,0.01620000,3335.21
1749265273,3336.61000000,0.00310000,3335.21
1749265273,3336.64000000,0.00880000,3335.21
1749265273,3336.71000000,0.00310000,3335.21
1749265273,3336.75000000,0.44530000,3335.21
1749265273,3336.78000000,0.39600000,3335.21
1749265273,3336.84000000,0.00310000,3335.21
1749265273,3336.93000000,0.00310000,3335.21
1749265273,3336.98000000,0.00230000,3335.21
1749265273,3337.02000000,0.00530000,3335.21
1749265273,3337.03000000,0.01620000,3335.21
1749265273,3337.07000000,0.00880000,3335.21
1749265273,3337.13000000,0.08790000,3335.21
1749265273,3337.15000000,0.59380000,3335.21
1749265273,3337.16000000,0.44530000,3335.21
1749265273,3337.18000000,0.00310000,3335.21
1749265273,3337.24000000,0.39600000,3335.21
1749265273,3337.25000000,0.08780000,3335.21
1749265273,3337.28000000,0.00310000,3335.21
1749265273,3337.41000000,0.00310000,3335.21
1749265273,3337.43000000,0.00230000,3335.21
1749265273,3337.56000000,0.00310000,3335.21
1749265273,3337.58000000,0.39600000,3335.21
1749265273,3337.64000000,0.44530000,3335.21
1749265273,3337.65000000,0.00310000,3335.21
1749265273,3337.76000000,0.00310000,3335.21
1749265273,3337.87000000,1.20430000,3335.21
1749265273,3337.88000000,2.62920000,3335.21
1749265273,3337.89000000,0.00310000,3335.21
1749265273,3337.91000000,1.20430000,3335.21
1749265273,3337.93000000,0.87640000,3335.21
1749265273,3337.95000000,0.39600000,3335.21
1749265273,3337.97000000,0.87750000,3335.21
1749265273,3338.00000000,0.00830000,3335.21
1749265273,3338.01000000,0.00310000,3335.21
1749265273,3338.02000000,1.20430000,3335.21
1749265273,3338.04000000,0.87640000,3335.21
1749265273,3338.05000000,1.20430000,3335.21
1749265273,3338.06000000,0.87750000,3335.21
1749265273,3338.07000000,0.87640000,3335.21
1749265273,3338.09000000,1.20430000,3335.21
1749265273,3338.10000000,0.44530000,3335.21
1749265273,3338.11000000,0.87950000,3335.21
1749265273,3338.12000000,0.87750000,3335.21
1749265273,3338.14000000,1.20430000,3335.21
1749265273,3338.15000000,2.08180000,3335.21
1749265273,3338.16000000,1.75390000,3335.21
1749265273,3338.17000000,1.75500000,3335.21
1749265273,3338.18000000,1.20430000,3335.21
1749265273,3338.19000000,2.63140000,3335.21
1749265273,3338.20000000,2.08180000,3335.21
1749265273,3338.22000000,0.87750000,3335.21
1749265273,3338.23000000,0.87750000,3335.21
1749265273,3338.24000000,0.87640000,3335.21
1749265579,3335.46000000,1.21740000,3335.46
1749265579,3335.50000000,0.28840000,3335.46
1749265579,3335.56000000,0.24520000,3335.46
1749265579,3335.58000000,0.16400000,3335.46
1749265579,3335.61000000,0.00150000,3335.46
1749265579,3335.67000000,0.29950000,3335.46
1749265579,3335.68000000,0.15040000,3335.46
1749265579,3335.74000000,0.16710000,3335.46
1749265579,3335.78000000,0.33960000,3335.46
1749265579,3335.80000000,1.67820000,3335.46
1749265579,3335.83000000,0.03210000,3335.46
1749265579,3335.85000000,0.00220000,3335.46
1749265579,3335.86000000,0.01620000,3335.46
1749265579,3335.88000000,0.00760000,3335.46
1749265579,3335.89000000,0.00220000,3335.46
1749265579,3335.90000000,0.00310000,3335.46
1749265579,3335.91000000,0.28510000,3335.46
1749265579,3335.98000000,0.44530000,3335.46
1749265579,3335.99000000,0.24290000,3335.46
1749265579,3336.00000000,1.42730000,3335.46
1749265579,3336.01000000,0.00310000,3335.46
1749265579,3336.04000000,0.00760000,3335.46
1749265579,3336.05000000,0.24830000,3335.46
1749265579,3336.08000000,0.39600000,3335.46
1749265579,3336.12000000,0.00310000,3335.46
1749265579,3336.20000000,0.78150000,3335.46
1749265579,3336.21000000,0.01930000,3335.46
1749265579,3336.22000000,0.00230000,3335.46
1749265579,3336.23000000,0.00760000,3335.46
1749265579,3336.24000000,0.00360000,3335.46
1749265579,3336.30000000,0.33490000,3335.46
1749265579,3336.32000000,0.31790000,3335.46
1749265579,3336.40000000,0.44530000,3335.46
1749265579,3336.42000000,0.39600000,3335.46
1749265579,3336.44000000,0.00310000,3335.46
1749265579,3336.46000000,0.00760000,3335.46
1749265579,3336.47000000,0.00940000,3335.46
1749265579,3336.52000000,0.00310000,3335.46
1749265579,3336.54000000,0.49190000,3335.46
1749265579,3336.58000000,0.00230000,3335.46
1749265579,3336.59000000,0.00220000,3335.46
1749265579,3336.60000000,0.01620000,3335.46
1749265579,3336.61000000,0.00310000,3335.46
1749265579,3336.71000000,0.00310000,3335.46
1749265579,3336.72000000,0.00760000,3335.46
1749265579,3336.75000000,0.44530000,3335.46
1749265579,3336.78000000,0.39600000,3335.46
1749265579,3336.84000000,0.00310000,3335.46
1749265579,3336.93000000,0.00310000,3335.46
1749265579,3336.98000000,0.00230000,3335.46
1749265579,3337.01000000,0.00760000,3335.46
1749265579,3337.02000000,0.00530000,3335.46
1749265579,3337.03000000,0.01620000,3335.46
1749265579,3337.04000000,0.08790000,3335.46
1749265579,3337.14000000,0.08780000,3335.46
1749265579,3337.15000000,0.59380000,3335.46
1749265579,3337.16000000,0.44530000,3335.46
1749265579,3337.18000000,0.00310000,3335.46
1749265579,3337.24000000,0.39600000,3335.46
1749265579,3337.28000000,0.00310000,3335.46
1749265579,3337.33000000,0.00760000,3335.46
1749265579,3337.41000000,0.00310000,3335.46
1749265579,3337.43000000,0.00230000,3335.46
1749265579,3337.56000000,0.00310000,3335.46
1749265579,3337.58000000,0.39600000,3335.46
1749265579,3337.64000000,0.44530000,3335.46
1749265579,3337.65000000,0.00310000,3335.46
1749265579,3337.76000000,0.00310000,3335.46
1749265579,3337.89000000,0.00310000,3335.46
1749265579,3337.95000000,0.39600000,3335.46
1749265579,3338.00000000,0.00830000,3335.46
1749265579,3338.01000000,0.00310000,3335.46
1749265579,3338.10000000,0.44530000,3335.46
1749265579,3338.11000000,1.17150000,3335.46
1749265579,3338.23000000,2.33680000,3335.46
1749265579,3338.24000000,3.49440000,3335.46
1749265579,3338.25000000,0.59380000,3335.46
1749265579,3338.26000000,0.87360000,3335.46
1749265579,3338.27000000,0.00310000,3335.46
1749265579,3338.29000000,0.87360000,3335.46
1749265579,3338.30000000,2.14520000,3335.46
1749265579,3338.37000000,1.74720000,3335.46
1749265579,3338.38000000,2.91560000,3335.46
1749265579,3338.39000000,2.91560000,3335.46
1749265579,3338.40000000,2.62380000,3335.46
1749265579,3338.41000000,3.50040000,3335.46
1749265579,3338.42000000,3.49940000,3335.46
1749265579,3338.43000000,2.92270000,3335.46
1749265579,3338.44000000,2.62180000,3335.46
1749265579,3338.45000000,2.62680000,3335.46
1749265579,3338.46000000,1.16840000,3335.46
1749265579,3338.47000000,1.16840000,3335.46
1749265579,3338.48000000,0.44530000,3335.46
1749265579,3338.49000000,0.87460000,3335.46
1749265579,3338.50000000,2.90950000,3335.46
1749265579,3338.58000000,1.16840000,3335.46
1749265579,3338.59000000,1.17340000,3335.46
1749265579,3338.60000000,1.16840000,3335.46
1749265579,3338.64000000,0.39600000,3335.46
1749265579,3338.75000000,0.00310000,3335.46
1749265881,3335.27000000,0.28270000,3335.27
1749265881,3335.28000000,0.00730000,3335.27
1749265881,3335.36000000,0.44740000,3335.27
1749265881,3335.39000000,0.16220000,3335.27
1749265881,3335.43000000,0.12060000,3335.27
1749265881,3335.52000000,0.14910000,3335.27
1749265881,3335.53000000,0.34200000,3335.27
1749265881,3335.54000000,0.15120000,3335.27
1749265881,3335.60000000,0.07350000,3335.27
1749265881,3335.62000000,0.50320000,3335.27
1749265881,3335.63000000,0.32980000,3335.27
1749265881,3335.67000000,0.00200000,3335.27
1749265881,3335.74000000,0.15430000,3335.27
1749265881,3335.79000000,0.08040000,3335.27
1749265881,3335.80000000,1.42730000,3335.27
1749265881,3335.83000000,0.03210000,3335.27
1749265881,3335.86000000,0.01620000,3335.27
1749265881,3335.87000000,0.00180000,3335.27
1749265881,3335.88000000,0.00760000,3335.27
1749265881,3335.89000000,0.00220000,3335.27
1749265881,3335.90000000,0.00310000,3335.27
1749265881,3335.91000000,0.00230000,3335.27
1749265881,3335.96000000,0.44530000,3335.27
1749265881,3335.99000000,0.00200000,3335.27
1749265881,3336.00000000,1.43960000,3335.27
1749265881,3336.01000000,0.00310000,3335.27
1749265881,3336.04000000,0.00760000,3335.27
1749265881,3336.05000000,0.00940000,3335.27
1749265881,3336.08000000,0.39600000,3335.27
1749265881,3336.12000000,0.00310000,3335.27
1749265881,3336.20000000,0.55370000,3335.27
1749265881,3336.21000000,0.01930000,3335.27
1749265881,3336.22000000,0.00230000,3335.27
1749265881,3336.23000000,0.00760000,3335.27
1749265881,3336.24000000,0.00360000,3335.27
1749265881,3336.32000000,0.15430000,3335.27
1749265881,3336.35000000,0.10120000,3335.27
1749265881,3336.40000000,0.44530000,3335.27
1749265881,3336.42000000,0.39600000,3335.27
1749265881,3336.44000000,0.00310000,3335.27
1749265881,3336.45000000,0.05990000,3335.27
1749265881,3336.46000000,0.00760000,3335.27
1749265881,3336.47000000,0.00940000,3335.27
1749265881,3336.52000000,0.07750000,3335.27
1749265881,3336.58000000,0.08270000,3335.27
1749265881,3336.60000000,0.01620000,3335.27
1749265881,3336.61000000,0.00310000,3335.27
1749265881,3336.64000000,0.07290000,3335.27
1749265881,3336.66000000,0.10720000,3335.27
1749265881,3336.71000000,0.00310000,3335.27
1749265881,3336.72000000,0.08800000,3335.27
1749265881,3336.75000000,0.44730000,3335.27
1749265881,3336.78000000,0.39600000,3335.27
1749265881,3336.84000000,0.10320000,3335.27
1749265881,3336.93000000,0.15000000,3335.27
1749265881,3336.98000000,0.00230000,3335.27
1749265881,3337.01000000,0.09860000,3335.27
1749265881,3337.02000000,0.00310000,3335.27
1749265881,3337.03000000,0.01620000,3335.27
1749265881,3337.15000000,0.59380000,3335.27
1749265881,3337.16000000,0.44530000,3335.27
1749265881,3337.18000000,0.00310000,3335.27
1749265881,3337.24000000,0.39600000,3335.27
1749265881,3337.28000000,0.00310000,3335.27
1749265881,3337.33000000,0.00760000,3335.27
1749265881,3337.34000000,0.08790000,3335.27
1749265881,3337.41000000,0.00310000,3335.27
1749265881,3337.43000000,0.00230000,3335.27
1749265881,3337.56000000,0.88050000,3335.27
1749265881,3337.57000000,1.75480000,3335.27
1749265881,3337.58000000,0.39600000,3335.27
1749265881,3337.64000000,0.44530000,3335.27
1749265881,3337.65000000,0.00310000,3335.27
1749265881,3337.74000000,0.87740000,3335.27
1749265881,3337.75000000,0.87740000,3335.27
1749265881,3337.76000000,1.75790000,3335.27
1749265881,3337.77000000,0.96520000,3335.27
1749265881,3337.89000000,0.00310000,3335.27
1749265881,3337.92000000,1.75480000,3335.27
1749265881,3337.93000000,1.75480000,3335.27
1749265881,3337.94000000,1.75480000,3335.27
1749265881,3337.95000000,0.39600000,3335.27
1749265881,3337.96000000,0.87740000,3335.27
1749265881,3338.00000000,0.00830000,3335.27
1749265881,3338.01000000,0.00310000,3335.27
1749265881,3338.06000000,0.87740000,3335.27
1749265881,3338.07000000,0.87740000,3335.27
1749265881,3338.08000000,1.75480000,3335.27
1749265881,3338.09000000,1.75480000,3335.27
1749265881,3338.10000000,1.32270000,3335.27
1749265881,3338.11000000,0.00310000,3335.27
1749265881,3338.13000000,0.87740000,3335.27
1749265881,3338.14000000,1.75480000,3335.27
1749265881,3338.15000000,0.87740000,3335.27
1749265881,3338.16000000,1.20020000,3335.27
1749265881,3338.17000000,2.17410000,3335.27
1749265881,3338.20000000,2.63220000,3335.27
1749265881,3338.21000000,2.07760000,3335.27
1749265881,3338.24000000,1.20020000,3335.27
1749265881,3338.25000000,1.79400000,3335.27
1749266183,3335.35000000,0.09420000,3335.28
1749266183,3335.37000000,0.10160000,3335.28
1749266183,3335.40000000,0.29950000,3335.28
1749266183,3335.49000000,0.00310000,3335.28
1749266183,3335.52000000,0.06050000,3335.28
1749266183,3335.55000000,0.22620000,3335.28
1749266183,3335.59000000,0.05890000,3335.28
1749266183,3335.65000000,0.00310000,3335.28
1749266183,3335.66000000,0.05890000,3335.28
1749266183,3335.73000000,0.05890000,3335.28
1749266183,3335.81000000,0.51570000,3335.28
1749266183,3335.82000000,0.39600000,3335.28
1749266183,3335.88000000,0.12400000,3335.28
1749266183,3335.92000000,0.00310000,3335.28
1749266183,3335.96000000,0.00630000,3335.28
1749266183,3335.99000000,0.10770000,3335.28
1749266183,3336.00000000,0.00520000,3335.28
1749266183,3336.04000000,0.00760000,3335.28
1749266183,3336.05000000,0.07150000,3335.28
1749266183,3336.07000000,0.29650000,3335.28
1749266183,3336.09000000,0.00310000,3335.28
1749266183,3336.11000000,0.06210000,3335.28
1749266183,3336.16000000,0.00210000,3335.28
1749266183,3336.19000000,0.00310000,3335.28
1749266183,3336.20000000,0.07850000,3335.28
1749266183,3336.21000000,0.01620000,3335.28
1749266183,3336.22000000,0.00230000,3335.28
1749266183,3336.23000000,0.00760000,3335.28
1749266183,3336.24000000,0.00360000,3335.28
1749266183,3336.27000000,0.33450000,3335.28
1749266183,3336.32000000,0.00310000,3335.28
1749266183,3336.35000000,0.06930000,3335.28
1749266183,3336.37000000,0.44530000,3335.28
1749266183,3336.42000000,0.39600000,3335.28
1749266183,3336.44000000,0.00310000,3335.28
1749266183,3336.46000000,0.00760000,3335.28
1749266183,3336.47000000,0.00940000,3335.28
1749266183,3336.52000000,0.00310000,3335.28
1749266183,3336.58000000,0.00230000,3335.28
1749266183,3336.60000000,0.08350000,3335.28
1749266183,3336.61000000,0.00310000,3335.28
1749266183,3336.65000000,0.09260000,3335.28
1749266183,3336.71000000,0.44840000,3335.28
1749266183,3336.72000000,0.00760000,3335.28
1749266183,3336.75000000,0.00200000,3335.28
1749266183,3336.78000000,0.39600000,3335.28
1749266183,3336.84000000,0.00310000,3335.28
1749266183,3336.93000000,0.00310000,3335.28
1749266183,3336.98000000,0.00230000,3335.28
1749266183,3337.01000000,0.00760000,3335.28
1749266183,3337.02000000,0.00310000,3335.28
1749266183,3337.03000000,0.01620000,3335.28
1749266183,3337.15000000,0.59380000,3335.28
1749266183,3337.16000000,0.44530000,3335.28
1749266183,3337.18000000,0.00310000,3335.28
1749266183,3337.24000000,0.39600000,3335.28
1749266183,3337.28000000,0.00310000,3335.28
1749266183,3337.33000000,0.00760000,3335.28
1749266183,3337.39000000,0.08790000,3335.28
1749266183,3337.41000000,0.00310000,3335.28
1749266183,3337.43000000,0.00230000,3335.28
1749266183,3337.56000000,0.00310000,3335.28
1749266183,3337.58000000,0.39600000,3335.28
1749266183,3337.64000000,0.44530000,3335.28
1749266183,3337.65000000,0.00310000,3335.28
1749266183,3337.76000000,0.00310000,3335.28
1749266183,3337.78000000,0.08780000,3335.28
1749266183,3337.89000000,0.00310000,3335.28
1749266183,3337.95000000,0.39600000,3335.28
1749266183,3338.00000000,0.00830000,3335.28
1749266183,3338.01000000,0.00310000,3335.28
1749266183,3338.10000000,0.44530000,3335.28
1749266183,3338.11000000,0.00310000,3335.28
1749266183,3338.24000000,1.19930000,3335.28
1749266183,3338.25000000,0.59380000,3335.28
1749266183,3338.27000000,0.00310000,3335.28
1749266183,3338.29000000,1.19930000,3335.28
1749266183,3338.30000000,1.59530000,3335.28
1749266183,3338.33000000,0.31280000,3335.28
1749266183,3338.41000000,1.19930000,3335.28
1749266183,3338.42000000,1.75500000,3335.28
1749266183,3338.43000000,0.88060000,3335.28
1749266183,3338.44000000,1.75300000,3335.28
1749266183,3338.45000000,0.87750000,3335.28
1749266183,3338.47000000,1.75500000,3335.28
1749266183,3338.48000000,1.32280000,3335.28
1749266183,3338.55000000,1.19930000,3335.28
1749266183,3338.56000000,0.87550000,3335.28
1749266183,3338.57000000,2.62650000,3335.28
1749266183,3338.58000000,1.75200000,3335.28
1749266183,3338.59000000,2.63450000,3335.28
1749266183,3338.60000000,2.63150000,3335.28
1749266183,3338.61000000,0.87750000,3335.28
1749266183,3338.63000000,0.87750000,3335.28
1749266183,3338.64000000,0.39600000,3335.28
1749266183,3338.75000000,0.87760000,3335.28
1749266183,3338.76000000,0.87450000,3335.28
1749266183,3338.77000000,2.62350000,3335.28
1749266183,3338.78000000,3.59790000,3335.28
1749266183,3338.79000000,0.87750000,3335.28
1749266484,3334.34000000,0.04200000,3334.26
1749266484,3334.41000000,0.01400000,3334.26
1749266484,3334.44000000,0.00310000,3334.26
1749266484,3334.52000000,0.00310000,3334.26
1749266484,3334.60000000,0.12220000,3334.26
1749266484,3334.62000000,0.00310000,3334.26
1749266484,3334.65000000,0.01400000,3334.26
1749266484,3334.70000000,0.00310000,3334.26
1749266484,3334.80000000,0.13450000,3334.26
1749266484,3334.81000000,0.39910000,3334.26
1749266484,3334.84000000,0.23940000,3334.26
1749266484,3334.91000000,0.11990000,3334.26
1749266484,3334.94000000,0.01400000,3334.26
1749266484,3335.00000000,0.07850000,3334.26
1749266484,3335.07000000,0.08490000,3334.26
1749266484,3335.10000000,0.29960000,3334.26
1749266484,3335.15000000,0.06680000,3334.26
1749266484,3335.17000000,0.15660000,3334.26
1749266484,3335.21000000,0.00310000,3334.26
1749266484,3335.29000000,0.01400000,3334.26
1749266484,3335.33000000,0.13140000,3334.26
1749266484,3335.40000000,0.39600000,3334.26
1749266484,3335.46000000,0.00310000,3334.26
1749266484,3335.54000000,0.15790000,3334.26
1749266484,3335.61000000,0.07800000,3334.26
1749266484,3335.62000000,0.33530000,3334.26
1749266484,3335.65000000,0.09470000,3334.26
1749266484,3335.68000000,0.01400000,3334.26
1749266484,3335.73000000,0.05890000,3334.26
1749266484,3335.80000000,0.67180000,3334.26
1749266484,3335.81000000,0.00310000,3334.26
1749266484,3335.82000000,0.39600000,3334.26
1749266484,3335.83000000,0.23740000,3334.26
1749266484,3335.92000000,0.10150000,3334.26
1749266484,3335.96000000,0.07070000,3334.26
1749266484,3336.00000000,0.01740000,3334.26
1749266484,3336.04000000,0.00760000,3334.26
1749266484,3336.05000000,0.00940000,3334.26
1749266484,3336.09000000,0.10810000,3334.26
1749266484,3336.12000000,0.01400000,3334.26
1749266484,3336.16000000,0.08370000,3334.26
1749266484,3336.19000000,0.00310000,3334.26
1749266484,3336.22000000,0.00230000,3334.26
1749266484,3336.23000000,0.08560000,3334.26
1749266484,3336.24000000,0.00360000,3334.26
1749266484,3336.32000000,0.00310000,3334.26
1749266484,3336.35000000,0.00200000,3334.26
1749266484,3336.36000000,0.87240000,3334.26
1749266484,3336.41000000,0.87240000,3334.26
1749266484,3336.42000000,0.39600000,3334.26
1749266484,3336.44000000,0.00310000,3334.26
1749266484,3336.45000000,0.08790000,3334.26
1749266484,3336.46000000,0.00760000,3334.26
1749266484,3336.47000000,0.00940000,3334.26
1749266484,3336.52000000,0.00310000,3334.26
1749266484,3336.58000000,0.00230000,3334.26
1749266484,3336.59000000,2.61720000,3334.26
1749266484,3336.61000000,0.88950000,3334.26
1749266484,3336.71000000,0.87460000,3334.26
1749266484,3336.72000000,0.00760000,3334.26
1749266484,3336.75000000,0.87440000,3334.26
1749266484,3336.77000000,1.31680000,3334.26
1749266484,3336.78000000,2.13900000,3334.26
1749266484,3336.84000000,0.00310000,3334.26
1749266484,3336.92000000,1.74480000,3334.26
1749266484,3336.93000000,0.00310000,3334.26
1749266484,3336.98000000,0.00230000,3334.26
1749266484,3337.01000000,0.00760000,3334.26
1749266484,3337.02000000,0.00310000,3334.26
1749266484,3337.06000000,0.87240000,3334.26
1749266484,3337.07000000,0.87250000,3334.26
1749266484,3337.08000000,0.87240000,3334.26
1749266484,3337.09000000,0.87150000,3334.26
1749266484,3337.10000000,0.87150000,3334.26
1749266484,3337.11000000,0.87150000,3334.26
1749266484,3337.12000000,4.35940000,3334.26
1749266484,3337.13000000,2.61450000,3334.26
1749266484,3337.14000000,0.87250000,3334.26
1749266484,3337.15000000,0.59380000,3334.26
1749266484,3337.16000000,0.44530000,3334.26
1749266484,3337.17000000,0.87150000,3334.26
1749266484,3337.18000000,0.00310000,3334.26
1749266484,3337.19000000,1.74480000,3334.26
1749266484,3337.20000000,0.87250000,3334.26
1749266484,3337.21000000,0.87150000,3334.26
1749266484,3337.22000000,0.87150000,3334.26
1749266484,3337.23000000,0.87250000,3334.26
1749266484,3337.24000000,1.26750000,3334.26
1749266484,3337.28000000,0.00310000,3334.26
1749266484,3337.29000000,0.08780000,3334.26
1749266484,3337.33000000,0.00760000,3334.26
1749266484,3337.41000000,0.00310000,3334.26
1749266484,3337.43000000,0.00230000,3334.26
1749266484,3337.50000000,1.18250000,3334.26
1749266484,3337.51000000,0.87150000,3334.26
1749266484,3337.56000000,0.00310000,3334.26
1749266484,3337.57000000,1.18250000,3334.26
1749266484,3337.58000000,0.39600000,3334.26
1749266484,3337.63000000,1.18250000,3334.26
1749266484,3337.64000000,0.44530000,3334.26
1749266786,3334.26000000,0.86760000,3334.26
1749266786,3334.34000000,0.14170000,3334.26
1749266786,3334.39000000,0.29960000,3334.26
1749266786,3334.40000000,0.16370000,3334.26
1749266786,3334.41000000,0.14960000,3334.26
1749266786,3334.50000000,0.22250000,3334.26
1749266786,3334.52000000,0.11340000,3334.26
1749266786,3334.60000000,0.20160000,3334.26
1749266786,3334.62000000,0.00310000,3334.26
1749266786,3334.65000000,0.01400000,3334.26
1749266786,3334.70000000,0.10230000,3334.26
1749266786,3334.80000000,0.23370000,3334.26
1749266786,3334.81000000,0.47580000,3334.26
1749266786,3334.91000000,0.11990000,3334.26
1749266786,3334.94000000,0.08330000,3334.26
1749266786,3334.99000000,0.09040000,3334.26
1749266786,3335.00000000,0.07850000,3334.26
1749266786,3335.02000000,0.44530000,3334.26
1749266786,3335.05000000,0.00190000,3334.26
1749266786,3335.07000000,0.08490000,3334.26
1749266786,3335.15000000,0.06680000,3334.26
1749266786,3335.17000000,0.15660000,3334.26
1749266786,3335.21000000,0.00310000,3334.26
1749266786,3335.29000000,0.01400000,3334.26
1749266786,3335.33000000,0.13140000,3334.26
1749266786,3335.39000000,0.44530000,3334.26
1749266786,3335.40000000,0.60660000,3334.26
1749266786,3335.46000000,0.40590000,3334.26
1749266786,3335.54000000,0.15790000,3334.26
1749266786,3335.61000000,0.07800000,3334.26
1749266786,3335.65000000,0.09470000,3334.26
1749266786,3335.68000000,0.01400000,3334.26
1749266786,3335.73000000,0.05890000,3334.26
1749266786,3335.79000000,0.44530000,3334.26
1749266786,3335.80000000,0.59380000,3334.26
1749266786,3335.81000000,0.00310000,3334.26
1749266786,3335.82000000,0.39600000,3334.26
1749266786,3335.92000000,0.10150000,3334.26
1749266786,3335.96000000,0.07070000,3334.26
1749266786,3336.00000000,0.01740000,3334.26
1749266786,3336.04000000,0.00760000,3334.26
1749266786,3336.05000000,0.00940000,3334.26
1749266786,3336.09000000,0.10810000,3334.26
1749266786,3336.12000000,0.01400000,3334.26
1749266786,3336.16000000,0.08370000,3334.26
1749266786,3336.19000000,0.00310000,3334.26
1749266786,3336.22000000,0.00230000,3334.26
1749266786,3336.23000000,0.17350000,3334.26
1749266786,3336.24000000,0.00360000,3334.26
1749266786,3336.32000000,0.00310000,3334.26
1749266786,3336.35000000,0.00200000,3334.26
1749266786,3336.40000000,0.44530000,3334.26
1749266786,3336.42000000,0.39600000,3334.26
1749266786,3336.44000000,0.00310000,3334.26
1749266786,3336.46000000,0.00760000,3334.26
1749266786,3336.47000000,0.00940000,3334.26
1749266786,3336.52000000,0.00310000,3334.26
1749266786,3336.58000000,0.00230000,3334.26
1749266786,3336.61000000,0.01710000,3334.26
1749266786,3336.71000000,0.00310000,3334.26
1749266786,3336.72000000,0.00760000,3334.26
1749266786,3336.75000000,0.00200000,3334.26
1749266786,3336.76000000,0.86760000,3334.26
1749266786,3336.77000000,0.44530000,3334.26
1749266786,3336.78000000,0.39600000,3334.26
1749266786,3336.84000000,0.00310000,3334.26
1749266786,3336.93000000,0.00310000,3334.26
1749266786,3336.98000000,0.00230000,3334.26
1749266786,3337.01000000,0.00760000,3334.26
1749266786,3337.02000000,0.00310000,3334.26
1749266786,3337.03000000,2.60280000,3334.26
1749266786,3337.04000000,2.60280000,3334.26
1749266786,3337.05000000,1.82500000,3334.26
1749266786,3337.09000000,0.86760000,3334.26
1749266786,3337.10000000,0.86760000,3334.26
1749266786,3337.11000000,0.86860000,3334.26
1749266786,3337.12000000,0.86760000,3334.26
1749266786,3337.14000000,0.86760000,3334.26
1749266786,3337.15000000,0.59380000,3334.26
1749266786,3337.16000000,0.44530000,3334.26
1749266786,3337.18000000,0.00310000,3334.26
1749266786,3337.22000000,0.86860000,3334.26
1749266786,3337.23000000,0.86860000,3334.26
1749266786,3337.24000000,0.39600000,3334.26
1749266786,3337.27000000,0.86860000,3334.26
1749266786,3337.28000000,0.87170000,3334.26
1749266786,3337.33000000,0.00760000,3334.26
1749266786,3337.40000000,1.73720000,3334.26
1749266786,3337.41000000,2.60890000,3334.26
1749266786,3337.42000000,0.86860000,3334.26
1749266786,3337.43000000,0.87090000,3334.26
1749266786,3337.44000000,2.60580000,3334.26
1749266786,3337.45000000,2.05310000,3334.26
1749266786,3337.46000000,3.47440000,3334.26
1749266786,3337.48000000,2.05310000,3334.26
1749266786,3337.49000000,2.60580000,3334.26
1749266786,3337.50000000,1.18450000,3334.26
1749266786,3337.56000000,1.18760000,3334.26
1749266786,3337.58000000,0.39600000,3334.26
1749266786,3337.62000000,1.18450000,3334.26
1749267087,3334.26000000,0.90690000,3334.25
1749267087,3334.34000000,0.10380000,3334.25
1749267087,3334.40000000,0.16370000,3334.25
1749267087,3334.41000000,0.09630000,3334.25
1749267087,3334.52000000,0.15670000,3334.25
1749267087,3334.59000000,0.08230000,3334.25
1749267087,3334.60000000,0.21500000,3334.25
1749267087,3334.62000000,0.00310000,3334.25
1749267087,3334.65000000,0.01400000,3334.25
1749267087,3334.66000000,0.29960000,3334.25
1749267087,3334.70000000,0.11920000,3334.25
1749267087,3334.74000000,0.35100000,3334.25
1749267087,3334.80000000,0.23370000,3334.25
1749267087,3334.81000000,0.47580000,3334.25
1749267087,3334.91000000,0.11990000,3334.25
1749267087,3334.94000000,0.08330000,3334.25
1749267087,3334.99000000,0.10030000,3334.25
1749267087,3335.00000000,0.07850000,3334.25
1749267087,3335.05000000,0.00520000,3334.25
1749267087,3335.07000000,0.08490000,3334.25
1749267087,3335.08000000,0.44530000,3334.25
1749267087,3335.15000000,0.06680000,3334.25
1749267087,3335.17000000,0.48850000,3334.25
1749267087,3335.21000000,0.00310000,3334.25
1749267087,3335.24000000,0.00330000,3334.25
1749267087,3335.29000000,0.01400000,3334.25
1749267087,3335.33000000,0.13140000,3334.25
1749267087,3335.40000000,0.67990000,3334.25
1749267087,3335.46000000,0.08150000,3334.25
1749267087,3335.48000000,0.00330000,3334.25
1749267087,3335.54000000,0.15790000,3334.25
1749267087,3335.61000000,0.07800000,3334.25
1749267087,3335.65000000,0.09470000,3334.25
1749267087,3335.68000000,0.01400000,3334.25
1749267087,3335.73000000,0.05890000,3334.25
1749267087,3335.75000000,0.00330000,3334.25
1749267087,3335.80000000,0.59380000,3334.25
1749267087,3335.81000000,0.00310000,3334.25
1749267087,3335.82000000,0.39600000,3334.25
1749267087,3335.92000000,0.18940000,3334.25
1749267087,3335.96000000,0.07070000,3334.25
1749267087,3336.00000000,0.01740000,3334.25
1749267087,3336.04000000,0.00760000,3334.25
1749267087,3336.05000000,0.00940000,3334.25
1749267087,3336.06000000,0.44860000,3334.25
1749267087,3336.09000000,0.10810000,3334.25
1749267087,3336.12000000,0.01400000,3334.25
1749267087,3336.16000000,0.08370000,3334.25
1749267087,3336.19000000,0.00310000,3334.25
1749267087,3336.22000000,0.00230000,3334.25
1749267087,3336.23000000,0.08560000,3334.25
1749267087,3336.32000000,0.00310000,3334.25
1749267087,3336.35000000,0.00200000,3334.25
1749267087,3336.40000000,0.44530000,3334.25
1749267087,3336.41000000,0.00330000,3334.25
1749267087,3336.42000000,0.39600000,3334.25
1749267087,3336.44000000,0.00310000,3334.25
1749267087,3336.46000000,0.00760000,3334.25
1749267087,3336.47000000,0.00940000,3334.25
1749267087,3336.52000000,0.00310000,3334.25
1749267087,3336.58000000,0.00230000,3334.25
1749267087,3336.61000000,0.01710000,3334.25
1749267087,3336.71000000,0.00310000,3334.25
1749267087,3336.72000000,0.00760000,3334.25
1749267087,3336.75000000,0.00200000,3334.25
1749267087,3336.77000000,0.44530000,3334.25
1749267087,3336.78000000,0.48380000,3334.25
1749267087,3336.80000000,0.00330000,3334.25
1749267087,3336.84000000,0.00310000,3334.25
1749267087,3336.93000000,0.00310000,3334.25
1749267087,3336.98000000,0.00230000,3334.25
1749267087,3337.00000000,0.86850000,3334.25
1749267087,3337.01000000,0.00760000,3334.25
1749267087,3337.02000000,0.87160000,3334.25
1749267087,3337.12000000,1.16940000,3334.25
1749267087,3337.13000000,1.73700000,3334.25
1749267087,3337.15000000,0.59380000,3334.25
1749267087,3337.16000000,0.44530000,3334.25
1749267087,3337.17000000,1.16940000,3334.25
1749267087,3337.18000000,1.74010000,3334.25
1749267087,3337.24000000,0.39600000,3334.25
1749267087,3337.26000000,1.16940000,3334.25
1749267087,3337.27000000,0.86850000,3334.25
1749267087,3337.28000000,0.00310000,3334.25
1749267087,3337.33000000,1.17700000,3334.25
1749267087,3337.34000000,0.86850000,3334.25
1749267087,3337.35000000,3.47400000,3334.25
1749267087,3337.36000000,0.86850000,3334.25
1749267087,3337.37000000,0.86850000,3334.25
1749267087,3337.38000000,0.87060000,3334.25
1749267087,3337.39000000,1.16940000,3334.25
1749267087,3337.41000000,0.00310000,3334.25
1749267087,3337.43000000,0.00230000,3334.25
1749267087,3337.47000000,0.86950000,3334.25
1749267087,3337.48000000,1.73800000,3334.25
1749267087,3337.49000000,0.86850000,3334.25
1749267087,3337.50000000,2.03790000,3334.25
1749267087,3337.51000000,0.86850000,3334.25
1749267087,3337.52000000,1.73700000,3334.25
1749267087,3337.53000000,0.86850000,3334.25
1749267389,3334.26000000,1.35960000,3334.26
1749267389,3334.34000000,0.15250000,3334.26
1749267389,3334.40000000,0.16370000,3334.26
1749267389,3334.41000000,0.08950000,3334.26
1749267389,3334.48000000,0.08600000,3334.26
1749267389,3334.52000000,0.15670000,3334.26
1749267389,3334.59000000,0.08230000,3334.26
1749267389,3334.60000000,0.21500000,3334.26
1749267389,3334.62000000,0.00310000,3334.26
1749267389,3334.63000000,0.29960000,3334.26
1749267389,3334.65000000,0.01400000,3334.26
1749267389,3334.70000000,0.11920000,3334.26
1749267389,3334.73000000,0.44530000,3334.26
1749267389,3334.74000000,0.10650000,3334.26
1749267389,3334.80000000,0.23370000,3334.26
1749267389,3334.81000000,0.39910000,3334.26
1749267389,3334.91000000,0.11990000,3334.26
1749267389,3334.94000000,0.08330000,3334.26
1749267389,3334.99000000,0.10310000,3334.26
1749267389,3335.00000000,0.07850000,3334.26
1749267389,3335.02000000,0.32780000,3334.26
1749267389,3335.05000000,0.00520000,3334.26
1749267389,3335.07000000,0.08490000,3334.26
1749267389,3335.08000000,0.44530000,3334.26
1749267389,3335.15000000,0.06680000,3334.26
1749267389,3335.17000000,0.15660000,3334.26
1749267389,3335.21000000,0.00310000,3334.26
