timestamp,price,volume,current_price
1749258330,4.02400000,345.50000000,4.024
1749258330,4.02500000,881.10000000,4.024
1749258330,4.02600000,623.10000000,4.024
1749258330,4.02700000,1416.40000000,4.024
1749258330,4.02800000,1823.40000000,4.024
1749258330,4.02900000,1050.40000000,4.024
1749258330,4.03000000,1954.00000000,4.024
1749258330,4.03100000,1051.30000000,4.024
1749258330,4.03200000,564.40000000,4.024
1749258330,4.03300000,1103.10000000,4.024
1749258330,4.03400000,1122.20000000,4.024
1749258330,4.03500000,71.00000000,4.024
1749258330,4.03600000,476.90000000,4.024
1749258330,4.03700000,395.40000000,4.024
1749258330,4.03800000,2426.60000000,4.024
1749258330,4.03900000,317.00000000,4.024
1749258330,4.04000000,693.80000000,4.024
1749258330,4.04100000,2380.30000000,4.024
1749258330,4.04200000,1375.70000000,4.024
1749258330,4.04300000,126.30000000,4.024
1749258330,4.04400000,322.10000000,4.024
1749258330,4.04500000,618.70000000,4.024
1749258330,4.04600000,9.80000000,4.024
1749258330,4.04700000,1375.50000000,4.024
1749258330,4.04800000,323.40000000,4.024
1749258330,4.04900000,779.40000000,4.024
1749258330,4.05000000,3107.60000000,4.024
1749258330,4.05100000,1531.90000000,4.024
1749258330,4.05200000,873.80000000,4.024
1749258330,4.05300000,5763.10000000,4.024
1749258330,4.05400000,6.00000000,4.024
1749258330,4.05500000,5759.80000000,4.024
1749258330,4.05600000,6009.20000000,4.024
1749258330,4.05700000,261.80000000,4.024
1749258330,4.05800000,10.60000000,4.024
1749258330,4.05900000,202.20000000,4.024
1749258330,4.06000000,1243.10000000,4.024
1749258330,4.06100000,1117.10000000,4.024
1749258330,4.06200000,254.60000000,4.024
1749258330,4.06300000,165.50000000,4.024
1749258330,4.06400000,845.80000000,4.024
1749258330,4.06500000,173.30000000,4.024
1749258330,4.06600000,253.30000000,4.024
1749258330,4.06700000,309.30000000,4.024
1749258330,4.06800000,235.70000000,4.024
1749258330,4.06900000,43.00000000,4.024
1749258330,4.07000000,2.60000000,4.024
1749258330,4.07100000,270.20000000,4.024
1749258330,4.07200000,264.10000000,4.024
1749258330,4.07300000,4.50000000,4.024
1749258330,4.07400000,2.60000000,4.024
1749258330,4.07500000,60.50000000,4.024
1749258330,4.07600000,253.30000000,4.024
1749258330,4.07700000,6.30000000,4.024
1749258330,4.07800000,10.50000000,4.024
1749258330,4.07900000,2417.60000000,4.024
1749258330,4.08000000,1511.70000000,4.024
1749258330,4.08100000,253.30000000,4.024
1749258330,4.08200000,20.40000000,4.024
1749258330,4.08300000,24.20000000,4.024
1749258330,4.08400000,22.10000000,4.024
1749258330,4.08500000,29.10000000,4.024
1749258330,4.08600000,253.30000000,4.024
1749258330,4.08700000,41.90000000,4.024
1749258330,4.08800000,262.30000000,4.024
1749258330,4.08900000,50.10000000,4.024
1749258330,4.09000000,44.80000000,4.024
1749258330,4.09100000,774.40000000,4.024
1749258330,4.09200000,2419.80000000,4.024
1749258330,4.09300000,5596.20000000,4.024
1749258330,4.09400000,2.60000000,4.024
1749258330,4.09500000,6841.30000000,4.024
1749258330,4.09600000,5592.00000000,4.024
1749258330,4.09700000,532.10000000,4.024
1749258330,4.09800000,11.20000000,4.024
1749258330,4.09900000,188.10000000,4.024
1749258330,4.10000000,67.90000000,4.024
1749258330,4.10100000,57.30000000,4.024
1749258330,4.10300000,10.70000000,4.024
1749258330,4.10500000,1.30000000,4.024
1749258330,4.10600000,1.30000000,4.024
1749258330,4.10800000,2.60000000,4.024
1749258330,4.10900000,3.50000000,4.024
1749258330,4.11000000,34.00000000,4.024
1749258330,4.11100000,14.90000000,4.024
1749258330,4.11200000,35.00000000,4.024
1749258330,4.11300000,4.60000000,4.024
1749258330,4.11400000,1.30000000,4.024
1749258330,4.11500000,2460.00000000,4.024
1749258330,4.11600000,783.50000000,4.024
1749258330,4.11700000,13.50000000,4.024
1749258330,4.11800000,12.10000000,4.024
1749258330,4.11900000,3.70000000,4.024
1749258330,4.12000000,755.30000000,4.024
1749258330,4.12100000,9.20000000,4.024
1749258330,4.12300000,36.70000000,4.024
1749258330,4.12400000,7.30000000,4.024
1749258330,4.12500000,56.00000000,4.024
1749258330,4.12600000,1.50000000,4.024
1749258330,4.12700000,17.20000000,4.024
1749258632,4.01500000,81.60000000,4.015
1749258632,4.01600000,951.40000000,4.015
1749258632,4.01700000,753.00000000,4.015
1749258632,4.01800000,995.70000000,4.015
1749258632,4.01900000,1053.00000000,4.015
1749258632,4.02000000,1468.10000000,4.015
1749258632,4.02100000,2013.70000000,4.015
1749258632,4.02200000,1493.30000000,4.015
1749258632,4.02300000,1282.10000000,4.015
1749258632,4.02400000,791.60000000,4.015
1749258632,4.02500000,890.00000000,4.015
1749258632,4.02600000,473.80000000,4.015
1749258632,4.02700000,241.70000000,4.015
1749258632,4.02800000,673.30000000,4.015
1749258632,4.02900000,1457.00000000,4.015
1749258632,4.03000000,222.90000000,4.015
1749258632,4.03100000,637.10000000,4.015
1749258632,4.03200000,1881.80000000,4.015
1749258632,4.03300000,322.80000000,4.015
1749258632,4.03400000,473.40000000,4.015
1749258632,4.03500000,2191.80000000,4.015
1749258632,4.03600000,1042.50000000,4.015
1749258632,4.03700000,551.40000000,4.015
1749258632,4.03800000,219.40000000,4.015
1749258632,4.03900000,321.30000000,4.015
1749258632,4.04000000,3110.00000000,4.015
1749258632,4.04100000,532.30000000,4.015
1749258632,4.04200000,2259.20000000,4.015
1749258632,4.04300000,620.90000000,4.015
1749258632,4.04400000,899.00000000,4.015
1749258632,4.04500000,414.50000000,4.015
1749258632,4.04600000,5619.30000000,4.015
1749258632,4.04700000,420.50000000,4.015
1749258632,4.04800000,5865.40000000,4.015
1749258632,4.04900000,5762.90000000,4.015
1749258632,4.05000000,274.20000000,4.015
1749258632,4.05100000,860.00000000,4.015
1749258632,4.05200000,1153.20000000,4.015
1749258632,4.05300000,1377.80000000,4.015
1749258632,4.05400000,6.00000000,4.015
1749258632,4.05500000,167.60000000,4.015
1749258632,4.05600000,413.60000000,4.015
1749258632,4.05700000,261.80000000,4.015
1749258632,4.05800000,10.60000000,4.015
1749258632,4.05900000,202.20000000,4.015
1749258632,4.06000000,34.80000000,4.015
1749258632,4.06100000,255.20000000,4.015
1749258632,4.06200000,254.60000000,4.015
1749258632,4.06300000,7.00000000,4.015
1749258632,4.06400000,6.10000000,4.015
1749258632,4.06500000,14.80000000,4.015
1749258632,4.06600000,253.30000000,4.015
1749258632,4.06700000,309.30000000,4.015
1749258632,4.06800000,234.30000000,4.015
1749258632,4.06900000,43.00000000,4.015
1749258632,4.07000000,2.60000000,4.015
1749258632,4.07100000,270.20000000,4.015
1749258632,4.07200000,264.10000000,4.015
1749258632,4.07300000,4.50000000,4.015
1749258632,4.07400000,2416.30000000,4.015
1749258632,4.07500000,1565.60000000,4.015
1749258632,4.07600000,253.30000000,4.015
1749258632,4.07700000,6.30000000,4.015
1749258632,4.07800000,1025.20000000,4.015
1749258632,4.07900000,3.90000000,4.015
1749258632,4.08000000,8.90000000,4.015
1749258632,4.08100000,253.30000000,4.015
1749258632,4.08200000,20.40000000,4.015
1749258632,4.08300000,24.20000000,4.015
1749258632,4.08400000,2435.80000000,4.015
1749258632,4.08500000,5633.80000000,4.015
1749258632,4.08600000,253.30000000,4.015
1749258632,4.08700000,41.90000000,4.015
1749258632,4.08800000,5862.80000000,4.015
1749258632,4.08900000,5649.30000000,4.015
1749258632,4.09000000,44.80000000,4.015
1749258632,4.09200000,3.50000000,4.015
1749258632,4.09500000,1246.50000000,4.015
1749258632,4.09700000,529.50000000,4.015
1749258632,4.09800000,8.60000000,4.015
1749258632,4.09900000,185.60000000,4.015
1749258632,4.10000000,67.90000000,4.015
1749258632,4.10100000,57.30000000,4.015
1749258632,4.10300000,10.70000000,4.015
1749258632,4.10500000,122.00000000,4.015
1749258632,4.10600000,1.30000000,4.015
1749258632,4.10800000,2.60000000,4.015
1749258632,4.10900000,3.50000000,4.015
1749258632,4.11000000,34.00000000,4.015
1749258632,4.11100000,14.90000000,4.015
1749258632,4.11200000,35.00000000,4.015
1749258632,4.11300000,4.60000000,4.015
1749258632,4.11400000,4828.70000000,4.015
1749258632,4.11500000,2460.00000000,4.015
1749258632,4.11600000,662.80000000,4.015
1749258632,4.11700000,13.50000000,4.015
1749258632,4.11800000,12.10000000,4.015
1749258632,4.11900000,3.70000000,4.015
1749258632,4.12000000,612.90000000,4.015
1749258632,4.12100000,9.20000000,4.015
1749258964,4.01000000,449.20000000,4.009
1749258964,4.01100000,890.90000000,4.009
1749258964,4.01200000,662.80000000,4.009
1749258964,4.01300000,1213.70000000,4.009
1749258964,4.01400000,1008.20000000,4.009
1749258964,4.01500000,988.30000000,4.009
1749258964,4.01600000,806.50000000,4.009
1749258964,4.01700000,920.00000000,4.009
1749258964,4.01800000,498.70000000,4.009
1749258964,4.01900000,759.90000000,4.009
1749258964,4.02000000,379.10000000,4.009
1749258964,4.02100000,225.30000000,4.009
1749258964,4.02200000,751.60000000,4.009
1749258964,4.02300000,2878.70000000,4.009
1749258964,4.02400000,258.30000000,4.009
1749258964,4.02500000,321.70000000,4.009
1749258964,4.02600000,841.80000000,4.009
1749258964,4.02700000,348.00000000,4.009
1749258964,4.02800000,2126.40000000,4.009
1749258964,4.02900000,318.10000000,4.009
1749258964,4.03000000,2546.40000000,4.009
1749258964,4.03100000,62.90000000,4.009
1749258964,4.03200000,287.00000000,4.009
1749258964,4.03300000,320.90000000,4.009
1749258964,4.03400000,784.90000000,4.009
1749258964,4.03500000,682.00000000,4.009
1749258964,4.03600000,2440.30000000,4.009
1749258964,4.03700000,405.70000000,4.009
1749258964,4.03800000,160.90000000,4.009
1749258964,4.03900000,5875.90000000,4.009
1749258964,4.04000000,3051.50000000,4.009
1749258964,4.04100000,5774.30000000,4.009
1749258964,4.04200000,6023.10000000,4.009
1749258964,4.04300000,8.00000000,4.009
1749258964,4.04400000,257.40000000,4.009
1749258964,4.04500000,414.50000000,4.009
1749258964,4.04600000,1278.40000000,4.009
1749258964,4.04700000,420.50000000,4.009
1749258964,4.04800000,303.40000000,4.009
1749258964,4.04900000,657.60000000,4.009
1749258964,4.05000000,274.20000000,4.009
1749258964,4.05100000,860.00000000,4.009
1749258964,4.05200000,1153.20000000,4.009
1749258964,4.05300000,169.50000000,4.009
1749258964,4.05400000,6.00000000,4.009
1749258964,4.05500000,8.60000000,4.009
1749258964,4.05600000,254.70000000,4.009
1749258964,4.05700000,490.90000000,4.009
1749258964,4.05800000,10.60000000,4.009
1749258964,4.05900000,43.40000000,4.009
1749258964,4.06000000,39.60000000,4.009
1749258964,4.06100000,255.20000000,4.009
1749258964,4.06200000,254.60000000,4.009
1749258964,4.06300000,7.00000000,4.009
1749258964,4.06400000,6.10000000,4.009
1749258964,4.06500000,14.80000000,4.009
1749258964,4.06600000,2667.00000000,4.009
1749258964,4.06700000,261.40000000,4.009
1749258964,4.06800000,5.20000000,4.009
1749258964,4.06900000,1511.80000000,4.009
1749258964,4.07000000,2.60000000,4.009
1749258964,4.07100000,270.20000000,4.009
1749258964,4.07200000,264.10000000,4.009
1749258964,4.07300000,4.50000000,4.009
1749258964,4.07400000,8.80000000,4.009
1749258964,4.07500000,839.70000000,4.009
1749258964,4.07600000,253.30000000,4.009
1749258964,4.07700000,6.30000000,4.009
1749258964,4.07800000,251.20000000,4.009
1749258964,4.07900000,3.90000000,4.009
1749258964,4.08000000,2422.60000000,4.009
1749258964,4.08100000,5869.80000000,4.009
1749258964,4.08200000,5628.60000000,4.009
1749258964,4.08300000,24.20000000,4.009
1749258964,4.08400000,22.10000000,4.009
1749258964,4.08500000,5633.80000000,4.009
1749258964,4.08600000,780.20000000,4.009
1749258964,4.08700000,39.30000000,4.009
1749258964,4.08800000,259.70000000,4.009
1749258964,4.08900000,47.50000000,4.009
1749258964,4.09000000,42.20000000,4.009
1749258964,4.09200000,3.50000000,4.009
1749258964,4.09500000,1246.50000000,4.009
1749258964,4.09800000,8.60000000,4.009
1749258964,4.09900000,185.60000000,4.009
1749258964,4.10000000,67.90000000,4.009
1749258964,4.10100000,57.30000000,4.009
1749258964,4.10300000,10.70000000,4.009
1749258964,4.10500000,122.00000000,4.009
1749258964,4.10600000,1.30000000,4.009
1749258964,4.10800000,2.60000000,4.009
1749258964,4.10900000,3.50000000,4.009
1749258964,4.11000000,34.00000000,4.009
1749258964,4.11100000,14.90000000,4.009
1749258964,4.11200000,35.00000000,4.009
1749258964,4.11300000,4.60000000,4.009
1749258964,4.11400000,4828.70000000,4.009
1749258964,4.11500000,2460.00000000,4.009
1749258964,4.11600000,662.80000000,4.009
1749258964,4.11700000,13.50000000,4.009
1749259272,4.00500000,119.60000000,4.004
1749259272,4.00600000,601.80000000,4.004
1749259272,4.00700000,735.90000000,4.004
1749259272,4.00800000,1117.70000000,4.004
1749259272,4.00900000,992.10000000,4.004
1749259272,4.01000000,1323.80000000,4.004
1749259272,4.01100000,982.00000000,4.004
1749259272,4.01200000,1065.60000000,4.004
1749259272,4.01300000,2405.60000000,4.004
1749259272,4.01400000,712.10000000,4.004
1749259272,4.01500000,1147.40000000,4.004
1749259272,4.01600000,476.80000000,4.004
1749259272,4.01700000,392.90000000,4.004
1749259272,4.01800000,264.80000000,4.004
1749259272,4.01900000,918.80000000,4.004
1749259272,4.02000000,1975.10000000,4.004
1749259272,4.02100000,223.90000000,4.004
1749259272,4.02200000,473.90000000,4.004
1749259272,4.02300000,689.50000000,4.004
1749259272,4.02400000,2352.10000000,4.004
1749259272,4.02500000,319.80000000,4.004
1749259272,4.02600000,931.00000000,4.004
1749259272,4.02700000,62.90000000,4.004
1749259272,4.02800000,471.80000000,4.004
1749259272,4.02900000,902.00000000,4.004
1749259272,4.03000000,416.10000000,4.004
1749259272,4.03100000,4.40000000,4.004
1749259272,4.03200000,4460.20000000,4.004
1749259272,4.03300000,264.70000000,4.004
1749259272,4.03400000,6965.30000000,4.004
1749259272,4.03500000,5625.90000000,4.004
1749259272,4.03600000,416.50000000,4.004
1749259272,4.03700000,289.00000000,4.004
1749259272,4.03800000,5775.40000000,4.004
1749259272,4.03900000,1158.80000000,4.004
1749259272,4.04000000,262.40000000,4.004
1749259272,4.04100000,658.80000000,4.004
1749259272,4.04200000,1121.40000000,4.004
1749259272,4.04300000,8.00000000,4.004
1749259272,4.04400000,257.40000000,4.004
1749259272,4.04500000,414.50000000,4.004
1749259272,4.04600000,70.10000000,4.004
1749259272,4.04700000,261.10000000,4.004
1749259272,4.04800000,303.40000000,4.004
1749259272,4.04900000,163.50000000,4.004
1749259272,4.05000000,274.20000000,4.004
1749259272,4.05100000,155.00000000,4.004
1749259272,4.05200000,255.80000000,4.004
1749259272,4.05300000,10.60000000,4.004
1749259272,4.05400000,6.00000000,4.004
1749259272,4.05500000,8.60000000,4.004
1749259272,4.05600000,253.30000000,4.004
1749259272,4.05700000,490.90000000,4.004
1749259272,4.05800000,10.60000000,4.004
1749259272,4.05900000,11.80000000,4.004
1749259272,4.06000000,39.60000000,4.004
1749259272,4.06100000,255.20000000,4.004
1749259272,4.06200000,3.90000000,4.004
1749259272,4.06300000,7.00000000,4.004
1749259272,4.06400000,1514.40000000,4.004
1749259272,4.06500000,3636.80000000,4.004
1749259272,4.06600000,253.30000000,4.004
1749259272,4.06700000,251.40000000,4.004
1749259272,4.06800000,5.20000000,4.004
1749259272,4.06900000,4.50000000,4.004
1749259272,4.07000000,2.60000000,4.004
1749259272,4.07100000,270.20000000,4.004
1749259272,4.07200000,13.40000000,4.004
1749259272,4.07300000,4.50000000,4.004
1749259272,4.07400000,5628.20000000,4.004
1749259272,4.07500000,6468.20000000,4.004
1749259272,4.07600000,253.30000000,4.004
1749259272,4.07700000,2420.00000000,4.004
1749259272,4.07800000,5625.00000000,4.004
1749259272,4.07900000,3.90000000,4.004
1749259272,4.08000000,8.90000000,4.004
1749259272,4.08100000,250.70000000,4.004
1749259272,4.08200000,17.80000000,4.004
1749259272,4.08300000,21.60000000,4.004
1749259272,4.08400000,19.50000000,4.004
1749259272,4.08500000,26.50000000,4.004
1749259272,4.08600000,780.20000000,4.004
1749259272,4.08700000,39.30000000,4.004
1749259272,4.08800000,259.70000000,4.004
1749259272,4.08900000,47.50000000,4.004
1749259272,4.09000000,42.20000000,4.004
1749259272,4.09200000,3.50000000,4.004
1749259272,4.09400000,120.70000000,4.004
1749259272,4.09500000,1246.50000000,4.004
1749259272,4.09800000,8.60000000,4.004
1749259272,4.09900000,185.60000000,4.004
1749259272,4.10000000,67.90000000,4.004
1749259272,4.10100000,57.30000000,4.004
1749259272,4.10300000,10.70000000,4.004
1749259272,4.10400000,662.80000000,4.004
1749259272,4.10500000,1.30000000,4.004
1749259272,4.10600000,1.30000000,4.004
1749259272,4.10800000,2.60000000,4.004
1749259272,4.10900000,3.50000000,4.004
1749259272,4.11000000,34.00000000,4.004
