timestamp,price,volume,current_price
1749254598,0.00939600,33427.00000000,0.009396
1749254598,0.00939700,47366.00000000,0.009396
1749254598,0.00939800,76714.00000000,0.009396
1749254598,0.00939900,48463.00000000,0.009396
1749254598,0.00940000,19415.00000000,0.009396
1749254598,0.00940100,29869.00000000,0.009396
1749254598,0.00940200,28909.00000000,0.009396
1749254598,0.00940300,92924.00000000,0.009396
1749254598,0.00940400,194735.00000000,0.009396
1749254598,0.00940500,89774.00000000,0.009396
1749254598,0.00940600,49917.00000000,0.009396
1749254598,0.00940700,95132.00000000,0.009396
1749254598,0.00940800,159200.00000000,0.009396
1749254598,0.00940900,289766.00000000,0.009396
1749254598,0.00941000,151531.00000000,0.009396
1749254598,0.00941100,162519.00000000,0.009396
1749254598,0.00941200,273842.00000000,0.009396
1749254598,0.00941300,366603.00000000,0.009396
1749254598,0.00941400,284330.00000000,0.009396
1749254598,0.00941500,811023.00000000,0.009396
1749254598,0.00941600,712809.00000000,0.009396
1749254598,0.00941700,104613.00000000,0.009396
1749254598,0.00941800,36556.00000000,0.009396
1749254598,0.00941900,25810.00000000,0.009396
1749254598,0.00942000,117005.00000000,0.009396
1749254598,0.00942100,104649.00000000,0.009396
1749254598,0.00942200,148022.00000000,0.009396
1749254598,0.00942300,25810.00000000,0.009396
1749254598,0.00942400,124887.00000000,0.009396
1749254598,0.00942500,25810.00000000,0.009396
1749254598,0.00942600,39189.00000000,0.009396
1749254598,0.00942700,182501.00000000,0.009396
1749254598,0.00942800,129399.00000000,0.009396
1749254598,0.00942900,25810.00000000,0.009396
1749254598,0.00943000,278483.00000000,0.009396
1749254598,0.00943100,883331.00000000,0.009396
1749254598,0.00943200,39339.00000000,0.009396
1749254598,0.00943300,182340.00000000,0.009396
1749254598,0.00943400,150824.00000000,0.009396
1749254598,0.00943500,36522.00000000,0.009396
1749254598,0.00943600,466047.00000000,0.009396
1749254598,0.00943700,88486.00000000,0.009396
1749254598,0.00943800,127186.00000000,0.009396
1749254598,0.00943900,717132.00000000,0.009396
1749254598,0.00944000,129523.00000000,0.009396
1749254598,0.00944100,36518.00000000,0.009396
1749254598,0.00944200,103668.00000000,0.009396
1749254598,0.00944300,1067.00000000,0.009396
1749254598,0.00944400,70767.00000000,0.009396
1749254598,0.00944500,104831.00000000,0.009396
1749254598,0.00944600,182529.00000000,0.009396
1749254598,0.00944700,11971.00000000,0.009396
1749254598,0.00944800,1066.00000000,0.009396
1749254598,0.00944900,24527.00000000,0.009396
1749254598,0.00945000,14591.00000000,0.009396
1749254598,0.00945100,104655.00000000,0.009396
1749254598,0.00945200,104814.00000000,0.009396
1749254598,0.00945300,1065.00000000,0.009396
1749254598,0.00945400,1065.00000000,0.009396
1749254598,0.00945500,11789.00000000,0.009396
1749254598,0.00945600,215227.00000000,0.009396
1749254598,0.00945700,11966.00000000,0.009396
1749254598,0.00945800,1037637.00000000,0.009396
1749254598,0.00945900,1065.00000000,0.009396
1749254598,0.00946000,1182.00000000,0.009396
1749254598,0.00946100,11789.00000000,0.009396
1749254598,0.00946200,1223.00000000,0.009396
1749254598,0.00946300,11806.00000000,0.009396
1749254598,0.00946400,208242.00000000,0.009396
1749254598,0.00946500,13363.00000000,0.009396
1749254598,0.00946600,1566.00000000,0.009396
1749254598,0.00946700,11945.00000000,0.009396
1749254598,0.00946800,1064.00000000,0.009396
1749254598,0.00946900,1064.00000000,0.009396
1749254598,0.00947000,115501.00000000,0.009396
1749254598,0.00947100,104652.00000000,0.009396
1749254598,0.00947200,25389.00000000,0.009396
1749254598,0.00947300,10727.00000000,0.009396
1749254598,0.00947400,183.00000000,0.009396
1749254598,0.00947600,114312.00000000,0.009396
1749254598,0.00947700,159.00000000,0.009396
1749254598,0.00947800,103589.00000000,0.009396
1749254598,0.00947900,4258488.00000000,0.009396
1749254598,0.00948000,117.00000000,0.009396
1749254598,0.00948200,159.00000000,0.009396
1749254598,0.00948400,103589.00000000,0.009396
1749254598,0.00948500,103589.00000000,0.009396
1749254598,0.00948700,159.00000000,0.009396
1749254598,0.00948800,768718.00000000,0.009396
1749254598,0.00949000,107534.00000000,0.009396
1749254598,0.00949100,103589.00000000,0.009396
1749254598,0.00949200,159.00000000,0.009396
1749254598,0.00949400,175.00000000,0.009396
1749254598,0.00949600,103698.00000000,0.009396
1749254598,0.00949700,103748.00000000,0.009396
1749254598,0.00950000,10778.00000000,0.009396
1749254598,0.00950100,1120.00000000,0.009396
1749254598,0.00950200,103747.00000000,0.009396
1749254598,0.00950300,103589.00000000,0.009396
1749254598,0.00950700,160.00000000,0.009396
1749254900,0.00939900,11647.00000000,0.009397
1749254900,0.00940000,61425.00000000,0.009397
1749254900,0.00940100,56230.00000000,0.009397
1749254900,0.00940200,106655.00000000,0.009397
1749254900,0.00940300,81915.00000000,0.009397
1749254900,0.00940400,313483.00000000,0.009397
1749254900,0.00940500,484152.00000000,0.009397
1749254900,0.00940600,246999.00000000,0.009397
1749254900,0.00940700,96446.00000000,0.009397
1749254900,0.00940800,341385.00000000,0.009397
1749254900,0.00940900,453394.00000000,0.009397
1749254900,0.00941000,414851.00000000,0.009397
1749254900,0.00941100,266290.00000000,0.009397
1749254900,0.00941200,598510.00000000,0.009397
1749254900,0.00941300,255495.00000000,0.009397
1749254900,0.00941400,391636.00000000,0.009397
1749254900,0.00941500,417562.00000000,0.009397
1749254900,0.00941600,943932.00000000,0.009397
1749254900,0.00941700,284119.00000000,0.009397
1749254900,0.00941800,557841.00000000,0.009397
1749254900,0.00941900,42304.00000000,0.009397
1749254900,0.00942000,114344.00000000,0.009397
1749254900,0.00942100,147855.00000000,0.009397
1749254900,0.00942200,104809.00000000,0.009397
1749254900,0.00942300,25810.00000000,0.009397
1749254900,0.00942400,114220.00000000,0.009397
1749254900,0.00942500,1060.00000000,0.009397
1749254900,0.00942600,36528.00000000,0.009397
1749254900,0.00942700,336884.00000000,0.009397
1749254900,0.00942800,335602.00000000,0.009397
1749254900,0.00942900,1060.00000000,0.009397
1749254900,0.00943000,25926.00000000,0.009397
1749254900,0.00943100,1265501.00000000,0.009397
1749254900,0.00943200,36682.00000000,0.009397
1749254900,0.00943300,839373.00000000,0.009397
1749254900,0.00943400,129398.00000000,0.009397
1749254900,0.00943500,36522.00000000,0.009397
1749254900,0.00943600,388355.00000000,0.009397
1749254900,0.00943700,88486.00000000,0.009397
1749254900,0.00943800,49136.00000000,0.009397
1749254900,0.00943900,104656.00000000,0.009397
1749254900,0.00944000,224747.00000000,0.009397
1749254900,0.00944100,36518.00000000,0.009397
1749254900,0.00944200,1226.00000000,0.009397
1749254900,0.00944300,1067.00000000,0.009397
1749254900,0.00944400,43362.00000000,0.009397
1749254900,0.00944500,104831.00000000,0.009397
1749254900,0.00944600,104837.00000000,0.009397
1749254900,0.00944700,11971.00000000,0.009397
1749254900,0.00944800,1066.00000000,0.009397
1749254900,0.00944900,24636.00000000,0.009397
1749254900,0.00945000,11936.00000000,0.009397
1749254900,0.00945100,104655.00000000,0.009397
1749254900,0.00945200,104813.00000000,0.009397
1749254900,0.00945300,1065.00000000,0.009397
1749254900,0.00945400,1065.00000000,0.009397
1749254900,0.00945500,11789.00000000,0.009397
1749254900,0.00945600,212565.00000000,0.009397
1749254900,0.00945700,11966.00000000,0.009397
1749254900,0.00945800,304854.00000000,0.009397
1749254900,0.00945900,1065.00000000,0.009397
1749254900,0.00946000,1182.00000000,0.009397
1749254900,0.00946100,11790.00000000,0.009397
1749254900,0.00946200,1223.00000000,0.009397
1749254900,0.00946300,11806.00000000,0.009397
1749254900,0.00946400,208242.00000000,0.009397
1749254900,0.00946500,13363.00000000,0.009397
1749254900,0.00946600,1566.00000000,0.009397
1749254900,0.00946700,1223.00000000,0.009397
1749254900,0.00946800,1064.00000000,0.009397
1749254900,0.00946900,1064.00000000,0.009397
1749254900,0.00947000,104770.00000000,0.009397
1749254900,0.00947100,104653.00000000,0.009397
1749254900,0.00947200,26453.00000000,0.009397
1749254900,0.00947300,1063.00000000,0.009397
1749254900,0.00947400,1246.00000000,0.009397
1749254900,0.00947600,4358901.00000000,0.009397
1749254900,0.00947700,159.00000000,0.009397
1749254900,0.00947800,103589.00000000,0.009397
1749254900,0.00948000,117.00000000,0.009397
1749254900,0.00948200,159.00000000,0.009397
1749254900,0.00948400,103589.00000000,0.009397
1749254900,0.00948500,103589.00000000,0.009397
1749254900,0.00948600,765811.00000000,0.009397
1749254900,0.00948700,159.00000000,0.009397
1749254900,0.00948800,2660.00000000,0.009397
1749254900,0.00948900,3729.00000000,0.009397
1749254900,0.00949000,289727.00000000,0.009397
1749254900,0.00949100,103589.00000000,0.009397
1749254900,0.00949200,159.00000000,0.009397
1749254900,0.00949400,175.00000000,0.009397
1749254900,0.00949600,103589.00000000,0.009397
1749254900,0.00949700,103748.00000000,0.009397
1749254900,0.00950000,10662.00000000,0.009397
1749254900,0.00950100,1120.00000000,0.009397
1749254900,0.00950200,103747.00000000,0.009397
1749254900,0.00950300,103589.00000000,0.009397
1749254900,0.00950700,160.00000000,0.009397
1749254900,0.00950800,103589.00000000,0.009397
1749254900,0.00950900,103589.00000000,0.009397
