timestamp,price,volume,current_price
1749260757,0.00969400,76920.00000000,0.009694
1749260757,0.00969500,92887.00000000,0.009694
1749260757,0.00969600,150022.00000000,0.009694
1749260757,0.00969700,217504.00000000,0.009694
1749260757,0.00969800,278396.00000000,0.009694
1749260757,0.00969900,246499.00000000,0.009694
1749260757,0.00970000,157232.00000000,0.009694
1749260757,0.00970100,251976.00000000,0.009694
1749260757,0.00970200,202160.00000000,0.009694
1749260757,0.00970300,458953.00000000,0.009694
1749260757,0.00970400,571652.00000000,0.009694
1749260757,0.00970500,497150.00000000,0.009694
1749260757,0.00970600,285906.00000000,0.009694
1749260757,0.00970700,292178.00000000,0.009694
1749260757,0.00970800,63107.00000000,0.009694
1749260757,0.00970900,122687.00000000,0.009694
1749260757,0.00971000,172038.00000000,0.009694
1749260757,0.00971100,212346.00000000,0.009694
1749260757,0.00971200,266452.00000000,0.009694
1749260757,0.00971300,341842.00000000,0.009694
1749260757,0.00971400,164762.00000000,0.009694
1749260757,0.00971500,402510.00000000,0.009694
1749260757,0.00971600,361644.00000000,0.009694
1749260757,0.00971700,739048.00000000,0.009694
1749260757,0.00971800,129489.00000000,0.009694
1749260757,0.00971900,25786.00000000,0.009694
1749260757,0.00972000,65754.00000000,0.009694
1749260757,0.00972100,504577.00000000,0.009694
1749260757,0.00972200,25939.00000000,0.009694
1749260757,0.00972300,25784.00000000,0.009694
1749260757,0.00972400,833989.00000000,0.009694
1749260757,0.00972500,376906.00000000,0.009694
1749260757,0.00972600,25785.00000000,0.009694
1749260757,0.00972700,103632.00000000,0.009694
1749260757,0.00972800,1149.00000000,0.009694
1749260757,0.00972900,1035.00000000,0.009694
1749260757,0.00973000,1035.00000000,0.009694
1749260757,0.00973100,191162.00000000,0.009694
1749260757,0.00973200,208482.00000000,0.009694
1749260757,0.00973300,78906.00000000,0.009694
1749260757,0.00973400,246569.00000000,0.009694
1749260757,0.00973500,385970.00000000,0.009694
1749260757,0.00973600,1329.00000000,0.009694
1749260757,0.00973700,1189.00000000,0.009694
1749260757,0.00973800,208212.00000000,0.009694
1749260757,0.00973900,78726.00000000,0.009694
1749260757,0.00974000,1147.00000000,0.009694
1749260757,0.00974100,1034.00000000,0.009694
1749260757,0.00974200,595410.00000000,0.009694
1749260757,0.00974300,1203.00000000,0.009694
1749260757,0.00974400,182427.00000000,0.009694
1749260757,0.00974500,460393.00000000,0.009694
1749260757,0.00974600,104622.00000000,0.009694
1749260757,0.00974700,110556.00000000,0.009694
1749260757,0.00974800,1033.00000000,0.009694
1749260757,0.00974900,1033.00000000,0.009694
1749260757,0.00975000,1033.00000000,0.009694
1749260757,0.00975100,1033.00000000,0.009694
1749260757,0.00975200,208365.00000000,0.009694
1749260757,0.00975300,231307.00000000,0.009694
1749260757,0.00975400,1032.00000000,0.009694
1749260757,0.00975500,335033.00000000,0.009694
1749260757,0.00975600,1145.00000000,0.009694
1749260757,0.00975700,1688.00000000,0.009694
1749260757,0.00975800,208327.00000000,0.009694
1749260757,0.00975900,47208.00000000,0.009694
1749260757,0.00976000,1032.00000000,0.009694
1749260757,0.00976100,1031.00000000,0.009694
1749260757,0.00976200,1185.00000000,0.009694
1749260757,0.00976300,1031.00000000,0.009694
1749260757,0.00976400,208315.00000000,0.009694
1749260757,0.00976500,396441.00000000,0.009694
1749260757,0.00976600,1031.00000000,0.009694
1749260757,0.00976700,1185.00000000,0.009694
1749260757,0.00976800,1144.00000000,0.009694
1749260757,0.00976900,1031.00000000,0.009694
1749260757,0.00977100,207178.00000000,0.009694
1749260757,0.00977200,154.00000000,0.009694
1749260757,0.00977400,4133344.00000000,0.009694
1749260757,0.00977500,358229.00000000,0.009694
1749260757,0.00977700,207332.00000000,0.009694
1749260757,0.00978000,24508.00000000,0.009694
1749260757,0.00978200,154.00000000,0.009694
1749260757,0.00978400,207178.00000000,0.009694
1749260757,0.00978500,357970.00000000,0.009694
1749260757,0.00978700,154.00000000,0.009694
1749260757,0.00979000,207178.00000000,0.009694
1749260757,0.00979200,267.00000000,0.009694
1749260757,0.00979400,3880.00000000,0.009694
1749260757,0.00979500,1098576.00000000,0.009694
1749260757,0.00979700,207332.00000000,0.009694
1749260757,0.00980000,4573.00000000,0.009694
1749260757,0.00980200,3551.00000000,0.009694
1749260757,0.00980300,207178.00000000,0.009694
1749260757,0.00980400,113.00000000,0.009694
1749260757,0.00980500,374528.00000000,0.009694
1749260757,0.00980700,154.00000000,0.009694
1749260757,0.00981000,207178.00000000,0.009694
1749260757,0.00981200,153.00000000,0.009694
1749260757,0.00981300,186103.00000000,0.009694
1749261077,0.00975500,402160.00000000,0.009755
1749261077,0.00975600,1299.00000000,0.009755
1749261077,0.00975700,32568.00000000,0.009755
1749261077,0.00975800,70664.00000000,0.009755
1749261077,0.00975900,117972.00000000,0.009755
1749261077,0.00976000,111912.00000000,0.009755
1749261077,0.00976100,133435.00000000,0.009755
1749261077,0.00976200,51844.00000000,0.009755
1749261077,0.00976300,397586.00000000,0.009755
1749261077,0.00976400,1411739.00000000,0.009755
1749261077,0.00976500,877081.00000000,0.009755
1749261077,0.00976600,315721.00000000,0.009755
1749261077,0.00976700,221844.00000000,0.009755
1749261077,0.00976800,114146.00000000,0.009755
1749261077,0.00976900,155419.00000000,0.009755
1749261077,0.00977000,520343.00000000,0.009755
1749261077,0.00977100,659419.00000000,0.009755
1749261077,0.00977200,66639.00000000,0.009755
1749261077,0.00977300,142714.00000000,0.009755
1749261077,0.00977400,258265.00000000,0.009755
1749261077,0.00977500,359259.00000000,0.009755
1749261077,0.00977600,320065.00000000,0.009755
1749261077,0.00977700,846530.00000000,0.009755
1749261077,0.00977800,36169.00000000,0.009755
1749261077,0.00977900,309180.00000000,0.009755
1749261077,0.00978000,124225.00000000,0.009755
1749261077,0.00978100,1029.00000000,0.009755
1749261077,0.00978200,11551.00000000,0.009755
1749261077,0.00978300,103471.00000000,0.009755
1749261077,0.00978400,208320.00000000,0.009755
1749261077,0.00978500,369373.00000000,0.009755
1749261077,0.00978600,113849.00000000,0.009755
1749261077,0.00978700,82155.00000000,0.009755
1749261077,0.00978800,1142.00000000,0.009755
1749261077,0.00978900,1029.00000000,0.009755
1749261077,0.00979000,208207.00000000,0.009755
1749261077,0.00979100,11407.00000000,0.009755
1749261077,0.00979200,78987.00000000,0.009755
1749261077,0.00979300,1028.00000000,0.009755
1749261077,0.00979400,11575.00000000,0.009755
1749261077,0.00979500,538110.00000000,0.009755
1749261077,0.00979600,11406.00000000,0.009755
1749261077,0.00979700,798888.00000000,0.009755
1749261077,0.00979800,91334.00000000,0.009755
1749261077,0.00979900,11402.00000000,0.009755
1749261077,0.00980000,2941.00000000,0.009755
1749261077,0.00980100,97366.00000000,0.009755
1749261077,0.00980200,4579.00000000,0.009755
1749261077,0.00980300,208206.00000000,0.009755
1749261077,0.00980400,11493.00000000,0.009755
1749261077,0.00980500,575708.00000000,0.009755
1749261077,0.00980600,1027.00000000,0.009755
1749261077,0.00980700,1180.00000000,0.009755
1749261077,0.00980800,1026.00000000,0.009755
1749261077,0.00980900,1026.00000000,0.009755
1749261077,0.00981000,208204.00000000,0.009755
1749261077,0.00981100,1026.00000000,0.009755
1749261077,0.00981200,1179.00000000,0.009755
1749261077,0.00981300,1132.00000000,0.009755
1749261077,0.00981400,11379.00000000,0.009755
1749261077,0.00981500,415486.00000000,0.009755
1749261077,0.00981600,1139.00000000,0.009755
1749261077,0.00981700,1179.00000000,0.009755
1749261077,0.00981800,13324.00000000,0.009755
1749261077,0.00981900,208203.00000000,0.009755
1749261077,0.00982000,1150.00000000,0.009755
1749261077,0.00982100,1202.00000000,0.009755
1749261077,0.00982200,1178.00000000,0.009755
1749261077,0.00982300,1609.00000000,0.009755
1749261077,0.00982400,1228.00000000,0.009755
1749261077,0.00982500,379617.00000000,0.009755
1749261077,0.00982600,208203.00000000,0.009755
1749261077,0.00982700,1180.00000000,0.009755
1749261077,0.00982800,1136.00000000,0.009755
1749261077,0.00982900,1024.00000000,0.009755
1749261077,0.00983000,1642.00000000,0.009755
1749261077,0.00983200,209993.00000000,0.009755
1749261077,0.00983400,4105504.00000000,0.009755
1749261077,0.00983500,363435.00000000,0.009755
1749261077,0.00983700,155.00000000,0.009755
1749261077,0.00983800,207178.00000000,0.009755
1749261077,0.00984000,112.00000000,0.009755
1749261077,0.00984200,155.00000000,0.009755
1749261077,0.00984400,212424.00000000,0.009755
1749261077,0.00984500,1099919.00000000,0.009755
1749261077,0.00984700,692.00000000,0.009755
1749261077,0.00985000,103714.00000000,0.009755
1749261077,0.00985100,11692.00000000,0.009755
1749261077,0.00985200,266.00000000,0.009755
1749261077,0.00985500,386086.00000000,0.009755
1749261077,0.00985700,928.00000000,0.009755
1749261077,0.00986000,184433.00000000,0.009755
1749261077,0.00986100,105.00000000,0.009755
1749261077,0.00986200,1115.00000000,0.009755
1749261077,0.00986400,229.00000000,0.009755
1749261077,0.00986500,317376.00000000,0.009755
1749261077,0.00987200,709.00000000,0.009755
1749261077,0.00987300,1215.00000000,0.009755
1749261077,0.00987400,3796.00000000,0.009755
1749261077,0.00987500,352232.00000000,0.009755
1749261391,0.00979700,70153.00000000,0.009798
1749261391,0.00979800,107730.00000000,0.009798
1749261391,0.00979900,75105.00000000,0.009798
1749261391,0.00980000,52985.00000000,0.009798
1749261391,0.00980100,101227.00000000,0.009798
1749261391,0.00980200,46647.00000000,0.009798
1749261391,0.00980300,101919.00000000,0.009798
1749261391,0.00980400,170415.00000000,0.009798
1749261391,0.00980500,241240.00000000,0.009798
1749261391,0.00980600,72079.00000000,0.009798
1749261391,0.00980700,281628.00000000,0.009798
1749261391,0.00980800,164878.00000000,0.009798
1749261391,0.00980900,178235.00000000,0.009798
1749261391,0.00981000,239248.00000000,0.009798
1749261391,0.00981100,379964.00000000,0.009798
1749261391,0.00981200,254283.00000000,0.009798
1749261391,0.00981300,512367.00000000,0.009798
1749261391,0.00981400,451559.00000000,0.009798
1749261391,0.00981500,369463.00000000,0.009798
1749261391,0.00981600,73765.00000000,0.009798
1749261391,0.00981700,208561.00000000,0.009798
1749261391,0.00981800,578101.00000000,0.009798
1749261391,0.00981900,501780.00000000,0.009798
1749261391,0.00982000,835141.00000000,0.009798
1749261391,0.00982100,25952.00000000,0.009798
1749261391,0.00982200,109889.00000000,0.009798
1749261391,0.00982300,26359.00000000,0.009798
1749261391,0.00982400,103782.00000000,0.009798
1749261391,0.00982500,379617.00000000,0.009798
1749261391,0.00982600,226631.00000000,0.009798
1749261391,0.00982700,1180.00000000,0.009798
1749261391,0.00982800,25887.00000000,0.009798
1749261391,0.00982900,1025.00000000,0.009798
1749261391,0.00983000,250917.00000000,0.009798
1749261391,0.00983100,620795.00000000,0.009798
1749261391,0.00983200,208469.00000000,0.009798
1749261391,0.00983300,1024.00000000,0.009798
1749261391,0.00983400,78716.00000000,0.009798
1749261391,0.00983500,339229.00000000,0.009798
1749261391,0.00983600,251132.00000000,0.009798
1749261391,0.00983700,1179.00000000,0.009798
1749261391,0.00983800,208202.00000000,0.009798
1749261391,0.00983900,1023.00000000,0.009798
1749261391,0.00984000,78827.00000000,0.009798
1749261391,0.00984100,1023.00000000,0.009798
1749261391,0.00984200,1178.00000000,0.009798
1749261391,0.00984300,78715.00000000,0.009798
1749261391,0.00984400,797138.00000000,0.009798
1749261391,0.00984500,424919.00000000,0.009798
1749261391,0.00984600,1023.00000000,0.009798
1749261391,0.00984700,1715.00000000,0.009798
1749261391,0.00984800,1023.00000000,0.009798
1749261391,0.00984900,78715.00000000,0.009798
1749261391,0.00985000,104737.00000000,0.009798
1749261391,0.00985100,25328.00000000,0.009798
1749261391,0.00985200,1288.00000000,0.009798
1749261391,0.00985300,76053.00000000,0.009798
1749261391,0.00985400,182303.00000000,0.009798
1749261391,0.00985500,613510.00000000,0.009798
1749261391,0.00985600,104611.00000000,0.009798
1749261391,0.00985700,2103.00000000,0.009798
1749261391,0.00985800,1021.00000000,0.009798
1749261391,0.00985900,1021.00000000,0.009798
1749261391,0.00986000,14444.00000000,0.009798
1749261391,0.00986100,1126.00000000,0.009798
1749261391,0.00986200,105879.00000000,0.009798
1749261391,0.00986300,1021.00000000,0.009798
1749261391,0.00986400,151015.00000000,0.009798
1749261391,0.00986500,318397.00000000,0.009798
1749261391,0.00986600,1021.00000000,0.009798
1749261391,0.00986700,1175.00000000,0.009798
1749261391,0.00986800,1020.00000000,0.009798
1749261391,0.00986900,1020.00000000,0.009798
1749261391,0.00987000,1020.00000000,0.009798
1749261391,0.00987100,1020.00000000,0.009798
1749261391,0.00987200,1883.00000000,0.009798
1749261391,0.00987300,2235.00000000,0.009798
1749261391,0.00987400,104609.00000000,0.009798
1749261391,0.00987500,352232.00000000,0.009798
1749261391,0.00987600,103701.00000000,0.009798
1749261391,0.00987700,154.00000000,0.009798
1749261391,0.00987800,4126950.00000000,0.009798
1749261391,0.00988000,104156.00000000,0.009798
1749261391,0.00988100,108.00000000,0.009798
1749261391,0.00988200,154.00000000,0.009798
1749261391,0.00988500,356729.00000000,0.009798
1749261391,0.00988600,103589.00000000,0.009798
1749261391,0.00988700,154.00000000,0.009798
1749261391,0.00988800,105743.00000000,0.009798
1749261391,0.00989000,711.00000000,0.009798
1749261391,0.00989100,809.00000000,0.009798
1749261391,0.00989200,154.00000000,0.009798
1749261391,0.00989300,2660.00000000,0.009798
1749261391,0.00989400,3779.00000000,0.009798
1749261391,0.00989500,1064700.00000000,0.009798
1749261391,0.00989600,168.00000000,0.009798
1749261391,0.00989700,154.00000000,0.009798
1749261391,0.00990000,169887.00000000,0.009798
1749261391,0.00990200,154.00000000,0.009798
1749261391,0.00990300,502.00000000,0.009798
1749261693,0.00983700,68516.00000000,0.009838
1749261693,0.00983800,93234.00000000,0.009838
1749261693,0.00983900,59033.00000000,0.009838
1749261693,0.00984000,45736.00000000,0.009838
1749261693,0.00984100,15742.00000000,0.009838
1749261693,0.00984200,201752.00000000,0.009838
1749261693,0.00984300,167810.00000000,0.009838
1749261693,0.00984400,232221.00000000,0.009838
1749261693,0.00984500,384560.00000000,0.009838
1749261693,0.00984600,87182.00000000,0.009838
1749261693,0.00984700,249100.00000000,0.009838
1749261693,0.00984800,206264.00000000,0.009838
1749261693,0.00984900,387705.00000000,0.009838
1749261693,0.00985000,757806.00000000,0.009838
1749261693,0.00985100,423106.00000000,0.009838
1749261693,0.00985200,438074.00000000,0.009838
1749261693,0.00985300,274011.00000000,0.009838
1749261693,0.00985400,103569.00000000,0.009838
1749261693,0.00985500,429806.00000000,0.009838
1749261693,0.00985600,129473.00000000,0.009838
1749261693,0.00985700,210547.00000000,0.009838
1749261693,0.00985800,382127.00000000,0.009838
1749261693,0.00985900,52853.00000000,0.009838
1749261693,0.00986000,499798.00000000,0.009838
1749261693,0.00986100,115581.00000000,0.009838
1749261693,0.00986200,140926.00000000,0.009838
1749261693,0.00986300,122233.00000000,0.009838
1749261693,0.00986400,139886.00000000,0.009838
1749261693,0.00986500,905498.00000000,0.009838
1749261693,0.00986600,25771.00000000,0.009838
1749261693,0.00986700,645695.00000000,0.009838
1749261693,0.00986800,307735.00000000,0.009838
1749261693,0.00986900,276395.00000000,0.009838
1749261693,0.00987000,36031.00000000,0.009838
1749261693,0.00987100,1020.00000000,0.009838
1749261693,0.00987200,1995.00000000,0.009838
1749261693,0.00987300,2235.00000000,0.009838
1749261693,0.00987400,192598.00000000,0.009838
1749261693,0.00987500,354365.00000000,0.009838
1749261693,0.00987600,129471.00000000,0.009838
1749261693,0.00987700,13787.00000000,0.009838
1749261693,0.00987800,1019.00000000,0.009838
1749261693,0.00987900,1019.00000000,0.009838
1749261693,0.00988000,115559.00000000,0.009838
1749261693,0.00988100,74965.00000000,0.009838
1749261693,0.00988200,130159.00000000,0.009838
1749261693,0.00988300,1019.00000000,0.009838
1749261693,0.00988400,1019.00000000,0.009838
1749261693,0.00988500,358862.00000000,0.009838
1749261693,0.00988600,104608.00000000,0.009838
1749261693,0.00988700,34917.00000000,0.009838
1749261693,0.00988800,179554.00000000,0.009838
1749261693,0.00988900,1018.00000000,0.009838
1749261693,0.00989000,1729.00000000,0.009838
1749261693,0.00989100,1827.00000000,0.009838
1749261693,0.00989200,104761.00000000,0.009838
1749261693,0.00989300,11278.00000000,0.009838
1749261693,0.00989400,114867.00000000,0.009838
1749261693,0.00989500,534353.00000000,0.009838
1749261693,0.00989600,1186.00000000,0.009838
1749261693,0.00989700,11436.00000000,0.009838
1749261693,0.00989800,1017.00000000,0.009838
1749261693,0.00989900,1017.00000000,0.009838
1749261693,0.00990000,229379.00000000,0.009838
1749261693,0.00990100,1017.00000000,0.009838
1749261693,0.00990200,1171.00000000,0.009838
1749261693,0.00990300,1519.00000000,0.009838
1749261693,0.00990400,104605.00000000,0.009838
1749261693,0.00990500,362795.00000000,0.009838
1749261693,0.00990600,104605.00000000,0.009838
1749261693,0.00990700,1169.00000000,0.009838
1749261693,0.00990800,1016.00000000,0.009838
1749261693,0.00990900,1016.00000000,0.009838
1749261693,0.00991000,104780.00000000,0.009838
1749261693,0.00991100,1016.00000000,0.009838
1749261693,0.00991200,104973.00000000,0.009838
1749261693,0.00991300,1120.00000000,0.009838
1749261693,0.00991500,384640.00000000,0.009838
1749261693,0.00991600,103589.00000000,0.009838
1749261693,0.00991700,153.00000000,0.009838
1749261693,0.00991800,4173589.00000000,0.009838
1749261693,0.00991900,25230.00000000,0.009838
1749261693,0.00992200,732230.00000000,0.009838
1749261693,0.00992400,103700.00000000,0.009838
1749261693,0.00992500,358837.00000000,0.009838
1749261693,0.00992700,153.00000000,0.009838
1749261693,0.00992800,103589.00000000,0.009838
1749261693,0.00993000,103589.00000000,0.009838
1749261693,0.00993100,2660.00000000,0.009838
1749261693,0.00993200,153.00000000,0.009838
1749261693,0.00993500,335419.00000000,0.009838
1749261693,0.00993600,103700.00000000,0.009838
1749261693,0.00993700,153.00000000,0.009838
1749261693,0.00994000,103589.00000000,0.009838
1749261693,0.00994200,153.00000000,0.009838
1749261693,0.00994500,339741.00000000,0.009838
1749261693,0.00994700,153.00000000,0.009838
1749261693,0.00994800,103867.00000000,0.009838
1749261693,0.00995000,125.00000000,0.009838
1749261693,0.00995200,103742.00000000,0.009838
1749262000,0.00986400,60395.00000000,0.009864
1749262000,0.00986500,367724.00000000,0.009864
1749262000,0.00986600,31828.00000000,0.009864
1749262000,0.00986700,36197.00000000,0.009864
1749262000,0.00986800,42792.00000000,0.009864
1749262000,0.00986900,58923.00000000,0.009864
1749262000,0.00987000,161794.00000000,0.009864
1749262000,0.00987100,154681.00000000,0.009864
1749262000,0.00987200,532532.00000000,0.009864
1749262000,0.00987300,484039.00000000,0.009864
1749262000,0.00987400,537910.00000000,0.009864
1749262000,0.00987500,912134.00000000,0.009864
1749262000,0.00987600,266340.00000000,0.009864
1749262000,0.00987700,391950.00000000,0.009864
1749262000,0.00987800,155175.00000000,0.009864
1749262000,0.00987900,280447.00000000,0.009864
1749262000,0.00988000,341611.00000000,0.009864
1749262000,0.00988100,414705.00000000,0.009864
1749262000,0.00988200,171786.00000000,0.009864
1749262000,0.00988300,302484.00000000,0.009864
1749262000,0.00988400,645652.00000000,0.009864
1749262000,0.00988500,436554.00000000,0.009864
1749262000,0.00988600,52851.00000000,0.009864
1749262000,0.00988700,48035.00000000,0.009864
1749262000,0.00988800,229008.00000000,0.009864
1749262000,0.00988900,103460.00000000,0.009864
1749262000,0.00989000,1729.00000000,0.009864
1749262000,0.00989100,585992.00000000,0.009864
1749262000,0.00989200,103726.00000000,0.009864
1749262000,0.00989300,166987.00000000,0.009864
1749262000,0.00989400,129357.00000000,0.009864
1749262000,0.00989500,409923.00000000,0.009864
1749262000,0.00989600,26048.00000000,0.009864
1749262000,0.00989700,379507.00000000,0.009864
1749262000,0.00989800,103459.00000000,0.009864
1749262000,0.00989900,1017.00000000,0.009864
1749262000,0.00990000,170904.00000000,0.009864
1749262000,0.00990100,103459.00000000,0.009864
1749262000,0.00990200,1171.00000000,0.009864
1749262000,0.00990300,38883.00000000,0.009864
1749262000,0.00990400,129355.00000000,0.009864
1749262000,0.00990500,363911.00000000,0.009864
1749262000,0.00990600,104605.00000000,0.009864
1749262000,0.00990700,1169.00000000,0.009864
1749262000,0.00990800,1016.00000000,0.009864
1749262000,0.00990900,1016.00000000,0.009864
1749262000,0.00991000,104780.00000000,0.009864
1749262000,0.00991100,1016.00000000,0.009864
1749262000,0.00991200,202780.00000000,0.009864
1749262000,0.00991300,2135.00000000,0.009864
1749262000,0.00991400,1015.00000000,0.009864
1749262000,0.00991500,386772.00000000,0.009864
1749262000,0.00991600,167113.00000000,0.009864
1749262000,0.00991700,1168.00000000,0.009864
1749262000,0.00991800,104604.00000000,0.009864
1749262000,0.00991900,1015.00000000,0.009864
1749262000,0.00992000,1015.00000000,0.009864
1749262000,0.00992100,1015.00000000,0.009864
1749262000,0.00992200,1168.00000000,0.009864
1749262000,0.00992300,1014.00000000,0.009864
1749262000,0.00992400,104714.00000000,0.009864
1749262000,0.00992500,562473.00000000,0.009864
1749262000,0.00992600,1014.00000000,0.009864
1749262000,0.00992700,1167.00000000,0.009864
1749262000,0.00992800,104603.00000000,0.009864
1749262000,0.00992900,1014.00000000,0.009864
1749262000,0.00993000,150779.00000000,0.009864
1749262000,0.00993100,1014.00000000,0.009864
1749262000,0.00993200,1167.00000000,0.009864
1749262000,0.00993300,1014.00000000,0.009864
1749262000,0.00993400,104602.00000000,0.009864
1749262000,0.00993500,336432.00000000,0.009864
1749262000,0.00993600,104713.00000000,0.009864
1749262000,0.00993700,1166.00000000,0.009864
1749262000,0.00993800,1013.00000000,0.009864
1749262000,0.00993900,1013.00000000,0.009864
1749262000,0.00994000,4166149.00000000,0.009864
1749262000,0.00994100,12299.00000000,0.009864
1749262000,0.00994200,153.00000000,0.009864
1749262000,0.00994500,339741.00000000,0.009864
1749262000,0.00994600,833620.00000000,0.009864
1749262000,0.00994700,153.00000000,0.009864
1749262000,0.00994800,103867.00000000,0.009864
1749262000,0.00995000,3879.00000000,0.009864
1749262000,0.00995200,103742.00000000,0.009864
1749262000,0.00995500,344348.00000000,0.009864
1749262000,0.00995600,910.00000000,0.009864
1749262000,0.00995700,153.00000000,0.009864
1749262000,0.00996000,104984.00000000,0.009864
1749262000,0.00996100,27994.00000000,0.009864
1749262000,0.00996200,153.00000000,0.009864
1749262000,0.00996400,103589.00000000,0.009864
1749262000,0.00996500,398544.00000000,0.009864
1749262000,0.00996700,153.00000000,0.009864
1749262000,0.00997000,117.00000000,0.009864
1749262000,0.00997200,264.00000000,0.009864
1749262000,0.00997500,315961.00000000,0.009864
1749262000,0.00997600,104091.00000000,0.009864
1749262000,0.00997700,152.00000000,0.009864
1749262000,0.00997800,18361.00000000,0.009864
1749262307,0.00989500,35216.00000000,0.009888
1749262307,0.00989600,83996.00000000,0.009888
1749262307,0.00989700,69463.00000000,0.009888
1749262307,0.00989800,50644.00000000,0.009888
1749262307,0.00989900,99614.00000000,0.009888
1749262307,0.00990000,213617.00000000,0.009888
1749262307,0.00990100,117782.00000000,0.009888
1749262307,0.00990200,304045.00000000,0.009888
1749262307,0.00990300,236133.00000000,0.009888
1749262307,0.00990400,165277.00000000,0.009888
1749262307,0.00990500,532390.00000000,0.009888
1749262307,0.00990600,338136.00000000,0.009888
1749262307,0.00990700,60888.00000000,0.009888
1749262307,0.00990800,112493.00000000,0.009888
1749262307,0.00990900,299715.00000000,0.009888
1749262307,0.00991000,175954.00000000,0.009888
1749262307,0.00991100,268639.00000000,0.009888
1749262307,0.00991200,322935.00000000,0.009888
1749262307,0.00991300,314933.00000000,0.009888
1749262307,0.00991400,782330.00000000,0.009888
1749262307,0.00991500,625310.00000000,0.009888
1749262307,0.00991600,209069.00000000,0.009888
1749262307,0.00991700,172421.00000000,0.009888
1749262307,0.00991800,304270.00000000,0.009888
1749262307,0.00991900,25765.00000000,0.009888
1749262307,0.00992000,740014.00000000,0.009888
1749262307,0.00992100,132357.00000000,0.009888
1749262307,0.00992200,129507.00000000,0.009888
1749262307,0.00992300,25765.00000000,0.009888
1749262307,0.00992400,192625.00000000,0.009888
1749262307,0.00992500,371056.00000000,0.009888
1749262307,0.00992600,25764.00000000,0.009888
1749262307,0.00992700,1167.00000000,0.009888
1749262307,0.00992800,129464.00000000,0.009888
1749262307,0.00992900,655754.00000000,0.009888
1749262307,0.00993000,192515.00000000,0.009888
1749262307,0.00993100,607198.00000000,0.009888
1749262307,0.00993200,1277.00000000,0.009888
1749262307,0.00993300,468972.00000000,0.009888
1749262307,0.00993400,182294.00000000,0.009888
1749262307,0.00993500,337551.00000000,0.009888
1749262307,0.00993600,129463.00000000,0.009888
1749262307,0.00993700,1166.00000000,0.009888
1749262307,0.00993800,1013.00000000,0.009888
1749262307,0.00993900,1013.00000000,0.009888
1749262307,0.00994000,192625.00000000,0.009888
1749262307,0.00994100,49224.00000000,0.009888
1749262307,0.00994200,1166.00000000,0.009888
1749262307,0.00994300,25763.00000000,0.009888
1749262307,0.00994400,113675.00000000,0.009888
1749262307,0.00994500,416286.00000000,0.009888
1749262307,0.00994600,104601.00000000,0.009888
1749262307,0.00994700,1165.00000000,0.009888
1749262307,0.00994800,104879.00000000,0.009888
1749262307,0.00994900,11220.00000000,0.009888
1749262307,0.00995000,63646.00000000,0.009888
1749262307,0.00995100,11221.00000000,0.009888
1749262307,0.00995200,104754.00000000,0.009888
1749262307,0.00995300,1012.00000000,0.009888
1749262307,0.00995400,114808.00000000,0.009888
1749262307,0.00995500,345359.00000000,0.009888
1749262307,0.00995600,14535.00000000,0.009888
1749262307,0.00995700,11372.00000000,0.009888
1749262307,0.00995800,201839.00000000,0.009888
1749262307,0.00995900,1011.00000000,0.009888
1749262307,0.00996000,116189.00000000,0.009888
1749262307,0.00996100,72521.00000000,0.009888
1749262307,0.00996200,1164.00000000,0.009888
1749262307,0.00996300,1011.00000000,0.009888
1749262307,0.00996400,104600.00000000,0.009888
1749262307,0.00996500,399555.00000000,0.009888
1749262307,0.00996600,1010.00000000,0.009888
1749262307,0.00996700,1163.00000000,0.009888
1749262307,0.00996800,1010.00000000,0.009888
1749262307,0.00996900,1010.00000000,0.009888
1749262307,0.00997000,104716.00000000,0.009888
1749262307,0.00997200,103853.00000000,0.009888
1749262307,0.00997500,315961.00000000,0.009888
1749262307,0.00997600,104091.00000000,0.009888
1749262307,0.00997700,152.00000000,0.009888
1749262307,0.00997800,4063257.00000000,0.009888
1749262307,0.00998100,4044896.00000000,0.009888
1749262307,0.00998200,152.00000000,0.009888
1749262307,0.00998300,12299.00000000,0.009888
1749262307,0.00998400,104820.00000000,0.009888
1749262307,0.00998500,743002.00000000,0.009888
1749262307,0.00998600,110.00000000,0.009888
1749262307,0.00998700,152.00000000,0.009888
1749262307,0.00998800,104590.00000000,0.009888
1749262307,0.00999000,559.00000000,0.009888
1749262307,0.00999200,152.00000000,0.009888
1749262307,0.00999400,6397.00000000,0.009888
1749262307,0.00999500,1085363.00000000,0.009888
1749262307,0.00999600,103700.00000000,0.009888
1749262307,0.00999700,152.00000000,0.009888
1749262307,0.01000000,152913.00000000,0.009888
1749262307,0.01000100,2159.00000000,0.009888
1749262307,0.01000200,186065.00000000,0.009888
1749262307,0.01000500,367842.00000000,0.009888
1749262307,0.01000700,152.00000000,0.009888
1749262609,0.00987600,57014.00000000,0.009878
1749262609,0.00987700,31557.00000000,0.009878
1749262609,0.00987800,107551.00000000,0.009878
1749262609,0.00987900,80818.00000000,0.009878
1749262609,0.00988000,71638.00000000,0.009878
1749262609,0.00988100,51286.00000000,0.009878
1749262609,0.00988200,23792.00000000,0.009878
1749262609,0.00988300,102988.00000000,0.009878
1749262609,0.00988400,448493.00000000,0.009878
1749262609,0.00988500,662088.00000000,0.009878
1749262609,0.00988600,750818.00000000,0.009878
1749262609,0.00988700,394578.00000000,0.009878
1749262609,0.00988800,423118.00000000,0.009878
1749262609,0.00988900,77737.00000000,0.009878
1749262609,0.00989000,254994.00000000,0.009878
1749262609,0.00989100,865381.00000000,0.009878
1749262609,0.00989200,816953.00000000,0.009878
1749262609,0.00989300,136719.00000000,0.009878
1749262609,0.00989400,689053.00000000,0.009878
1749262609,0.00989500,685272.00000000,0.009878
1749262609,0.00989600,703906.00000000,0.009878
1749262609,0.00989700,792781.00000000,0.009878
1749262609,0.00989800,58459.00000000,0.009878
1749262609,0.00989900,651065.00000000,0.009878
1749262609,0.00990000,110286.00000000,0.009878
1749262609,0.00990100,35982.00000000,0.009878
1749262609,0.00990200,25911.00000000,0.009878
1749262609,0.00990300,35982.00000000,0.009878
1749262609,0.00990400,103563.00000000,0.009878
1749262609,0.00990500,1191000.00000000,0.009878
1749262609,0.00990600,25759.00000000,0.009878
1749262609,0.00990700,11383.00000000,0.009878
1749262609,0.00990800,25870.00000000,0.009878
1749262609,0.00990900,169709.00000000,0.009878
1749262609,0.00991000,103450.00000000,0.009878
1749262609,0.00991100,11231.00000000,0.009878
1749262609,0.00991200,251267.00000000,0.009878
1749262609,0.00991300,610796.00000000,0.009878
1749262609,0.00991400,218409.00000000,0.009878
1749262609,0.00991500,388921.00000000,0.009878
1749262609,0.00991600,103568.00000000,0.009878
1749262609,0.00991700,1168.00000000,0.009878
1749262609,0.00991800,11238.00000000,0.009878
1749262609,0.00991900,88274.00000000,0.009878
1749262609,0.00992000,49226.00000000,0.009878
1749262609,0.00992100,1015.00000000,0.009878
1749262609,0.00992200,382718.00000000,0.009878
1749262609,0.00992300,11238.00000000,0.009878
1749262609,0.00992400,179472.00000000,0.009878
1749262609,0.00992500,360969.00000000,0.009878
1749262609,0.00992600,1014.00000000,0.009878
1749262609,0.00992700,1167.00000000,0.009878
1749262609,0.00992800,104603.00000000,0.009878
1749262609,0.00992900,11237.00000000,0.009878
1749262609,0.00993000,117217.00000000,0.009878
1749262609,0.00993100,11237.00000000,0.009878
1749262609,0.00993200,13466.00000000,0.009878
1749262609,0.00993300,11236.00000000,0.009878
1749262609,0.00993400,104602.00000000,0.009878
1749262609,0.00993500,337551.00000000,0.009878
1749262609,0.00993600,104713.00000000,0.009878
1749262609,0.00993700,47342.00000000,0.009878
1749262609,0.00993800,1013.00000000,0.009878
1749262609,0.00993900,1013.00000000,0.009878
1749262609,0.00994000,104602.00000000,0.009878
1749262609,0.00994100,1013.00000000,0.009878
1749262609,0.00994200,1166.00000000,0.009878
1749262609,0.00994300,1013.00000000,0.009878
1749262609,0.00994400,1013.00000000,0.009878
1749262609,0.00994500,341873.00000000,0.009878
1749262609,0.00994600,104601.00000000,0.009878
1749262609,0.00994700,1165.00000000,0.009878
1749262609,0.00994800,104879.00000000,0.009878
1749262609,0.00994900,1012.00000000,0.009878
1749262609,0.00995000,1137.00000000,0.009878
1749262609,0.00995100,1012.00000000,0.009878
1749262609,0.00995200,128972.00000000,0.009878
1749262609,0.00995300,200924.00000000,0.009878
1749262609,0.00995400,103589.00000000,0.009878
1749262609,0.00995500,345469.00000000,0.009878
1749262609,0.00995600,910.00000000,0.009878
1749262609,0.00995700,153.00000000,0.009878
1749262609,0.00995800,103589.00000000,0.009878
1749262609,0.00995900,4054320.00000000,0.009878
1749262609,0.00996000,107644.00000000,0.009878
1749262609,0.00996200,153.00000000,0.009878
1749262609,0.00996300,104.00000000,0.009878
1749262609,0.00996400,103589.00000000,0.009878
1749262609,0.00996500,398544.00000000,0.009878
1749262609,0.00996600,103589.00000000,0.009878
1749262609,0.00996700,3899.00000000,0.009878
1749262609,0.00996800,728795.00000000,0.009878
1749262609,0.00997000,103706.00000000,0.009878
1749262609,0.00997200,103853.00000000,0.009878
1749262609,0.00997500,315961.00000000,0.009878
1749262609,0.00997600,104091.00000000,0.009878
1749262609,0.00997700,152.00000000,0.009878
1749262609,0.00997800,18361.00000000,0.009878
1749262609,0.00998100,187463.00000000,0.009878
1749262609,0.00998200,152.00000000,0.009878
1749262910,0.00993900,77725.00000000,0.00994
1749262910,0.00994000,81214.00000000,0.00994
1749262910,0.00994100,46754.00000000,0.00994
1749262910,0.00994200,29120.00000000,0.00994
1749262910,0.00994300,76584.00000000,0.00994
1749262910,0.00994400,170533.00000000,0.00994
1749262910,0.00994500,659176.00000000,0.00994
1749262910,0.00994600,392928.00000000,0.00994
1749262910,0.00994700,76226.00000000,0.00994
1749262910,0.00994800,294697.00000000,0.00994
1749262910,0.00994900,250565.00000000,0.00994
1749262910,0.00995000,148810.00000000,0.00994
1749262910,0.00995100,362790.00000000,0.00994
1749262910,0.00995200,258318.00000000,0.00994
1749262910,0.00995300,334345.00000000,0.00994
1749262910,0.00995400,658026.00000000,0.00994
1749262910,0.00995500,1186106.00000000,0.00994
1749262910,0.00995600,239500.00000000,0.00994
1749262910,0.00995700,440462.00000000,0.00994
1749262910,0.00995800,405084.00000000,0.00994
1749262910,0.00995900,108399.00000000,0.00994
1749262910,0.00996000,330536.00000000,0.00994
1749262910,0.00996100,165293.00000000,0.00994
1749262910,0.00996200,620540.00000000,0.00994
1749262910,0.00996300,46074.00000000,0.00994
1749262910,0.00996400,192607.00000000,0.00994
1749262910,0.00996500,400676.00000000,0.00994
1749262910,0.00996600,166290.00000000,0.00994
1749262910,0.00996700,1163.00000000,0.00994
1749262910,0.00996800,25871.00000000,0.00994
1749262910,0.00996900,257790.00000000,0.00994
1749262910,0.00997000,192602.00000000,0.00994
1749262910,0.00997100,25760.00000000,0.00994
1749262910,0.00997200,129613.00000000,0.00994
1749262910,0.00997300,35949.00000000,0.00994
1749262910,0.00997400,49221.00000000,0.00994
1749262910,0.00997500,318093.00000000,0.00994
1749262910,0.00997600,193083.00000000,0.00994
1749262910,0.00997700,25911.00000000,0.00994
1749262910,0.00997800,776992.00000000,0.00994
1749262910,0.00997900,1009.00000000,0.00994
1749262910,0.00998000,36049.00000000,0.00994
1749262910,0.00998100,48545.00000000,0.00994
1749262910,0.00998200,141362.00000000,0.00994
1749262910,0.00998300,1008.00000000,0.00994
1749262910,0.00998400,179719.00000000,0.00994
1749262910,0.00998500,755295.00000000,0.00994
1749262910,0.00998600,1008.00000000,0.00994
1749262910,0.00998700,89028.00000000,0.00994
1749262910,0.00998800,105598.00000000,0.00994
1749262910,0.00998900,1008.00000000,0.00994
1749262910,0.00999000,105156.00000000,0.00994
1749262910,0.00999100,1008.00000000,0.00994
1749262910,0.00999200,11328.00000000,0.00994
1749262910,0.00999300,36399.00000000,0.00994
1749262910,0.00999400,304702.00000000,0.00994
1749262910,0.00999500,359636.00000000,0.00994
1749262910,0.00999600,104707.00000000,0.00994
1749262910,0.00999700,1159.00000000,0.00994
1749262910,0.00999800,11168.00000000,0.00994
1749262910,0.00999900,11168.00000000,0.00994
1749262910,0.01000000,760455.00000000,0.00994
1749262910,0.01000100,3166.00000000,0.00994
1749262910,0.01000200,104748.00000000,0.00994
1749262910,0.01000300,1007.00000000,0.00994
1749262910,0.01000400,1006.00000000,0.00994
1749262910,0.01000500,368848.00000000,0.00994
1749262910,0.01000600,104595.00000000,0.00994
1749262910,0.01000700,1158.00000000,0.00994
1749262910,0.01000800,104705.00000000,0.00994
1749262910,0.01000900,1006.00000000,0.00994
1749262910,0.01001000,1110.00000000,0.00994
1749262910,0.01001100,13304.00000000,0.00994
1749262910,0.01001200,104746.00000000,0.00994
1749262910,0.01001300,1005.00000000,0.00994
1749262910,0.01001400,108423.00000000,0.00994
1749262910,0.01001500,319671.00000000,0.00994
1749262910,0.01001700,152.00000000,0.00994
1749262910,0.01001800,103589.00000000,0.00994
1749262910,0.01001900,46176.00000000,0.00994
1749262910,0.01002000,4144507.00000000,0.00994
1749262910,0.01002200,152.00000000,0.00994
1749262910,0.01002500,327057.00000000,0.00994
1749262910,0.01002600,572.00000000,0.00994
1749262910,0.01002700,17233.00000000,0.00994
1749262910,0.01002800,724852.00000000,0.00994
1749262910,0.01003000,499.00000000,0.00994
1749262910,0.01003200,262.00000000,0.00994
1749262910,0.01003400,3829.00000000,0.00994
1749262910,0.01003500,329552.00000000,0.00994
1749262910,0.01003600,182.00000000,0.00994
1749262910,0.01003700,151.00000000,0.00994
1749262910,0.01004200,151.00000000,0.00994
1749262910,0.01004400,110.00000000,0.00994
1749262910,0.01004500,372974.00000000,0.00994
1749262910,0.01004800,502.00000000,0.00994
1749262910,0.01005000,110.00000000,0.00994
1749262910,0.01005100,995.00000000,0.00994
1749262910,0.01005300,186995.00000000,0.00994
1749262910,0.01005400,1528.00000000,0.00994
1749263212,0.00995100,57088.00000000,0.00995
1749263212,0.00995200,115361.00000000,0.00995
1749263212,0.00995300,106731.00000000,0.00995
1749263212,0.00995400,44181.00000000,0.00995
1749263212,0.00995500,88777.00000000,0.00995
1749263212,0.00995600,113421.00000000,0.00995
1749263212,0.00995700,128573.00000000,0.00995
1749263212,0.00995800,443647.00000000,0.00995
1749263212,0.00995900,206923.00000000,0.00995
1749263212,0.00996000,369331.00000000,0.00995
1749263212,0.00996100,57028.00000000,0.00995
1749263212,0.00996200,103747.00000000,0.00995
1749263212,0.00996300,75860.00000000,0.00995
1749263212,0.00996400,184088.00000000,0.00995
1749263212,0.00996500,327305.00000000,0.00995
1749263212,0.00996600,374820.00000000,0.00995
1749263212,0.00996700,462972.00000000,0.00995
1749263212,0.00996800,951773.00000000,0.00995
1749263212,0.00996900,142625.00000000,0.00995
1749263212,0.00997000,95611.00000000,0.00995
1749263212,0.00997100,380374.00000000,0.00995
1749263212,0.00997200,156314.00000000,0.00995
1749263212,0.00997300,87375.00000000,0.00995
1749263212,0.00997400,229295.00000000,0.00995
1749263212,0.00997500,612824.00000000,0.00995
1749263212,0.00997600,26372.00000000,0.00995
1749263212,0.00997700,664043.00000000,0.00995
1749263212,0.00997800,225512.00000000,0.00995
1749263212,0.00997900,1009.00000000,0.00995
1749263212,0.00998000,129459.00000000,0.00995
1749263212,0.00998100,53145.00000000,0.00995
1749263212,0.00998200,103603.00000000,0.00995
1749263212,0.00998300,75181.00000000,0.00995
1749263212,0.00998400,520627.00000000,0.00995
1749263212,0.00998500,745134.00000000,0.00995
1749263212,0.00998600,25758.00000000,0.00995
1749263212,0.00998700,25910.00000000,0.00995
1749263212,0.00998800,208151.00000000,0.00995
1749263212,0.00998900,25758.00000000,0.00995
1749263212,0.00999000,129906.00000000,0.00995
1749263212,0.00999100,257788.00000000,0.00995
1749263212,0.00999200,26020.00000000,0.00995
1749263212,0.00999300,103449.00000000,0.00995
1749263212,0.00999400,205199.00000000,0.00995
1749263212,0.00999500,360761.00000000,0.00995
1749263212,0.00999600,707676.00000000,0.00995
1749263212,0.00999700,1159.00000000,0.00995
1749263212,0.00999800,1007.00000000,0.00995
1749263212,0.00999900,103449.00000000,0.00995
1749263212,0.01000000,957295.00000000,0.00995
1749263212,0.01000100,27916.00000000,0.00995
1749263212,0.01000200,129498.00000000,0.00995
1749263212,0.01000300,24468.00000000,0.00995
1749263212,0.01000400,78809.00000000,0.00995
1749263212,0.01000500,369975.00000000,0.00995
1749263212,0.01000600,178327.00000000,0.00995
1749263212,0.01000700,13773.00000000,0.00995
1749263212,0.01000800,104706.00000000,0.00995
1749263212,0.01000900,1007.00000000,0.00995
1749263212,0.01001000,78699.00000000,0.00995
1749263212,0.01001100,1005.00000000,0.00995
1749263212,0.01001200,104746.00000000,0.00995
1749263212,0.01001300,1108.00000000,0.00995
1749263212,0.01001400,104594.00000000,0.00995
1749263212,0.01001500,321803.00000000,0.00995
1749263212,0.01001600,78697.00000000,0.00995
1749263212,0.01001700,1157.00000000,0.00995
1749263212,0.01001800,104594.00000000,0.00995
1749263212,0.01001900,1005.00000000,0.00995
1749263212,0.01002000,104704.00000000,0.00995
1749263212,0.01002100,1005.00000000,0.00995
1749263212,0.01002200,78848.00000000,0.00995
1749263212,0.01002300,1004.00000000,0.00995
1749263212,0.01002400,104593.00000000,0.00995
1749263212,0.01002500,326529.00000000,0.00995
1749263212,0.01002600,201049.00000000,0.00995
1749263212,0.01002700,17233.00000000,0.00995
1749263212,0.01003000,104088.00000000,0.00995
1749263212,0.01003200,103851.00000000,0.00995
1749263212,0.01003300,4033064.00000000,0.00995
1749263212,0.01003400,25230.00000000,0.00995
1749263212,0.01003500,330681.00000000,0.00995
1749263212,0.01003600,103771.00000000,0.00995
1749263212,0.01003700,151.00000000,0.00995
1749263212,0.01003900,46176.00000000,0.00995
1749263212,0.01004200,103740.00000000,0.00995
1749263212,0.01004400,110.00000000,0.00995
1749263212,0.01004500,372974.00000000,0.00995
1749263212,0.01004700,151.00000000,0.00995
1749263212,0.01004800,104091.00000000,0.00995
1749263212,0.01005000,110.00000000,0.00995
1749263212,0.01005100,995.00000000,0.00995
1749263212,0.01005200,735176.00000000,0.00995
1749263212,0.01005400,105117.00000000,0.00995
1749263212,0.01005500,319293.00000000,0.00995
1749263212,0.01005600,110.00000000,0.00995
1749263212,0.01005700,151.00000000,0.00995
1749263212,0.01005800,3914.00000000,0.00995
1749263212,0.01006000,2660.00000000,0.00995
1749263212,0.01006200,254.00000000,0.00995
1749263514,0.00998900,62425.00000000,0.00999
1749263514,0.00999000,58612.00000000,0.00999
1749263514,0.00999100,46004.00000000,0.00999
1749263514,0.00999200,119525.00000000,0.00999
1749263514,0.00999300,343548.00000000,0.00999
1749263514,0.00999400,208930.00000000,0.00999
1749263514,0.00999500,680327.00000000,0.00999
1749263514,0.00999600,212527.00000000,0.00999
1749263514,0.00999700,389109.00000000,0.00999
1749263514,0.00999800,478854.00000000,0.00999
1749263514,0.00999900,421278.00000000,0.00999
1749263514,0.01000000,1092442.00000000,0.00999
1749263514,0.01000100,461075.00000000,0.00999
1749263514,0.01000200,440408.00000000,0.00999
1749263514,0.01000300,915717.00000000,0.00999
1749263514,0.01000400,507766.00000000,0.00999
1749263514,0.01000500,1077051.00000000,0.00999
1749263514,0.01000600,250031.00000000,0.00999
1749263514,0.01000700,260709.00000000,0.00999
1749263514,0.01000800,669998.00000000,0.00999
1749263514,0.01000900,73748.00000000,0.00999
1749263514,0.01001000,716583.00000000,0.00999
1749263514,0.01001100,56363.00000000,0.00999
1749263514,0.01001200,139732.00000000,0.00999
1749263514,0.01001300,46360.00000000,0.00999
1749263514,0.01001400,129344.00000000,0.00999
1749263514,0.01001500,331942.00000000,0.00999
1749263514,0.01001600,103557.00000000,0.00999
1749263514,0.01001700,36037.00000000,0.00999
1749263514,0.01001800,286490.00000000,0.00999
1749263514,0.01001900,25755.00000000,0.00999
1749263514,0.01002000,137804.00000000,0.00999
1749263514,0.01002100,25755.00000000,0.00999
1749263514,0.01002200,113736.00000000,0.00999
1749263514,0.01002300,577903.00000000,0.00999
1749263514,0.01002400,386233.00000000,0.00999
1749263514,0.01002500,336664.00000000,0.00999
1749263514,0.01002600,26326.00000000,0.00999
1749263514,0.01002700,42877.00000000,0.00999
1749263514,0.01002800,88936.00000000,0.00999
1749263514,0.01002900,24465.00000000,0.00999
1749263514,0.01003000,105092.00000000,0.00999
1749263514,0.01003100,85053.00000000,0.00999
1749263514,0.01003200,104854.00000000,0.00999
1749263514,0.01003300,13617.00000000,0.00999
1749263514,0.01003400,88808.00000000,0.00999
1749263514,0.01003500,394193.00000000,0.00999
1749263514,0.01003600,104774.00000000,0.00999
1749263514,0.01003700,1154.00000000,0.00999
1749263514,0.01003800,1003.00000000,0.00999
1749263514,0.01003900,11122.00000000,0.00999
1749263514,0.01004000,78695.00000000,0.00999
1749263514,0.01004100,1002.00000000,0.00999
1749263514,0.01004200,104742.00000000,0.00999
1749263514,0.01004300,1002.00000000,0.00999
1749263514,0.01004400,1112.00000000,0.00999
1749263514,0.01004500,373976.00000000,0.00999
1749263514,0.01004600,11111.00000000,0.00999
1749263514,0.01004700,200199.00000000,0.00999
1749263514,0.01004800,208682.00000000,0.00999
1749263514,0.01004900,1002.00000000,0.00999
1749263514,0.01005000,1112.00000000,0.00999
1749263514,0.01005100,1996.00000000,0.00999
1749263514,0.01005200,13451.00000000,0.00999
1749263514,0.01005300,1001.00000000,0.00999
1749263514,0.01005400,209707.00000000,0.00999
1749263514,0.01005500,321424.00000000,0.00999
1749263514,0.01005600,1111.00000000,0.00999
1749263514,0.01005700,1152.00000000,0.00999
1749263514,0.01005800,1001.00000000,0.00999
1749263514,0.01005900,47177.00000000,0.00999
1749263514,0.01006000,1001.00000000,0.00999
1749263514,0.01006100,1001.00000000,0.00999
1749263514,0.01006200,1255.00000000,0.00999
1749263514,0.01006300,1001.00000000,0.00999
1749263514,0.01006400,104589.00000000,0.00999
1749263514,0.01006500,341850.00000000,0.00999
1749263514,0.01006600,104167.00000000,0.00999
1749263514,0.01006700,358.00000000,0.00999
1749263514,0.01006800,744.00000000,0.00999
1749263514,0.01007000,4013640.00000000,0.00999
1749263514,0.01007200,824870.00000000,0.00999
1749263514,0.01007300,4013640.00000000,0.00999
1749263514,0.01007400,3909.00000000,0.00999
1749263514,0.01007500,336547.00000000,0.00999
1749263514,0.01007600,103706.00000000,0.00999
1749263514,0.01007700,25381.00000000,0.00999
1749263514,0.01007800,103589.00000000,0.00999
1749263514,0.01008000,1254.00000000,0.00999
1749263514,0.01008200,151.00000000,0.00999
1749263514,0.01008300,3254.00000000,0.00999
1749263514,0.01008400,3913.00000000,0.00999
1749263514,0.01008500,328816.00000000,0.00999
1749263514,0.01008700,151.00000000,0.00999
1749263514,0.01009000,103761.00000000,0.00999
1749263514,0.01009100,2660.00000000,0.00999
1749263514,0.01009200,260.00000000,0.00999
1749263514,0.01009500,328785.00000000,0.00999
1749263514,0.01010000,10407.00000000,0.00999
1749263514,0.01010200,183153.00000000,0.00999
1749263819,0.00997800,49151.00000000,0.009978
1749263819,0.00997900,71431.00000000,0.009978
1749263819,0.00998000,173838.00000000,0.009978
1749263819,0.00998100,320425.00000000,0.009978
1749263819,0.00998200,146605.00000000,0.009978
1749263819,0.00998300,122586.00000000,0.009978
1749263819,0.00998400,311900.00000000,0.009978
1749263819,0.00998500,255003.00000000,0.009978
1749263819,0.00998600,71477.00000000,0.009978
1749263819,0.00998700,108300.00000000,0.009978
1749263819,0.00998800,97686.00000000,0.009978
1749263819,0.00998900,42401.00000000,0.009978
1749263819,0.00999000,195384.00000000,0.009978
1749263819,0.00999100,494551.00000000,0.009978
1749263819,0.00999200,764215.00000000,0.009978
1749263819,0.00999300,403189.00000000,0.009978
1749263819,0.00999400,386361.00000000,0.009978
1749263819,0.00999500,418381.00000000,0.009978
1749263819,0.00999600,142605.00000000,0.009978
1749263819,0.00999700,622620.00000000,0.009978
1749263819,0.00999800,528114.00000000,0.009978
1749263819,0.00999900,148240.00000000,0.009978
1749263819,0.01000000,260062.00000000,0.009978
1749263819,0.01000100,35767.00000000,0.009978
1749263819,0.01000200,1158.00000000,0.009978
1749263819,0.01000300,755240.00000000,0.009978
1749263819,0.01000400,285987.00000000,0.009978
1749263819,0.01000500,415058.00000000,0.009978
1749263819,0.01000600,25756.00000000,0.009978
1749263819,0.01000700,44212.00000000,0.009978
1749263819,0.01000800,25866.00000000,0.009978
1749263819,0.01000900,25756.00000000,0.009978
1749263819,0.01001000,111778.00000000,0.009978
1749263819,0.01001100,25756.00000000,0.009978
1749263819,0.01001200,129605.00000000,0.009978
1749263819,0.01001300,1006.00000000,0.009978
1749263819,0.01001400,103448.00000000,0.009978
1749263819,0.01001500,321803.00000000,0.009978
1749263819,0.01001600,129454.00000000,0.009978
1749263819,0.01001700,1155.00000000,0.009978
1749263819,0.01001800,129344.00000000,0.009978
1749263819,0.01001900,136580.00000000,0.009978
1749263819,0.01002000,103557.00000000,0.009978
1749263819,0.01002100,835526.00000000,0.009978
1749263819,0.01002200,25906.00000000,0.009978
1749263819,0.01002300,129343.00000000,0.009978
1749263819,0.01002400,103446.00000000,0.009978
1749263819,0.01002500,430118.00000000,0.009978
1749263819,0.01002600,26326.00000000,0.009978
1749263819,0.01002700,80636.00000000,0.009978
1749263819,0.01002800,1004.00000000,0.009978
1749263819,0.01002900,1004.00000000,0.009978
1749263819,0.01003000,255950.00000000,0.009978
1749263819,0.01003100,1004.00000000,0.009978
1749263819,0.01003200,104855.00000000,0.009978
1749263819,0.01003300,1003.00000000,0.009978
1749263819,0.01003400,37078.00000000,0.009978
1749263819,0.01003500,331684.00000000,0.009978
1749263819,0.01003600,182466.00000000,0.009978
1749263819,0.01003700,1154.00000000,0.009978
1749263819,0.01003800,1003.00000000,0.009978
1749263819,0.01003900,1003.00000000,0.009978
1749263819,0.01004000,1003.00000000,0.009978
1749263819,0.01004100,1002.00000000,0.009978
1749263819,0.01004200,220630.00000000,0.009978
1749263819,0.01004300,1002.00000000,0.009978
1749263819,0.01004400,1112.00000000,0.009978
1749263819,0.01004500,573062.00000000,0.009978
1749263819,0.01004600,1002.00000000,0.009978
1749263819,0.01004700,1153.00000000,0.009978
1749263819,0.01004800,208682.00000000,0.009978
1749263819,0.01004900,47178.00000000,0.009978
1749263819,0.01005000,1112.00000000,0.009978
1749263819,0.01005100,1996.00000000,0.009978
1749263819,0.01005200,1152.00000000,0.009978
1749263819,0.01005300,1001.00000000,0.009978
1749263819,0.01005400,208706.00000000,0.009978
1749263819,0.01005500,320423.00000000,0.009978
1749263819,0.01005600,110.00000000,0.009978
1749263819,0.01005700,151.00000000,0.009978
1749263819,0.01006000,4134621.00000000,0.009978
1749263819,0.01006200,254.00000000,0.009978
1749263819,0.01006400,103589.00000000,0.009978
1749263819,0.01006500,341055.00000000,0.009978
1749263819,0.01006600,104167.00000000,0.009978
1749263819,0.01006700,358.00000000,0.009978
1749263819,0.01006800,25974.00000000,0.009978
1749263819,0.01007000,103589.00000000,0.009978
1749263819,0.01007200,103740.00000000,0.009978
1749263819,0.01007400,3815.00000000,0.009978
1749263819,0.01007500,336547.00000000,0.009978
1749263819,0.01007600,103706.00000000,0.009978
1749263819,0.01007700,151.00000000,0.009978
1749263819,0.01007800,825157.00000000,0.009978
1749263819,0.01008000,1254.00000000,0.009978
1749263819,0.01008200,103740.00000000,0.009978
1749263819,0.01008300,3254.00000000,0.009978
1749263819,0.01008400,106249.00000000,0.009978
1749263819,0.01008500,328816.00000000,0.009978
1749263819,0.01008700,151.00000000,0.009978
1749264121,0.01007600,112720.00000000,0.010071
1749264121,0.01007700,50559.00000000,0.010071
1749264121,0.01007800,37469.00000000,0.010071
1749264121,0.01007900,21646.00000000,0.010071
1749264121,0.01008000,82056.00000000,0.010071
1749264121,0.01008100,320299.00000000,0.010071
1749264121,0.01008200,347938.00000000,0.010071
1749264121,0.01008300,310025.00000000,0.010071
1749264121,0.01008400,219445.00000000,0.010071
1749264121,0.01008500,397546.00000000,0.010071
1749264121,0.01008600,166556.00000000,0.010071
1749264121,0.01008700,185642.00000000,0.010071
1749264121,0.01008800,163492.00000000,0.010071
1749264121,0.01008900,178788.00000000,0.010071
1749264121,0.01009000,318243.00000000,0.010071
1749264121,0.01009100,728007.00000000,0.010071
1749264121,0.01009200,1093699.00000000,0.010071
1749264121,0.01009300,515911.00000000,0.010071
1749264121,0.01009400,409759.00000000,0.010071
1749264121,0.01009500,530100.00000000,0.010071
1749264121,0.01009600,155618.00000000,0.010071
1749264121,0.01009700,66649.00000000,0.010071
1749264121,0.01009800,134807.00000000,0.010071
1749264121,0.01009900,269256.00000000,0.010071
1749264121,0.01010000,317482.00000000,0.010071
1749264121,0.01010100,61452.00000000,0.010071
1749264121,0.01010200,133383.00000000,0.010071
1749264121,0.01010300,160731.00000000,0.010071
1749264121,0.01010400,170904.00000000,0.010071
1749264121,0.01010500,348246.00000000,0.010071
1749264121,0.01010600,29889.00000000,0.010071
1749264121,0.01010700,25896.00000000,0.010071
1749264121,0.01010800,708208.00000000,0.010071
1749264121,0.01010900,187568.00000000,0.010071
1749264121,0.01011000,257885.00000000,0.010071
1749264121,0.01011100,500995.00000000,0.010071
1749264121,0.01011200,114881.00000000,0.010071
1749264121,0.01011300,35783.00000000,0.010071
1749264121,0.01011400,78687.00000000,0.010071
1749264121,0.01011500,335739.00000000,0.010071
1749264121,0.01011600,11142.00000000,0.010071
1749264121,0.01011700,25895.00000000,0.010071
1749264121,0.01011800,995.00000000,0.010071
1749264121,0.01011900,25745.00000000,0.010071
1749264121,0.01012000,11142.00000000,0.010071
1749264121,0.01012100,188882.00000000,0.010071
1749264121,0.01012200,104733.00000000,0.010071
1749264121,0.01012300,56375.00000000,0.010071
1749264121,0.01012400,114612.00000000,0.010071
1749264121,0.01012500,340884.00000000,0.010071
1749264121,0.01012600,75703.00000000,0.010071
1749264121,0.01012700,35922.00000000,0.010071
1749264121,0.01012800,79394.00000000,0.010071
1749264121,0.01012900,213056.00000000,0.010071
1749264121,0.01013000,587345.00000000,0.010071
1749264121,0.01013100,26076.00000000,0.010071
1749264121,0.01013200,11169.00000000,0.010071
1749264121,0.01013300,25743.00000000,0.010071
1749264121,0.01013400,126916.00000000,0.010071
1749264121,0.01013500,516920.00000000,0.010071
1749264121,0.01013600,11021.00000000,0.010071
1749264121,0.01013700,129482.00000000,0.010071
1749264121,0.01013800,1175.00000000,0.010071
1749264121,0.01013900,25743.00000000,0.010071
1749264121,0.01014000,1102.00000000,0.010071
1749264121,0.01014100,116049.00000000,0.010071
1749264121,0.01014200,1143.00000000,0.010071
1749264121,0.01014300,992.00000000,0.010071
1749264121,0.01014400,47168.00000000,0.010071
1749264121,0.01014500,348255.00000000,0.010071
1749264121,0.01014600,992.00000000,0.010071
1749264121,0.01014700,1142.00000000,0.010071
1749264121,0.01014800,379344.00000000,0.010071
1749264121,0.01014900,992.00000000,0.010071
1749264121,0.01015000,155851.00000000,0.010071
1749264121,0.01015100,992.00000000,0.010071
1749264121,0.01015200,259.00000000,0.010071
1749264121,0.01015400,102922.00000000,0.010071
1749264121,0.01015500,328058.00000000,0.010071
1749264121,0.01015700,150.00000000,0.010071
1749264121,0.01015800,3978120.00000000,0.010071
1749264121,0.01016100,103691.00000000,0.010071
1749264121,0.01016200,150.00000000,0.010071
1749264121,0.01016300,103589.00000000,0.010071
1749264121,0.01016400,109.00000000,0.010071
1749264121,0.01016500,345740.00000000,0.010071
1749264121,0.01016600,59612.00000000,0.010071
1749264121,0.01016700,150.00000000,0.010071
1749264121,0.01017200,12448.00000000,0.010071
1749264121,0.01017400,103589.00000000,0.010071
1749264121,0.01017500,355702.00000000,0.010071
1749264121,0.01017600,103698.00000000,0.010071
1749264121,0.01017700,149.00000000,0.010071
1749264121,0.01018000,9809.00000000,0.010071
1749264121,0.01018100,171.00000000,0.010071
1749264121,0.01018200,266.00000000,0.010071
1749264121,0.01018300,2977.00000000,0.010071
1749264121,0.01018500,335572.00000000,0.010071
1749264121,0.01018700,819996.00000000,0.010071
1749264121,0.01018800,10616.00000000,0.010071
1749264428,0.01001400,15377.00000000,0.010014
1749264428,0.01001500,36109.00000000,0.010014
1749264428,0.01001600,104179.00000000,0.010014
1749264428,0.01001700,30991.00000000,0.010014
1749264428,0.01001800,73584.00000000,0.010014
1749264428,0.01001900,156806.00000000,0.010014
1749264428,0.01002000,49166.00000000,0.010014
1749264428,0.01002100,229516.00000000,0.010014
1749264428,0.01002200,208302.00000000,0.010014
1749264428,0.01002300,133683.00000000,0.010014
1749264428,0.01002400,24624.00000000,0.010014
1749264428,0.01002500,90695.00000000,0.010014
1749264428,0.01002600,448344.00000000,0.010014
1749264428,0.01002700,689418.00000000,0.010014
1749264428,0.01002800,11722.00000000,0.010014
1749264428,0.01002900,167015.00000000,0.010014
1749264428,0.01003000,502968.00000000,0.010014
1749264428,0.01003100,543963.00000000,0.010014
1749264428,0.01003200,227700.00000000,0.010014
1749264428,0.01003300,466237.00000000,0.010014
1749264428,0.01003400,323008.00000000,0.010014
1749264428,0.01003500,788079.00000000,0.010014
1749264428,0.01003600,329858.00000000,0.010014
1749264428,0.01003700,521602.00000000,0.010014
1749264428,0.01003800,995.00000000,0.010014
1749264428,0.01003900,160010.00000000,0.010014
1749264428,0.01004000,98645.00000000,0.010014
1749264428,0.01004100,136037.00000000,0.010014
1749264428,0.01004200,104733.00000000,0.010014
1749264428,0.01004300,19268.00000000,0.010014
1749264428,0.01004400,97279.00000000,0.010014
1749264428,0.01004500,327292.00000000,0.010014
1749264428,0.01004600,994.00000000,0.010014
1749264428,0.01004700,40028.00000000,0.010014
1749264428,0.01004800,1104.00000000,0.010014
1749264428,0.01004900,310614.00000000,0.010014
1749264428,0.01005000,994.00000000,0.010014
1749264428,0.01005100,140747.00000000,0.010014
1749264428,0.01005200,26004.00000000,0.010014
1749264428,0.01005300,92820.00000000,0.010014
1749264428,0.01005400,210448.00000000,0.010014
1749264428,0.01005500,395301.00000000,0.010014
1749264428,0.01005600,208281.00000000,0.010014
1749264428,0.01005700,106150.00000000,0.010014
1749264428,0.01005800,574695.00000000,0.010014
1749264428,0.01005900,993.00000000,0.010014
1749264428,0.01006000,25853.00000000,0.010014
1749264428,0.01006100,78685.00000000,0.010014
1749264428,0.01006200,1143.00000000,0.010014
1749264428,0.01006300,232921.00000000,0.010014
1749264428,0.01006400,993.00000000,0.010014
1749264428,0.01006500,460700.00000000,0.010014
1749264428,0.01006600,75747.00000000,0.010014
1749264428,0.01006700,25892.00000000,0.010014
1749264428,0.01006800,634351.00000000,0.010014
1749264428,0.01006900,78684.00000000,0.010014
1749264428,0.01007000,232920.00000000,0.010014
1749264428,0.01007100,115053.00000000,0.010014
1749264428,0.01007200,1142.00000000,0.010014
1749264428,0.01007300,360214.00000000,0.010014
1749264428,0.01007400,63501.00000000,0.010014
1749264428,0.01007500,390944.00000000,0.010014
1749264428,0.01007600,991.00000000,0.010014
1749264428,0.01007700,233068.00000000,0.010014
1749264428,0.01007800,991.00000000,0.010014
1749264428,0.01007900,38355.00000000,0.010014
1749264428,0.01008000,102262.00000000,0.010014
1749264428,0.01008100,999.00000000,0.010014
1749264428,0.01008200,25898.00000000,0.010014
1749264428,0.01008300,999.00000000,0.010014
1749264428,0.01008400,25748.00000000,0.010014
1749264428,0.01008500,409869.00000000,0.010014
1749264428,0.01008600,103440.00000000,0.010014
1749264428,0.01008700,208325.00000000,0.010014
1749264428,0.01008800,25748.00000000,0.010014
1749264428,0.01008900,997.00000000,0.010014
1749264428,0.01009000,24750.00000000,0.010014
1749264428,0.01009200,258.00000000,0.010014
1749264428,0.01009400,24750.00000000,0.010014
1749264428,0.01009500,457579.00000000,0.010014
1749264428,0.01009600,128339.00000000,0.010014
1749264428,0.01009700,149.00000000,0.010014
1749264428,0.01009800,3994008.00000000,0.010014
1749264428,0.01010000,224750.00000000,0.010014
1749264428,0.01010200,128970.00000000,0.010014
1749264428,0.01010400,109.00000000,0.010014
1749264428,0.01010500,450839.00000000,0.010014
1749264428,0.01010600,197890.00000000,0.010014
1749264428,0.01010700,150.00000000,0.010014
1749264428,0.01010900,103589.00000000,0.010014
1749264428,0.01011100,500000.00000000,0.010014
1749264428,0.01011200,821457.00000000,0.010014
1749264428,0.01011400,102.00000000,0.010014
1749264428,0.01011500,334613.00000000,0.010014
1749264428,0.01011600,109.00000000,0.010014
1749264428,0.01011700,150.00000000,0.010014
1749264428,0.01012100,12801.00000000,0.010014
1749264428,0.01012200,106399.00000000,0.010014
1749264428,0.01012300,30631.00000000,0.010014
1749264428,0.01012400,103589.00000000,0.010014
1749264729,0.01011500,350020.00000000,0.010114
1749264729,0.01011600,1253.00000000,0.010114
1749264729,0.01011700,1294.00000000,0.010114
1749264729,0.01011800,26003.00000000,0.010114
1749264729,0.01011900,44075.00000000,0.010114
1749264729,0.01012000,206112.00000000,0.010114
1749264729,0.01012100,98605.00000000,0.010114
1749264729,0.01012200,105774.00000000,0.010114
1749264729,0.01012300,291555.00000000,0.010114
1749264729,0.01012400,232197.00000000,0.010114
1749264729,0.01012500,489027.00000000,0.010114
1749264729,0.01012600,624716.00000000,0.010114
1749264729,0.01012700,404605.00000000,0.010114
1749264729,0.01012800,425329.00000000,0.010114
1749264729,0.01012900,688511.00000000,0.010114
1749264729,0.01013000,555256.00000000,0.010114
1749264729,0.01013100,380629.00000000,0.010114
1749264729,0.01013200,223663.00000000,0.010114
1749264729,0.01013300,109051.00000000,0.010114
1749264729,0.01013400,103435.00000000,0.010114
1749264729,0.01013500,516983.00000000,0.010114
1749264729,0.01013600,45753.00000000,0.010114
1749264729,0.01013700,104732.00000000,0.010114
1749264729,0.01013800,25925.00000000,0.010114
1749264729,0.01013900,30282.00000000,0.010114
1749264729,0.01014000,35868.00000000,0.010114
1749264729,0.01014100,1311968.00000000,0.010114
1749264729,0.01014200,34145.00000000,0.010114
1749264729,0.01014300,11009.00000000,0.010114
1749264729,0.01014400,282631.00000000,0.010114
1749264729,0.01014500,349388.00000000,0.010114
1749264729,0.01014600,25742.00000000,0.010114
1749264729,0.01014700,11156.00000000,0.010114
1749264729,0.01014800,182382.00000000,0.010114
1749264729,0.01014900,257253.00000000,0.010114
1749264729,0.01015000,155851.00000000,0.010114
1749264729,0.01015100,992.00000000,0.010114
1749264729,0.01015200,26001.00000000,0.010114
1749264729,0.01015300,80480.00000000,0.010114
1749264729,0.01015400,103433.00000000,0.010114
1749264729,0.01015500,537099.00000000,0.010114
1749264729,0.01015600,25741.00000000,0.010114
1749264729,0.01015700,74860.00000000,0.010114
1749264729,0.01015800,38355.00000000,0.010114
1749264729,0.01015900,991.00000000,0.010114
1749264729,0.01016000,35741.00000000,0.010114
1749264729,0.01016100,182272.00000000,0.010114
1749264729,0.01016200,25891.00000000,0.010114
1749264729,0.01016300,323660.00000000,0.010114
1749264729,0.01016400,35842.00000000,0.010114
1749264729,0.01016500,370191.00000000,0.010114
1749264729,0.01016600,85352.00000000,0.010114
1749264729,0.01016700,11132.00000000,0.010114
1749264729,0.01016800,78682.00000000,0.010114
1749264729,0.01016900,990.00000000,0.010114
1749264729,0.01017000,990.00000000,0.010114
1749264729,0.01017100,990.00000000,0.010114
1749264729,0.01017200,26019.00000000,0.010114
1749264729,0.01017300,10977.00000000,0.010114
1749264729,0.01017400,129328.00000000,0.010114
1749264729,0.01017500,356691.00000000,0.010114
1749264729,0.01017600,104687.00000000,0.010114
1749264729,0.01017700,1138.00000000,0.010114
1749264729,0.01017800,989.00000000,0.010114
1749264729,0.01017900,989.00000000,0.010114
1749264729,0.01018000,10798.00000000,0.010114
1749264729,0.01018100,1160.00000000,0.010114
1749264729,0.01018200,72660.00000000,0.010114
1749264729,0.01018300,3965.00000000,0.010114
1749264729,0.01018400,988.00000000,0.010114
1749264729,0.01018500,336560.00000000,0.010114
1749264729,0.01018600,988.00000000,0.010114
1749264729,0.01018700,104726.00000000,0.010114
1749264729,0.01018800,11604.00000000,0.010114
1749264729,0.01018900,108339.00000000,0.010114
1749264729,0.01019000,988.00000000,0.010114
1749264729,0.01019200,2809.00000000,0.010114
1749264729,0.01019400,502.00000000,0.010114
1749264729,0.01019500,340938.00000000,0.010114
1749264729,0.01019600,3968640.00000000,0.010114
1749264729,0.01019700,149.00000000,0.010114
1749264729,0.01019800,1120.00000000,0.010114
1749264729,0.01019900,207178.00000000,0.010114
1749264729,0.01020000,1721330.00000000,0.010114
1749264729,0.01020200,149.00000000,0.010114
1749264729,0.01020300,204.00000000,0.010114
1749264729,0.01020500,1038790.00000000,0.010114
1749264729,0.01020700,2264.00000000,0.010114
1749264729,0.01020800,22429.00000000,0.010114
1749264729,0.01021000,125.00000000,0.010114
1749264729,0.01021200,207435.00000000,0.010114
1749264729,0.01021300,923.00000000,0.010114
1749264729,0.01021400,4062.00000000,0.010114
1749264729,0.01021500,331450.00000000,0.010114
1749264729,0.01021600,24509.00000000,0.010114
1749264729,0.01022400,108.00000000,0.010114
1749264729,0.01022500,543140.00000000,0.010114
1749264729,0.01022600,183477.00000000,0.010114
1749264729,0.01023000,561.00000000,0.010114
1749264729,0.01023400,4158.00000000,0.010114
1749265031,0.01021800,10574.00000000,0.010216
1749265031,0.01021900,12747.00000000,0.010216
1749265031,0.01022000,12855.00000000,0.010216
1749265031,0.01022100,17891.00000000,0.010216
1749265031,0.01022200,1379.00000000,0.010216
1749265031,0.01022300,43386.00000000,0.010216
1749265031,0.01022400,42465.00000000,0.010216
1749265031,0.01022500,205312.00000000,0.010216
1749265031,0.01022600,475282.00000000,0.010216
1749265031,0.01022700,432416.00000000,0.010216
1749265031,0.01022800,741515.00000000,0.010216
1749265031,0.01022900,599025.00000000,0.010216
1749265031,0.01023000,464471.00000000,0.010216
1749265031,0.01023100,346100.00000000,0.010216
1749265031,0.01023200,148350.00000000,0.010216
1749265031,0.01023300,306583.00000000,0.010216
1749265031,0.01023400,778964.00000000,0.010216
1749265031,0.01023500,275345.00000000,0.010216
1749265031,0.01023600,431658.00000000,0.010216
1749265031,0.01023700,28424.00000000,0.010216
1749265031,0.01023800,53118.00000000,0.010216
1749265031,0.01023900,65827.00000000,0.010216
1749265031,0.01024000,121691.00000000,0.010216
1749265031,0.01024100,137143.00000000,0.010216
1749265031,0.01024200,25881.00000000,0.010216
1749265031,0.01024300,776130.00000000,0.010216
1749265031,0.01024400,124299.00000000,0.010216
1749265031,0.01024500,419239.00000000,0.010216
1749265031,0.01024600,282512.00000000,0.010216
1749265031,0.01024700,50981.00000000,0.010216
1749265031,0.01024800,25840.00000000,0.010216
1749265031,0.01024900,109506.00000000,0.010216
1749265031,0.01025000,124610.00000000,0.010216
1749265031,0.01025100,74972.00000000,0.010216
1749265031,0.01025200,42985.00000000,0.010216
1749265031,0.01025300,982.00000000,0.010216
1749265031,0.01025400,25732.00000000,0.010216
1749265031,0.01025500,466352.00000000,0.010216
1749265031,0.01025600,25839.00000000,0.010216
1749265031,0.01025700,1129.00000000,0.010216
1749265031,0.01025800,99721.00000000,0.010216
1749265031,0.01025900,10852.00000000,0.010216
1749265031,0.01026000,591459.00000000,0.010216
1749265031,0.01026100,981.00000000,0.010216
1749265031,0.01026200,134403.00000000,0.010216
1749265031,0.01026300,99634.00000000,0.010216
1749265031,0.01026400,173312.00000000,0.010216
1749265031,0.01026500,371596.00000000,0.010216
1749265031,0.01026600,88239.00000000,0.010216
1749265031,0.01026700,24115.00000000,0.010216
1749265031,0.01026800,25730.00000000,0.010216
1749265031,0.01026900,74970.00000000,0.010216
1749265031,0.01027000,26850.00000000,0.010216
1749265031,0.01027100,34312.00000000,0.010216
1749265031,0.01027200,26189.00000000,0.010216
1749265031,0.01027300,11019.00000000,0.010216
1749265031,0.01027400,173622.00000000,0.010216
1749265031,0.01027500,352045.00000000,0.010216
1749265031,0.01027600,124382.00000000,0.010216
1749265031,0.01027700,11000.00000000,0.010216
1749265031,0.01027800,25729.00000000,0.010216
1749265031,0.01027900,195542.00000000,0.010216
1749265031,0.01028000,25729.00000000,0.010216
1749265031,0.01028100,74969.00000000,0.010216
1749265031,0.01028200,1127.00000000,0.010216
1749265031,0.01028300,979.00000000,0.010216
1749265031,0.01028400,1086.00000000,0.010216
1749265031,0.01028500,340342.00000000,0.010216
1749265031,0.01028600,978.00000000,0.010216
1749265031,0.01028700,99779.00000000,0.010216
1749265031,0.01028800,75085.00000000,0.010216
1749265031,0.01028900,99631.00000000,0.010216
1749265031,0.01029000,13277.00000000,0.010216
1749265031,0.01029100,978.00000000,0.010216
1749265031,0.01029200,1126.00000000,0.010216
1749265031,0.01029300,978.00000000,0.010216
1749265031,0.01029400,105.00000000,0.010216
1749265031,0.01029500,343527.00000000,0.010216
1749265031,0.01029600,46283.00000000,0.010216
1749265031,0.01029700,148.00000000,0.010216
1749265031,0.01030000,104983.00000000,0.010216
1749265031,0.01030100,3933136.00000000,0.010216
1749265031,0.01030200,98801.00000000,0.010216
1749265031,0.01030500,347824.00000000,0.010216
1749265031,0.01030700,148.00000000,0.010216
1749265031,0.01030800,107.00000000,0.010216
1749265031,0.01031100,1261.00000000,0.010216
1749265031,0.01031200,147.00000000,0.010216
1749265031,0.01031300,98653.00000000,0.010216
1749265031,0.01031400,28755.00000000,0.010216
1749265031,0.01031500,1150942.00000000,0.010216
1749265031,0.01031700,147.00000000,0.010216
1749265031,0.01031800,40659.00000000,0.010216
1749265031,0.01031900,1978.00000000,0.010216
1749265031,0.01032000,107.00000000,0.010216
1749265031,0.01032200,147.00000000,0.010216
1749265031,0.01032400,22429.00000000,0.010216
1749265031,0.01032500,521421.00000000,0.010216
1749265031,0.01032600,98653.00000000,0.010216
1749265031,0.01032700,2807.00000000,0.010216
1749265333,0.01022700,54926.00000000,0.01023
1749265333,0.01022800,11000.00000000,0.01023
1749265333,0.01022900,70675.00000000,0.01023
1749265333,0.01023000,84069.00000000,0.01023
1749265333,0.01023100,60179.00000000,0.01023
1749265333,0.01023200,73440.00000000,0.01023
1749265333,0.01023300,138575.00000000,0.01023
1749265333,0.01023400,127914.00000000,0.01023
1749265333,0.01023500,407375.00000000,0.01023
1749265333,0.01023600,40943.00000000,0.01023
1749265333,0.01023700,156080.00000000,0.01023
1749265333,0.01023800,234561.00000000,0.01023
1749265333,0.01023900,30463.00000000,0.01023
1749265333,0.01024000,153286.00000000,0.01023
1749265333,0.01024100,676279.00000000,0.01023
1749265333,0.01024200,279621.00000000,0.01023
1749265333,0.01024300,287869.00000000,0.01023
1749265333,0.01024400,247273.00000000,0.01023
1749265333,0.01024500,619391.00000000,0.01023
1749265333,0.01024600,354817.00000000,0.01023
1749265333,0.01024700,415191.00000000,0.01023
1749265333,0.01024800,584348.00000000,0.01023
1749265333,0.01024900,297716.00000000,0.01023
1749265333,0.01025000,261848.00000000,0.01023
1749265333,0.01025100,180575.00000000,0.01023
1749265333,0.01025200,251495.00000000,0.01023
1749265333,0.01025300,186279.00000000,0.01023
1749265333,0.01025400,326682.00000000,0.01023
1749265333,0.01025500,386049.00000000,0.01023
1749265333,0.01025600,44335.00000000,0.01023
1749265333,0.01025700,1129.00000000,0.01023
1749265333,0.01025800,406716.00000000,0.01023
1749265333,0.01025900,10879.00000000,0.01023
1749265333,0.01026000,35737.00000000,0.01023
1749265333,0.01026100,74971.00000000,0.01023
1749265333,0.01026200,124532.00000000,0.01023
1749265333,0.01026300,779990.00000000,0.01023
1749265333,0.01026400,292516.00000000,0.01023
1749265333,0.01026500,361725.00000000,0.01023
1749265333,0.01026600,35628.00000000,0.01023
1749265333,0.01026700,1630.00000000,0.01023
1749265333,0.01026800,99828.00000000,0.01023
1749265333,0.01026900,10965.00000000,0.01023
1749265333,0.01027000,26850.00000000,0.01023
1749265333,0.01027100,980.00000000,0.01023
1749265333,0.01027200,1439.00000000,0.01023
1749265333,0.01027300,34508.00000000,0.01023
1749265333,0.01027400,173623.00000000,0.01023
1749265333,0.01027500,361931.00000000,0.01023
1749265333,0.01027600,124383.00000000,0.01023
1749265333,0.01027700,244419.00000000,0.01023
1749265333,0.01027800,192371.00000000,0.01023
1749265333,0.01027900,979.00000000,0.01023
1749265333,0.01028000,35614.00000000,0.01023
1749265333,0.01028100,713444.00000000,0.01023
1749265333,0.01028200,25877.00000000,0.01023
1749265333,0.01028300,10851.00000000,0.01023
1749265333,0.01028400,35721.00000000,0.01023
1749265333,0.01028500,340342.00000000,0.01023
1749265333,0.01028600,25728.00000000,0.01023
1749265333,0.01028700,304067.00000000,0.01023
1749265333,0.01028800,99835.00000000,0.01023
1749265333,0.01028900,112245.00000000,0.01023
1749265333,0.01029000,13277.00000000,0.01023
1749265333,0.01029100,978.00000000,0.01023
1749265333,0.01029200,1126.00000000,0.01023
1749265333,0.01029300,978.00000000,0.01023
1749265333,0.01029400,84945.00000000,0.01023
1749265333,0.01029500,344505.00000000,0.01023
1749265333,0.01029600,1085.00000000,0.01023
1749265333,0.01029700,1126.00000000,0.01023
1749265333,0.01029800,977.00000000,0.01023
1749265333,0.01029900,977.00000000,0.01023
1749265333,0.01030000,99728.00000000,0.01023
1749265333,0.01030100,977.00000000,0.01023
1749265333,0.01030200,99778.00000000,0.01023
1749265333,0.01030400,25230.00000000,0.01023
1749265333,0.01030500,347824.00000000,0.01023
1749265333,0.01030700,148.00000000,0.01023
1749265333,0.01030800,107.00000000,0.01023
1749265333,0.01031100,1261.00000000,0.01023
1749265333,0.01031200,147.00000000,0.01023
1749265333,0.01031300,4016757.00000000,0.01023
1749265333,0.01031400,46176.00000000,0.01023
1749265333,0.01031500,446581.00000000,0.01023
1749265333,0.01031700,147.00000000,0.01023
1749265333,0.01031800,63088.00000000,0.01023
1749265333,0.01031900,1978.00000000,0.01023
1749265333,0.01032000,107.00000000,0.01023
1749265333,0.01032200,147.00000000,0.01023
1749265333,0.01032300,59478.00000000,0.01023
1749265333,0.01032500,343422.00000000,0.01023
1749265333,0.01032600,804181.00000000,0.01023
1749265333,0.01032700,2807.00000000,0.01023
1749265333,0.01032800,98653.00000000,0.01023
1749265333,0.01033200,4065.00000000,0.01023
1749265333,0.01033300,500000.00000000,0.01023
1749265333,0.01033500,334633.00000000,0.01023
1749265333,0.01033700,2118.00000000,0.01023
1749265333,0.01033900,98653.00000000,0.01023
1749265634,0.01028800,4519.00000000,0.010288
1749265634,0.01028900,1217.00000000,0.010288
1749265634,0.01029000,70275.00000000,0.010288
1749265634,0.01029100,70611.00000000,0.010288
1749265634,0.01029200,53329.00000000,0.010288
1749265634,0.01029300,118987.00000000,0.010288
1749265634,0.01029400,511390.00000000,0.010288
1749265634,0.01029500,490877.00000000,0.010288
1749265634,0.01029600,46594.00000000,0.010288
1749265634,0.01029700,180305.00000000,0.010288
1749265634,0.01029800,214721.00000000,0.010288
1749265634,0.01029900,134856.00000000,0.010288
1749265634,0.01030000,45829.00000000,0.010288
1749265634,0.01030100,187423.00000000,0.010288
1749265634,0.01030200,376260.00000000,0.010288
1749265634,0.01030300,554344.00000000,0.010288
1749265634,0.01030400,451115.00000000,0.010288
1749265634,0.01030500,621279.00000000,0.010288
1749265634,0.01030600,188846.00000000,0.010288
1749265634,0.01030700,429712.00000000,0.010288
1749265634,0.01030800,556607.00000000,0.010288
1749265634,0.01030900,45850.00000000,0.010288
1749265634,0.01031000,163519.00000000,0.010288
1749265634,0.01031100,382469.00000000,0.010288
1749265634,0.01031200,628922.00000000,0.010288
1749265634,0.01031300,844608.00000000,0.010288
1749265634,0.01031400,99622.00000000,0.010288
1749265634,0.01031500,348897.00000000,0.010288
1749265634,0.01031600,35627.00000000,0.010288
1749265634,0.01031700,75105.00000000,0.010288
1749265634,0.01031800,84160.00000000,0.010288
1749265634,0.01031900,21641.00000000,0.010288
1749265634,0.01032000,25832.00000000,0.010288
1749265634,0.01032100,62912.00000000,0.010288
1749265634,0.01032200,25872.00000000,0.010288
1749265634,0.01032300,74964.00000000,0.010288
1749265634,0.01032400,35632.00000000,0.010288
1749265634,0.01032500,344397.00000000,0.010288
1749265634,0.01032600,124377.00000000,0.010288
1749265634,0.01032700,84912.00000000,0.010288
1749265634,0.01032800,124484.00000000,0.010288
1749265634,0.01032900,142116.00000000,0.010288
1749265634,0.01033000,25724.00000000,0.010288
1749265634,0.01033100,257754.00000000,0.010288
1749265634,0.01033200,99968.00000000,0.010288
1749265634,0.01033300,500974.00000000,0.010288
1749265634,0.01033400,35525.00000000,0.010288
1749265634,0.01033500,894637.00000000,0.010288
1749265634,0.01033600,25724.00000000,0.010288
1749265634,0.01033700,12893.00000000,0.010288
1749265634,0.01033800,110688.00000000,0.010288
1749265634,0.01033900,173617.00000000,0.010288
1749265634,0.01034000,26350.00000000,0.010288
1749265634,0.01034100,99626.00000000,0.010288
1749265634,0.01034200,85549.00000000,0.010288
1749265634,0.01034300,11894.00000000,0.010288
1749265634,0.01034400,25830.00000000,0.010288
1749265634,0.01034500,331740.00000000,0.010288
1749265634,0.01034600,99713.00000000,0.010288
1749265634,0.01034700,1120.00000000,0.010288
1749265634,0.01034800,71899.00000000,0.010288
1749265634,0.01034900,10788.00000000,0.010288
1749265634,0.01035000,69713.00000000,0.010288
1749265634,0.01035100,972.00000000,0.010288
1749265634,0.01035200,99772.00000000,0.010288
1749265634,0.01035300,74962.00000000,0.010288
1749265634,0.01035400,99625.00000000,0.010288
1749265634,0.01035500,308844.00000000,0.010288
1749265634,0.01035600,2314.00000000,0.010288
1749265634,0.01035700,24580.00000000,0.010288
1749265634,0.01035800,972.00000000,0.010288
1749265634,0.01035900,972.00000000,0.010288
1749265634,0.01036000,74961.00000000,0.010288
1749265634,0.01036100,971.00000000,0.010288
1749265634,0.01036200,1118.00000000,0.010288
1749265634,0.01036300,13585.00000000,0.010288
1749265634,0.01036400,98653.00000000,0.010288
1749265634,0.01036500,504228.00000000,0.010288
1749265634,0.01036700,172790.00000000,0.010288
1749265634,0.01036800,107.00000000,0.010288
1749265634,0.01037100,1074.00000000,0.010288
1749265634,0.01037200,3901819.00000000,0.010288
1749265634,0.01037400,73990.00000000,0.010288
1749265634,0.01037500,359232.00000000,0.010288
1749265634,0.01037700,111098.00000000,0.010288
1749265634,0.01038000,121188.00000000,0.010288
1749265634,0.01038200,146.00000000,0.010288
1749265634,0.01038400,116.00000000,0.010288
1749265634,0.01038500,1032699.00000000,0.010288
1749265634,0.01038700,146.00000000,0.010288
1749265634,0.01038800,25230.00000000,0.010288
1749265634,0.01039000,98653.00000000,0.010288
1749265634,0.01039100,97.00000000,0.010288
1749265634,0.01039200,252.00000000,0.010288
1749265634,0.01039300,98653.00000000,0.010288
1749265634,0.01039400,15405.00000000,0.010288
1749265634,0.01039500,360685.00000000,0.010288
1749265634,0.01039700,146.00000000,0.010288
1749265634,0.01040000,105246.00000000,0.010288
1749265634,0.01040200,146.00000000,0.010288
1749265936,0.01033500,412270.00000000,0.010335
1749265936,0.01033600,1227.00000000,0.010335
1749265936,0.01033700,3238.00000000,0.010335
1749265936,0.01033800,112757.00000000,0.010335
1749265936,0.01033900,207678.00000000,0.010335
1749265936,0.01034000,111406.00000000,0.010335
1749265936,0.01034100,265122.00000000,0.010335
1749265936,0.01034200,206378.00000000,0.010335
1749265936,0.01034300,453008.00000000,0.010335
1749265936,0.01034400,417806.00000000,0.010335
1749265936,0.01034500,906972.00000000,0.010335
1749265936,0.01034600,362088.00000000,0.010335
1749265936,0.01034700,352156.00000000,0.010335
1749265936,0.01034800,537246.00000000,0.010335
1749265936,0.01034900,420715.00000000,0.010335
1749265936,0.01035000,325709.00000000,0.010335
1749265936,0.01035100,109918.00000000,0.010335
1749265936,0.01035200,218551.00000000,0.010335
1749265936,0.01035300,94428.00000000,0.010335
1749265936,0.01035400,218297.00000000,0.010335
1749265936,0.01035500,369634.00000000,0.010335
1749265936,0.01035600,522499.00000000,0.010335
1749265936,0.01035700,10925.00000000,0.010335
1749265936,0.01035800,45188.00000000,0.010335
1749265936,0.01035900,587299.00000000,0.010335
1749265936,0.01036000,99818.00000000,0.010335
1749265936,0.01036100,674059.00000000,0.010335
1749265936,0.01036200,43750.00000000,0.010335
1749265936,0.01036300,971.00000000,0.010335
1749265936,0.01036400,176617.00000000,0.010335
1749265936,0.01036500,312254.00000000,0.010335
1749265936,0.01036600,35527.00000000,0.010335
1749265936,0.01036700,173761.00000000,0.010335
1749265936,0.01036800,282608.00000000,0.010335
1749265936,0.01036900,166236.00000000,0.010335
1749265936,0.01037000,35505.00000000,0.010335
1749265936,0.01037100,1944.00000000,0.010335
1749265936,0.01037200,1117.00000000,0.010335
1749265936,0.01037300,18827.00000000,0.010335
1749265936,0.01037400,109501.00000000,0.010335
1749265936,0.01037500,422711.00000000,0.010335
1749265936,0.01037600,25720.00000000,0.010335
1749265936,0.01037700,174080.00000000,0.010335
1749265936,0.01037800,267909.00000000,0.010335
1749265936,0.01037900,10755.00000000,0.010335
1749265936,0.01038000,124479.00000000,0.010335
1749265936,0.01038100,84740.00000000,0.010335
1749265936,0.01038200,25866.00000000,0.010335
1749265936,0.01038300,10750.00000000,0.010335
1749265936,0.01038400,49297.00000000,0.010335
1749265936,0.01038500,333713.00000000,0.010335
1749265936,0.01038600,25719.00000000,0.010335
1749265936,0.01038700,10895.00000000,0.010335
1749265936,0.01038800,124939.00000000,0.010335
1749265936,0.01038900,969.00000000,0.010335
1749265936,0.01039000,136986.00000000,0.010335
1749265936,0.01039100,57022.00000000,0.010335
1749265936,0.01039200,70470.00000000,0.010335
1749265936,0.01039300,99621.00000000,0.010335
1749265936,0.01039400,86767.00000000,0.010335
1749265936,0.01039500,358993.00000000,0.010335
1749265936,0.01039600,968.00000000,0.010335
1749265936,0.01039700,1114.00000000,0.010335
1749265936,0.01039800,193304.00000000,0.010335
1749265936,0.01039900,968.00000000,0.010335
1749265936,0.01040000,106214.00000000,0.010335
1749265936,0.01040100,968.00000000,0.010335
1749265936,0.01040200,1113.00000000,0.010335
1749265936,0.01040300,99620.00000000,0.010335
1749265936,0.01040400,4473.00000000,0.010335
1749265936,0.01040500,341451.00000000,0.010335
1749265936,0.01040600,99620.00000000,0.010335
1749265936,0.01040700,1113.00000000,0.010335
1749265936,0.01040800,967.00000000,0.010335
1749265936,0.01040900,23396.00000000,0.010335
1749265936,0.01041000,1066.00000000,0.010335
1749265936,0.01041200,1248.00000000,0.010335
1749265936,0.01041400,98653.00000000,0.010335
1749265936,0.01041500,365773.00000000,0.010335
1749265936,0.01041600,106.00000000,0.010335
1749265936,0.01041700,3339.00000000,0.010335
1749265936,0.01041900,110952.00000000,0.010335
1749265936,0.01042100,153748.00000000,0.010335
1749265936,0.01042200,246.00000000,0.010335
1749265936,0.01042500,1040809.00000000,0.010335
1749265936,0.01042700,98799.00000000,0.010335
1749265936,0.01042800,3888902.00000000,0.010335
1749265936,0.01043000,184098.00000000,0.010335
1749265936,0.01043200,98799.00000000,0.010335
1749265936,0.01043300,550.00000000,0.010335
1749265936,0.01043500,350699.00000000,0.010335
1749265936,0.01043600,537.00000000,0.010335
1749265936,0.01043700,96.00000000,0.010335
1749265936,0.01044000,98759.00000000,0.010335
1749265936,0.01044100,148394.00000000,0.010335
1749265936,0.01044400,3781.00000000,0.010335
1749265936,0.01044500,468189.00000000,0.010335
1749265936,0.01045000,538342.00000000,0.010335
1749265936,0.01045200,106.00000000,0.010335
1749265936,0.01045300,98653.00000000,0.010335
1749266238,0.01035300,71356.00000000,0.010354
1749266238,0.01035400,174982.00000000,0.010354
1749266238,0.01035500,331573.00000000,0.010354
1749266238,0.01035600,11557.00000000,0.010354
1749266238,0.01035700,26114.00000000,0.010354
1749266238,0.01035800,40619.00000000,0.010354
1749266238,0.01035900,150739.00000000,0.010354
1749266238,0.01036000,58975.00000000,0.010354
1749266238,0.01036100,121104.00000000,0.010354
1749266238,0.01036200,85710.00000000,0.010354
1749266238,0.01036300,252992.00000000,0.010354
1749266238,0.01036400,394521.00000000,0.010354
1749266238,0.01036500,850184.00000000,0.010354
1749266238,0.01036600,493250.00000000,0.010354
1749266238,0.01036700,145472.00000000,0.010354
1749266238,0.01036800,342661.00000000,0.010354
1749266238,0.01036900,217665.00000000,0.010354
1749266238,0.01037000,430841.00000000,0.010354
1749266238,0.01037100,397646.00000000,0.010354
1749266238,0.01037200,687802.00000000,0.010354
1749266238,0.01037300,518315.00000000,0.010354
1749266238,0.01037400,410450.00000000,0.010354
1749266238,0.01037500,407724.00000000,0.010354
1749266238,0.01037600,112987.00000000,0.010354
1749266238,0.01037700,204138.00000000,0.010354
1749266238,0.01037800,645097.00000000,0.010354
1749266238,0.01037900,53106.00000000,0.010354
1749266238,0.01038000,232894.00000000,0.010354
1749266238,0.01038100,331739.00000000,0.010354
1749266238,0.01038200,49988.00000000,0.010354
1749266238,0.01038300,10731.00000000,0.010354
1749266238,0.01038400,33999.00000000,0.010354
1749266238,0.01038500,333712.00000000,0.010354
1749266238,0.01038600,49842.00000000,0.010354
1749266238,0.01038700,35014.00000000,0.010354
1749266238,0.01038800,99815.00000000,0.010354
1749266238,0.01038900,662636.00000000,0.010354
1749266238,0.01039000,124372.00000000,0.010354
1749266238,0.01039100,10828.00000000,0.010354
1749266238,0.01039200,95211.00000000,0.010354
1749266238,0.01039300,99621.00000000,0.010354
1749266238,0.01039400,111517.00000000,0.010354
1749266238,0.01039500,367043.00000000,0.010354
1749266238,0.01039600,25718.00000000,0.010354
1749266238,0.01039700,10876.00000000,0.010354
1749266238,0.01039800,35480.00000000,0.010354
1749266238,0.01039900,74228.00000000,0.010354
1749266238,0.01040000,193473.00000000,0.010354
1749266238,0.01040100,74958.00000000,0.010354
1749266238,0.01040200,25863.00000000,0.010354
1749266238,0.01040300,109383.00000000,0.010354
1749266238,0.01040400,25823.00000000,0.010354
1749266238,0.01040500,341451.00000000,0.010354
1749266238,0.01040600,124370.00000000,0.010354
1749266238,0.01040700,1113.00000000,0.010354
1749266238,0.01040800,99707.00000000,0.010354
1749266238,0.01040900,967.00000000,0.010354
1749266238,0.01041000,25816.00000000,0.010354
1749266238,0.01041100,24428.00000000,0.010354
1749266238,0.01041200,39579.00000000,0.010354
1749266238,0.01041300,967.00000000,0.010354
1749266238,0.01041400,198359.00000000,0.010354
1749266238,0.01041500,376495.00000000,0.010354
1749266238,0.01041600,25822.00000000,0.010354
1749266238,0.01041700,4305.00000000,0.010354
1749266238,0.01041800,966.00000000,0.010354
1749266238,0.01041900,111918.00000000,0.010354
1749266238,0.01042000,25716.00000000,0.010354
1749266238,0.01042100,228704.00000000,0.010354
1749266238,0.01042200,1212.00000000,0.010354
1749266238,0.01042300,47141.00000000,0.010354
1749266238,0.01042400,965.00000000,0.010354
1749266238,0.01042500,344319.00000000,0.010354
1749266238,0.01042600,965.00000000,0.010354
1749266238,0.01042700,99764.00000000,0.010354
1749266238,0.01042800,75061.00000000,0.010354
1749266238,0.01043000,110.00000000,0.010354
1749266238,0.01043200,124029.00000000,0.010354
1749266238,0.01043300,550.00000000,0.010354
1749266238,0.01043500,350699.00000000,0.010354
1749266238,0.01043600,537.00000000,0.010354
1749266238,0.01043700,214290.00000000,0.010354
1749266238,0.01044000,98759.00000000,0.010354
1749266238,0.01044100,148394.00000000,0.010354
1749266238,0.01044200,146.00000000,0.010354
1749266238,0.01044300,695344.00000000,0.010354
1749266238,0.01044500,469910.00000000,0.010354
1749266238,0.01044600,966.00000000,0.010354
1749266238,0.01044700,146.00000000,0.010354
1749266238,0.01045000,538342.00000000,0.010354
1749266238,0.01045200,3869843.00000000,0.010354
1749266238,0.01045300,98653.00000000,0.010354
1749266238,0.01045500,303733.00000000,0.010354
1749266238,0.01045700,145.00000000,0.010354
1749266238,0.01045800,98819.00000000,0.010354
1749266238,0.01045900,3861.00000000,0.010354
1749266238,0.01046100,100506.00000000,0.010354
1749266238,0.01046200,145.00000000,0.010354
1749266238,0.01046300,2660.00000000,0.010354
1749266238,0.01046400,106.00000000,0.010354
1749266539,0.01022700,74137.00000000,0.010224
1749266539,0.01022800,56098.00000000,0.010224
1749266539,0.01022900,29675.00000000,0.010224
1749266539,0.01023000,76917.00000000,0.010224
1749266539,0.01023100,91168.00000000,0.010224
1749266539,0.01023200,75536.00000000,0.010224
1749266539,0.01023300,26689.00000000,0.010224
1749266539,0.01023400,179686.00000000,0.010224
1749266539,0.01023500,411793.00000000,0.010224
1749266539,0.01023600,265228.00000000,0.010224
1749266539,0.01023700,263660.00000000,0.010224
1749266539,0.01023800,319429.00000000,0.010224
1749266539,0.01023900,228231.00000000,0.010224
1749266539,0.01024000,382835.00000000,0.010224
1749266539,0.01024100,79159.00000000,0.010224
1749266539,0.01024200,194242.00000000,0.010224
1749266539,0.01024300,273211.00000000,0.010224
1749266539,0.01024400,417895.00000000,0.010224
1749266539,0.01024500,457637.00000000,0.010224
1749266539,0.01024600,591747.00000000,0.010224
1749266539,0.01024700,974366.00000000,0.010224
1749266539,0.01024800,440611.00000000,0.010224
1749266539,0.01024900,381197.00000000,0.010224
1749266539,0.01025000,35696.00000000,0.010224
1749266539,0.01025100,169565.00000000,0.010224
1749266539,0.01025200,483099.00000000,0.010224
1749266539,0.01025300,203672.00000000,0.010224
1749266539,0.01025400,468336.00000000,0.010224
1749266539,0.01025500,336308.00000000,0.010224
1749266539,0.01025600,99822.00000000,0.010224
1749266539,0.01025700,10985.00000000,0.010224
1749266539,0.01025800,6931.00000000,0.010224
1749266539,0.01025900,44431.00000000,0.010224
1749266539,0.01026000,75072.00000000,0.010224
1749266539,0.01026100,208331.00000000,0.010224
1749266539,0.01026200,25870.00000000,0.010224
1749266539,0.01026300,19007.00000000,0.010224
1749266539,0.01026400,99821.00000000,0.010224
1749266539,0.01026500,566014.00000000,0.010224
1749266539,0.01026600,143515.00000000,0.010224
1749266539,0.01026700,11527.00000000,0.010224
1749266539,0.01026800,223144.00000000,0.010224
1749266539,0.01026900,74970.00000000,0.010224
1749266539,0.01027000,566111.00000000,0.010224
1749266539,0.01027100,10861.00000000,0.010224
1749266539,0.01027200,36078.00000000,0.010224
1749266539,0.01027300,753688.00000000,0.010224
1749266539,0.01027400,25730.00000000,0.010224
1749266539,0.01027500,349514.00000000,0.010224
1749266539,0.01027600,99719.00000000,0.010224
1749266539,0.01027700,208322.00000000,0.010224
1749266539,0.01027800,25729.00000000,0.010224
1749266539,0.01027900,34321.00000000,0.010224
1749266539,0.01028000,25729.00000000,0.010224
1749266539,0.01028100,979.00000000,0.010224
1749266539,0.01028200,11006.00000000,0.010224
1749266539,0.01028300,25728.00000000,0.010224
1749266539,0.01028400,137871.00000000,0.010224
1749266539,0.01028500,396557.00000000,0.010224
1749266539,0.01028600,10856.00000000,0.010224
1749266539,0.01028700,208308.00000000,0.010224
1749266539,0.01028800,257758.00000000,0.010224
1749266539,0.01028900,25728.00000000,0.010224
1749266539,0.01029000,978.00000000,0.010224
1749266539,0.01029100,978.00000000,0.010224
1749266539,0.01029200,1124.00000000,0.010224
1749266539,0.01029300,978.00000000,0.010224
1749266539,0.01029400,99631.00000000,0.010224
1749266539,0.01029500,431673.00000000,0.010224
1749266539,0.01029600,1085.00000000,0.010224
1749266539,0.01029700,72049.00000000,0.010224
1749266539,0.01029800,977.00000000,0.010224
1749266539,0.01029900,977.00000000,0.010224
1749266539,0.01030000,977.00000000,0.010224
1749266539,0.01030100,125447.00000000,0.010224
1749266539,0.01030200,99776.00000000,0.010224
1749266539,0.01030300,24750.00000000,0.010224
1749266539,0.01030500,338751.00000000,0.010224
1749266539,0.01030600,705353.00000000,0.010224
1749266539,0.01030700,194181.00000000,0.010224
1749266539,0.01030800,98760.00000000,0.010224
1749266539,0.01030900,110952.00000000,0.010224
1749266539,0.01031200,146.00000000,0.010224
1749266539,0.01031400,3984.00000000,0.010224
1749266539,0.01031500,4320557.00000000,0.010224
1749266539,0.01031600,98653.00000000,0.010224
1749266539,0.01031700,146.00000000,0.010224
1749266539,0.01031900,25230.00000000,0.010224
1749266539,0.01032000,107.00000000,0.010224
1749266539,0.01032100,100.00000000,0.010224
1749266539,0.01032200,98799.00000000,0.010224
1749266539,0.01032300,98653.00000000,0.010224
1749266539,0.01032500,314397.00000000,0.010224
1749266539,0.01032700,146.00000000,0.010224
1749266539,0.01032900,98653.00000000,0.010224
1749266539,0.01033000,98653.00000000,0.010224
1749266539,0.01033200,253.00000000,0.010224
1749266539,0.01033400,4411.00000000,0.010224
1749266539,0.01033500,334938.00000000,0.010224
1749266539,0.01033700,98799.00000000,0.010224
1749266841,0.01034700,60668.00000000,0.01034
1749266841,0.01034800,113271.00000000,0.01034
1749266841,0.01034900,43861.00000000,0.01034
1749266841,0.01035000,17470.00000000,0.01034
1749266841,0.01035100,96031.00000000,0.01034
1749266841,0.01035200,281053.00000000,0.01034
1749266841,0.01035300,186479.00000000,0.01034
1749266841,0.01035400,179538.00000000,0.01034
1749266841,0.01035500,165472.00000000,0.01034
1749266841,0.01035600,519839.00000000,0.01034
1749266841,0.01035700,97969.00000000,0.01034
1749266841,0.01035800,387060.00000000,0.01034
1749266841,0.01035900,351118.00000000,0.01034
1749266841,0.01036000,107821.00000000,0.01034
1749266841,0.01036100,271797.00000000,0.01034
1749266841,0.01036200,75351.00000000,0.01034
1749266841,0.01036300,46068.00000000,0.01034
1749266841,0.01036400,132156.00000000,0.01034
1749266841,0.01036500,256914.00000000,0.01034
1749266841,0.01036600,54301.00000000,0.01034
1749266841,0.01036700,184580.00000000,0.01034
1749266841,0.01036800,84959.00000000,0.01034
1749266841,0.01036900,129544.00000000,0.01034
1749266841,0.01037000,129677.00000000,0.01034
1749266841,0.01037100,123942.00000000,0.01034
1749266841,0.01037200,155816.00000000,0.01034
1749266841,0.01037300,400827.00000000,0.01034
1749266841,0.01037400,167236.00000000,0.01034
1749266841,0.01037500,919999.00000000,0.01034
1749266841,0.01037600,137120.00000000,0.01034
1749266841,0.01037700,186502.00000000,0.01034
1749266841,0.01037800,970.00000000,0.01034
1749266841,0.01037900,312021.00000000,0.01034
1749266841,0.01038000,1076.00000000,0.01034
1749266841,0.01038100,35458.00000000,0.01034
1749266841,0.01038200,1115.00000000,0.01034
1749266841,0.01038300,208101.00000000,0.01034
1749266841,0.01038400,116729.00000000,0.01034
1749266841,0.01038500,333712.00000000,0.01034
1749266841,0.01038600,10705.00000000,0.01034
1749266841,0.01038700,230509.00000000,0.01034
1749266841,0.01038800,176269.00000000,0.01034
1749266841,0.01038900,99709.00000000,0.01034
1749266841,0.01039000,99622.00000000,0.01034
1749266841,0.01039100,35552.00000000,0.01034
1749266841,0.01039200,37414.00000000,0.01034
1749266841,0.01039300,124372.00000000,0.01034
1749266841,0.01039400,69696.00000000,0.01034
1749266841,0.01039500,366332.00000000,0.01034
1749266841,0.01039600,75064.00000000,0.01034
1749266841,0.01039700,35600.00000000,0.01034
1749266841,0.01039800,10704.00000000,0.01034
1749266841,0.01039900,25718.00000000,0.01034
1749266841,0.01040000,649556.00000000,0.01034
1749266841,0.01040100,44152.00000000,0.01034
1749266841,0.01040200,23468.00000000,0.01034
1749266841,0.01040300,198360.00000000,0.01034
1749266841,0.01040400,10809.00000000,0.01034
1749266841,0.01040500,341451.00000000,0.01034
1749266841,0.01040600,162129.00000000,0.01034
1749266841,0.01040700,25863.00000000,0.01034
1749266841,0.01040800,967.00000000,0.01034
1749266841,0.01040900,25717.00000000,0.01034
1749266841,0.01041000,75056.00000000,0.01034
1749266841,0.01041100,25717.00000000,0.01034
1749266841,0.01041200,25676.00000000,0.01034
1749266841,0.01041300,25716.00000000,0.01034
1749266841,0.01041400,99619.00000000,0.01034
1749266841,0.01041500,366739.00000000,0.01034
1749266841,0.01041600,1072.00000000,0.01034
1749266841,0.01041700,103045.00000000,0.01034
1749266841,0.01041800,966.00000000,0.01034
1749266841,0.01041900,124369.00000000,0.01034
1749266841,0.01042000,966.00000000,0.01034
1749266841,0.01042100,179464.00000000,0.01034
1749266841,0.01042200,1112.00000000,0.01034
1749266841,0.01042300,24750.00000000,0.01034
1749266841,0.01042400,73990.00000000,0.01034
1749266841,0.01042500,343354.00000000,0.01034
1749266841,0.01042600,191810.00000000,0.01034
1749266841,0.01042700,123648.00000000,0.01034
1749266841,0.01042800,73696.00000000,0.01034
1749266841,0.01042900,24750.00000000,0.01034
1749266841,0.01043000,110.00000000,0.01034
1749266841,0.01043100,73990.00000000,0.01034
1749266841,0.01043200,98799.00000000,0.01034
1749266841,0.01043300,37599.00000000,0.01034
1749266841,0.01043500,350699.00000000,0.01034
1749266841,0.01043600,3887049.00000000,0.01034
1749266841,0.01043700,242.00000000,0.01034
1749266841,0.01043800,96419.00000000,0.01034
1749266841,0.01044000,98759.00000000,0.01034
1749266841,0.01044100,148394.00000000,0.01034
1749266841,0.01044200,145.00000000,0.01034
1749266841,0.01044500,469910.00000000,0.01034
1749266841,0.01044600,5792.00000000,0.01034
1749266841,0.01044700,145.00000000,0.01034
1749266841,0.01045000,542336.00000000,0.01034
1749266841,0.01045200,252.00000000,0.01034
1749266841,0.01045300,819092.00000000,0.01034
1749267142,0.01029800,63187.00000000,0.010298
1749267142,0.01029900,63866.00000000,0.010298
1749267142,0.01030000,38439.00000000,0.010298
1749267142,0.01030100,19874.00000000,0.010298
1749267142,0.01030200,45553.00000000,0.010298
1749267142,0.01030300,178444.00000000,0.010298
1749267142,0.01030400,9654.00000000,0.010298
1749267142,0.01030500,76569.00000000,0.010298
1749267142,0.01030600,162797.00000000,0.010298
1749267142,0.01030700,108195.00000000,0.010298
1749267142,0.01030800,37576.00000000,0.010298
1749267142,0.01030900,43825.00000000,0.010298
1749267142,0.01031000,193838.00000000,0.010298
1749267142,0.01031100,276794.00000000,0.010298
1749267142,0.01031200,427369.00000000,0.010298
1749267142,0.01031300,496950.00000000,0.010298
1749267142,0.01031400,481879.00000000,0.010298
1749267142,0.01031500,581634.00000000,0.010298
1749267142,0.01031600,196818.00000000,0.010298
1749267142,0.01031700,239960.00000000,0.010298
1749267142,0.01031800,146975.00000000,0.010298
1749267142,0.01031900,160283.00000000,0.010298
1749267142,0.01032000,205411.00000000,0.010298
1749267142,0.01032100,134071.00000000,0.010298
1749267142,0.01032200,18808.00000000,0.010298
1749267142,0.01032300,99621.00000000,0.010298
1749267142,0.01032400,25825.00000000,0.010298
1749267142,0.01032500,422944.00000000,0.010298
1749267142,0.01032600,511814.00000000,0.010298
1749267142,0.01032700,242503.00000000,0.010298
