timestamp,price,volume,current_price
1749254687,0.24080000,16914.00000000,0.2407
1749254687,0.24090000,65407.00000000,0.2407
1749254687,0.24100000,52736.60000000,0.2407
1749254687,0.24110000,106825.40000000,0.2407
1749254687,0.24120000,143921.50000000,0.2407
1749254687,0.24130000,72596.70000000,0.2407
1749254687,0.24140000,99901.60000000,0.2407
1749254687,0.24150000,18942.30000000,0.2407
1749254687,0.24160000,83172.10000000,0.2407
1749254687,0.24170000,120847.80000000,0.2407
1749254687,0.24180000,26143.40000000,0.2407
1749254687,0.24190000,8391.10000000,0.2407
1749254687,0.24200000,19512.70000000,0.2407
1749254687,0.24210000,28835.10000000,0.2407
1749254687,0.24220000,10611.50000000,0.2407
1749254687,0.24230000,4247.00000000,0.2407
1749254687,0.24240000,2444.30000000,0.2407
1749254687,0.24250000,881.70000000,0.2407
1749254687,0.24260000,401.90000000,0.2407
1749254687,0.24270000,891.70000000,0.2407
1749254687,0.24280000,1384.20000000,0.2407
1749254687,0.24290000,19783.40000000,0.2407
1749254687,0.24300000,58277.60000000,0.2407
1749254687,0.24310000,47.70000000,0.2407
1749254687,0.24320000,158.70000000,0.2407
1749254687,0.24330000,4043.30000000,0.2407
1749254687,0.24340000,10294.20000000,0.2407
1749254687,0.24350000,492.60000000,0.2407
1749254687,0.24360000,141.40000000,0.2407
1749254687,0.24370000,48.10000000,0.2407
1749254687,0.24380000,46.30000000,0.2407
1749254687,0.24390000,46.70000000,0.2407
1749254687,0.24400000,258.10000000,0.2407
1749254687,0.24410000,104.00000000,0.2407
1749254687,0.24420000,1318.80000000,0.2407
1749254687,0.24430000,73.60000000,0.2407
1749254687,0.24440000,170.80000000,0.2407
1749254687,0.24450000,39427.70000000,0.2407
1749254687,0.24460000,98543.40000000,0.2407
1749254687,0.24470000,57752.10000000,0.2407
1749254687,0.24480000,161.10000000,0.2407
1749254687,0.24490000,53.10000000,0.2407
1749254687,0.24500000,104.40000000,0.2407
1749254687,0.24510000,64.80000000,0.2407
1749254687,0.24520000,88.80000000,0.2407
1749254687,0.24530000,50.00000000,0.2407
1749254687,0.24540000,60.80000000,0.2407
1749254687,0.24550000,460.20000000,0.2407
1749254687,0.24560000,1792.40000000,0.2407
1749254687,0.24570000,131.50000000,0.2407
1749254687,0.24580000,55.90000000,0.2407
1749254687,0.24590000,76.00000000,0.2407
1749254687,0.24600000,91.90000000,0.2407
1749254687,0.24610000,41.90000000,0.2407
1749254687,0.24620000,56.50000000,0.2407
1749254687,0.24630000,41.80000000,0.2407
1749254687,0.24640000,55.80000000,0.2407
1749254687,0.24650000,18802.60000000,0.2407
1749254687,0.24660000,75.00000000,0.2407
1749254687,0.24670000,95.20000000,0.2407
1749254687,0.24680000,47.00000000,0.2407
1749254687,0.24690000,41.70000000,0.2407
1749254687,0.24700000,868.80000000,0.2407
1749254687,0.24710000,41.70000000,0.2407
1749254687,0.24720000,49.70000000,0.2407
1749254687,0.24730000,41.70000000,0.2407
1749254687,0.24740000,1869.60000000,0.2407
1749254687,0.24750000,78.60000000,0.2407
1749254687,0.24760000,97.00000000,0.2407
1749254687,0.24770000,1319.00000000,0.2407
1749254687,0.24780000,74.10000000,0.2407
1749254687,0.24790000,65.70000000,0.2407
1749254687,0.24800000,8442.00000000,0.2407
1749254687,0.24810000,41.50000000,0.2407
1749254687,0.24820000,83.50000000,0.2407
1749254687,0.24830000,81.70000000,0.2407
1749254687,0.24870000,6.70000000,0.2407
1749254687,0.24880000,944.20000000,0.2407
1749254687,0.24890000,4481.90000000,0.2407
1749254687,0.24900000,21119.50000000,0.2407
1749254687,0.24910000,174.70000000,0.2407
1749254687,0.24920000,6.40000000,0.2407
1749254687,0.24940000,150.40000000,0.2407
1749254687,0.24950000,2392.40000000,0.2407
1749254687,0.24970000,69.70000000,0.2407
1749254687,0.24980000,5.20000000,0.2407
1749254687,0.24990000,71.40000000,0.2407
1749254687,0.25000000,20230.20000000,0.2407
1749254687,0.25010000,7.90000000,0.2407
1749254687,0.25030000,35.60000000,0.2407
1749254687,0.25040000,65.30000000,0.2407
1749254687,0.25050000,29.40000000,0.2407
1749254687,0.25060000,14.00000000,0.2407
1749254687,0.25080000,38.10000000,0.2407
1749254687,0.25090000,13.40000000,0.2407
1749254687,0.25100000,1539.10000000,0.2407
1749254687,0.25110000,7.80000000,0.2407
1749254687,0.25120000,533.00000000,0.2407
1749254687,0.25130000,3973.00000000,0.2407
1749254687,0.25140000,80424.10000000,0.2407
1749255012,0.24070000,941.00000000,0.2409
1749255012,0.24080000,48453.80000000,0.2409
1749255012,0.24090000,77929.20000000,0.2409
1749255012,0.24100000,95892.30000000,0.2409
1749255012,0.24110000,121869.90000000,0.2409
1749255012,0.24120000,95848.10000000,0.2409
1749255012,0.24130000,80311.50000000,0.2409
1749255012,0.24140000,100514.50000000,0.2409
1749255012,0.24150000,122951.80000000,0.2409
1749255012,0.24160000,79298.50000000,0.2409
1749255012,0.24170000,9247.80000000,0.2409
1749255012,0.24180000,24769.70000000,0.2409
1749255012,0.24190000,8391.10000000,0.2409
1749255012,0.24200000,13372.70000000,0.2409
1749255012,0.24210000,14457.00000000,0.2409
1749255012,0.24220000,2355.20000000,0.2409
1749255012,0.24230000,46770.40000000,0.2409
1749255012,0.24240000,265.30000000,0.2409
1749255012,0.24250000,47.70000000,0.2409
1749255012,0.24260000,401.90000000,0.2409
1749255012,0.24270000,57.70000000,0.2409
1749255012,0.24280000,1384.20000000,0.2409
1749255012,0.24290000,59169.00000000,0.2409
1749255012,0.24300000,58277.60000000,0.2409
1749255012,0.24310000,47.70000000,0.2409
1749255012,0.24320000,158.70000000,0.2409
1749255012,0.24330000,4043.30000000,0.2409
1749255012,0.24340000,10294.20000000,0.2409
1749255012,0.24350000,492.60000000,0.2409
1749255012,0.24360000,141.40000000,0.2409
1749255012,0.24370000,48.10000000,0.2409
1749255012,0.24380000,46.30000000,0.2409
1749255012,0.24390000,46.70000000,0.2409
1749255012,0.24400000,258.10000000,0.2409
1749255012,0.24410000,104.00000000,0.2409
1749255012,0.24420000,1318.80000000,0.2409
1749255012,0.24430000,73.60000000,0.2409
1749255012,0.24440000,170.80000000,0.2409
1749255012,0.24450000,42.10000000,0.2409
1749255012,0.24460000,98543.40000000,0.2409
1749255012,0.24470000,57752.10000000,0.2409
1749255012,0.24480000,161.10000000,0.2409
1749255012,0.24490000,53.10000000,0.2409
1749255012,0.24500000,104.40000000,0.2409
1749255012,0.24510000,64.80000000,0.2409
1749255012,0.24520000,88.80000000,0.2409
1749255012,0.24530000,50.00000000,0.2409
1749255012,0.24540000,60.80000000,0.2409
1749255012,0.24550000,460.20000000,0.2409
1749255012,0.24560000,1792.40000000,0.2409
1749255012,0.24570000,131.50000000,0.2409
1749255012,0.24580000,55.90000000,0.2409
1749255012,0.24590000,76.00000000,0.2409
1749255012,0.24600000,91.90000000,0.2409
1749255012,0.24610000,41.90000000,0.2409
1749255012,0.24620000,1333.90000000,0.2409
1749255012,0.24630000,41.80000000,0.2409
1749255012,0.24640000,55.80000000,0.2409
1749255012,0.24650000,18802.60000000,0.2409
1749255012,0.24660000,75.00000000,0.2409
1749255012,0.24670000,95.20000000,0.2409
1749255012,0.24680000,47.00000000,0.2409
1749255012,0.24690000,41.70000000,0.2409
1749255012,0.24700000,868.80000000,0.2409
1749255012,0.24710000,41.70000000,0.2409
1749255012,0.24720000,49.70000000,0.2409
1749255012,0.24730000,41.70000000,0.2409
1749255012,0.24740000,1869.60000000,0.2409
1749255012,0.24750000,78.60000000,0.2409
1749255012,0.24760000,97.00000000,0.2409
1749255012,0.24770000,41.60000000,0.2409
1749255012,0.24780000,74.10000000,0.2409
1749255012,0.24790000,65.70000000,0.2409
1749255012,0.24800000,8442.00000000,0.2409
1749255012,0.24810000,41.50000000,0.2409
1749255012,0.24820000,83.50000000,0.2409
1749255012,0.24830000,40.20000000,0.2409
1749255012,0.24870000,6.70000000,0.2409
1749255012,0.24880000,14.00000000,0.2409
1749255012,0.24890000,4481.90000000,0.2409
1749255012,0.24900000,21119.50000000,0.2409
1749255012,0.24910000,174.70000000,0.2409
1749255012,0.24920000,6.40000000,0.2409
1749255012,0.24940000,1080.60000000,0.2409
1749255012,0.24950000,2392.40000000,0.2409
1749255012,0.24970000,69.70000000,0.2409
1749255012,0.24980000,5.20000000,0.2409
1749255012,0.24990000,71.40000000,0.2409
1749255012,0.25000000,20426.90000000,0.2409
1749255012,0.25010000,7.90000000,0.2409
1749255012,0.25030000,35.60000000,0.2409
1749255012,0.25040000,65.30000000,0.2409
1749255012,0.25050000,29.40000000,0.2409
1749255012,0.25060000,14.00000000,0.2409
1749255012,0.25080000,38.10000000,0.2409
1749255012,0.25090000,13.40000000,0.2409
1749255012,0.25100000,1539.10000000,0.2409
1749255012,0.25110000,7.80000000,0.2409
1749255012,0.25120000,533.00000000,0.2409
1749255012,0.25130000,3973.00000000,0.2409
