timestamp,price,volume,current_price
1749260697,116.03000000,2.95400000,115.98
1749260697,116.04000000,9.03100000,115.98
1749260697,116.05000000,0.15200000,115.98
1749260697,116.06000000,0.15200000,115.98
1749260697,116.07000000,1.29700000,115.98
1749260697,116.08000000,0.77000000,115.98
1749260697,116.09000000,1.94600000,115.98
1749260697,116.10000000,10.08800000,115.98
1749260697,116.11000000,4.51400000,115.98
1749260697,116.12000000,20.31700000,115.98
1749260697,116.13000000,10.25500000,115.98
1749260697,116.14000000,2.84200000,115.98
1749260697,116.15000000,8.34500000,115.98
1749260697,116.16000000,8.96900000,115.98
1749260697,116.17000000,17.24000000,115.98
1749260697,116.18000000,1.29700000,115.98
1749260697,116.19000000,3.06400000,115.98
1749260697,116.20000000,9.49000000,115.98
1749260697,116.21000000,0.15200000,115.98
1749260697,116.22000000,1.23200000,115.98
1749260697,116.23000000,0.08700000,115.98
1749260697,116.24000000,1.23200000,115.98
1749260697,116.25000000,0.15200000,115.98
1749260697,116.26000000,1.23200000,115.98
1749260697,116.27000000,0.94800000,115.98
1749260697,116.28000000,1.23200000,115.98
1749260697,116.29000000,0.33900000,115.98
1749260697,116.30000000,1.23200000,115.98
1749260697,116.31000000,0.40400000,115.98
1749260697,116.32000000,0.33900000,115.98
1749260697,116.33000000,1.23200000,115.98
1749260697,116.34000000,0.08700000,115.98
1749260697,116.35000000,0.33000000,115.98
1749260697,116.36000000,1.23200000,115.98
1749260697,116.37000000,3.82900000,115.98
1749260697,116.38000000,1.23200000,115.98
1749260697,116.39000000,0.33000000,115.98
1749260697,116.40000000,1.30200000,115.98
1749260697,116.41000000,0.33000000,115.98
1749260697,116.42000000,1.36300000,115.98
1749260697,116.43000000,0.40200000,115.98
1749260697,116.44000000,1.23100000,115.98
1749260697,116.45000000,0.59800000,115.98
1749260697,116.46000000,0.33500000,115.98
1749260697,116.47000000,0.33600000,115.98
1749260697,116.48000000,1.23200000,115.98
1749260697,116.49000000,0.40100000,115.98
1749260697,116.50000000,3.03200000,115.98
1749260697,116.51000000,0.13200000,115.98
1749260697,116.52000000,3.76000000,115.98
1749260697,116.53000000,0.08700000,115.98
1749260697,116.54000000,0.08700000,115.98
1749260697,116.55000000,0.15300000,115.98
1749260697,116.56000000,1.23200000,115.98
1749260697,116.57000000,0.08700000,115.98
1749260697,116.58000000,0.58500000,115.98
1749260697,116.59000000,0.23500000,115.98
1749260697,116.60000000,1.23200000,115.98
1749260697,116.61000000,10.70800000,115.98
1749260697,116.62000000,4.26800000,115.98
1749260697,116.63000000,0.08700000,115.98
1749260697,116.64000000,0.08700000,115.98
1749260697,116.65000000,0.08700000,115.98
1749260697,116.66000000,1.23200000,115.98
1749260697,116.67000000,0.15300000,115.98
1749260697,116.68000000,1.43800000,115.98
1749260697,116.69000000,0.19300000,115.98
1749260697,116.70000000,0.23500000,115.98
1749260697,116.71000000,3.26700000,115.98
1749260697,116.72000000,1.23200000,115.98
1749260697,116.73000000,1.40200000,115.98
1749260697,116.74000000,1.30000000,115.98
1749260697,116.75000000,3.26700000,115.98
1749260697,116.76000000,3.14800000,115.98
1749260697,116.77000000,0.08700000,115.98
1749260697,116.78000000,0.08700000,115.98
1749260697,116.79000000,0.06500000,115.98
1749260697,116.80000000,25.83200000,115.98
1749260697,116.81000000,0.13900000,115.98
1749260697,116.84000000,0.19500000,115.98
1749260697,116.85000000,0.06500000,115.98
1749260697,116.88000000,0.27800000,115.98
1749260697,116.89000000,3.81900000,115.98
1749260697,116.90000000,0.04800000,115.98
1749260697,116.91000000,0.06500000,115.98
1749260697,116.93000000,10.25400000,115.98
1749260697,116.95000000,0.21100000,115.98
1749260697,116.97000000,0.06500000,115.98
1749260697,116.99000000,0.26100000,115.98
1749260697,117.00000000,4.40100000,115.98
1749260697,117.01000000,29.57700000,115.98
1749260697,117.02000000,0.26000000,115.98
1749260697,117.03000000,0.06500000,115.98
1749260697,117.07000000,27.47500000,115.98
1749260697,117.08000000,0.20000000,115.98
1749260697,117.09000000,0.06500000,115.98
1749260697,117.10000000,0.19000000,115.98
1749260697,117.11000000,2.69900000,115.98
1749260697,117.15000000,0.06500000,115.98
1749260697,117.16000000,0.08500000,115.98
1749261016,115.77000000,2.25200000,115.77
1749261016,115.78000000,0.15200000,115.77
1749261016,115.79000000,0.15200000,115.77
1749261016,115.80000000,1.29700000,115.77
1749261016,115.81000000,0.15200000,115.77
1749261016,115.82000000,3.98800000,115.77
1749261016,115.83000000,1.36200000,115.77
1749261016,115.84000000,0.15200000,115.77
1749261016,115.85000000,1.29700000,115.77
1749261016,115.86000000,5.32200000,115.77
1749261016,115.87000000,17.23400000,115.77
1749261016,115.88000000,1.29700000,115.77
1749261016,115.89000000,0.21700000,115.77
1749261016,115.90000000,3.20800000,115.77
1749261016,115.91000000,10.18700000,115.77
1749261016,115.92000000,0.15200000,115.77
1749261016,115.93000000,4.01000000,115.77
1749261016,115.94000000,9.04200000,115.77
1749261016,115.95000000,1.36200000,115.77
1749261016,115.96000000,8.10000000,115.77
1749261016,115.97000000,27.76700000,115.77
1749261016,115.98000000,2.82300000,115.77
1749261016,115.99000000,10.91300000,115.77
1749261016,116.00000000,10.12200000,115.77
1749261016,116.01000000,0.40900000,115.77
1749261016,116.02000000,0.95000000,115.77
1749261016,116.03000000,1.57400000,115.77
1749261016,116.04000000,0.08700000,115.77
1749261016,116.05000000,1.23200000,115.77
1749261016,116.06000000,0.42900000,115.77
1749261016,116.07000000,1.29700000,115.77
1749261016,116.08000000,0.42900000,115.77
1749261016,116.09000000,0.34300000,115.77
1749261016,116.10000000,1.23200000,115.77
1749261016,116.11000000,0.34300000,115.77
1749261016,116.12000000,0.08700000,115.77
1749261016,116.13000000,1.45900000,115.77
1749261016,116.14000000,3.78400000,115.77
1749261016,116.15000000,0.34300000,115.77
1749261016,116.16000000,1.23200000,115.77
1749261016,116.17000000,0.34300000,115.77
1749261016,116.18000000,1.23200000,115.77
1749261016,116.19000000,0.40800000,115.77
1749261016,116.20000000,1.23200000,115.77
1749261016,116.21000000,0.33800000,115.77
1749261016,116.22000000,1.23200000,115.77
1749261016,116.23000000,0.33800000,115.77
1749261016,116.24000000,1.23200000,115.77
1749261016,116.25000000,0.40300000,115.77
1749261016,116.26000000,1.23200000,115.77
1749261016,116.27000000,1.05700000,115.77
1749261016,116.28000000,1.23200000,115.77
1749261016,116.29000000,0.33900000,115.77
1749261016,116.30000000,1.23200000,115.77
1749261016,116.31000000,0.15200000,115.77
1749261016,116.32000000,0.08700000,115.77
1749261016,116.33000000,1.23200000,115.77
1749261016,116.34000000,0.08700000,115.77
1749261016,116.35000000,0.08700000,115.77
1749261016,116.36000000,1.72400000,115.77
1749261016,116.37000000,0.15200000,115.77
1749261016,116.38000000,1.23200000,115.77
1749261016,116.39000000,0.08700000,115.77
1749261016,116.40000000,1.30200000,115.77
1749261016,116.41000000,0.08700000,115.77
1749261016,116.42000000,1.36300000,115.77
1749261016,116.43000000,3.33600000,115.77
1749261016,116.44000000,1.23100000,115.77
1749261016,116.45000000,0.34700000,115.77
1749261016,116.46000000,0.08600000,115.77
1749261016,116.47000000,3.27200000,115.77
1749261016,116.48000000,1.23200000,115.77
1749261016,116.49000000,1.20600000,115.77
1749261016,116.50000000,1.88700000,115.77
1749261016,116.51000000,0.13200000,115.77
1749261016,116.52000000,2.61500000,115.77
1749261016,116.54000000,1.94700000,115.77
1749261016,116.55000000,0.06600000,115.77
1749261016,116.59000000,0.14800000,115.77
1749261016,116.61000000,10.62100000,115.77
1749261016,116.62000000,3.03600000,115.77
1749261016,116.67000000,0.06600000,115.77
1749261016,116.68000000,0.20600000,115.77
1749261016,116.69000000,0.10600000,115.77
1749261016,116.70000000,0.14800000,115.77
1749261016,116.73000000,0.26000000,115.77
1749261016,116.74000000,0.06800000,115.77
1749261016,116.75000000,30.05400000,115.77
1749261016,116.76000000,1.06800000,115.77
1749261016,116.79000000,0.06500000,115.77
1749261016,116.80000000,25.83200000,115.77
1749261016,116.81000000,0.13900000,115.77
1749261016,116.84000000,0.19500000,115.77
1749261016,116.85000000,0.06500000,115.77
1749261016,116.88000000,0.27800000,115.77
1749261016,116.90000000,0.04800000,115.77
1749261016,116.91000000,0.06500000,115.77
1749261016,116.93000000,10.25400000,115.77
1749261016,116.95000000,0.21100000,115.77
1749261016,116.97000000,0.06500000,115.77
1749261323,115.50000000,2.42400000,115.48
1749261323,115.51000000,0.15200000,115.48
1749261323,115.52000000,0.15200000,115.48
1749261323,115.53000000,0.48100000,115.48
1749261323,115.54000000,0.48100000,115.48
1749261323,115.55000000,3.35500000,115.48
1749261323,115.56000000,4.03900000,115.48
1749261323,115.57000000,9.14100000,115.48
1749261323,115.58000000,0.86700000,115.48
1749261323,115.59000000,1.36200000,115.48
1749261323,115.60000000,0.15200000,115.48
1749261323,115.61000000,0.48300000,115.48
1749261323,115.62000000,1.29700000,115.48
1749261323,115.63000000,0.48300000,115.48
1749261323,115.64000000,2.31900000,115.48
1749261323,115.65000000,0.21700000,115.48
1749261323,115.66000000,3.35800000,115.48
1749261323,115.67000000,10.68700000,115.48
1749261323,115.68000000,3.11200000,115.48
1749261323,115.69000000,12.78500000,115.48
1749261323,115.70000000,9.72300000,115.48
1749261323,115.71000000,5.41700000,115.48
1749261323,115.72000000,21.04300000,115.48
1749261323,115.73000000,1.23200000,115.48
1749261323,115.74000000,0.08700000,115.48
1749261323,115.75000000,1.23200000,115.48
1749261323,115.76000000,4.15600000,115.48
1749261323,115.77000000,10.68800000,115.48
1749261323,115.78000000,0.08700000,115.48
1749261323,115.79000000,0.08700000,115.48
1749261323,115.80000000,1.23200000,115.48
1749261323,115.81000000,0.08700000,115.48
1749261323,115.82000000,0.41700000,115.48
1749261323,115.83000000,1.29700000,115.48
1749261323,115.84000000,0.08700000,115.48
1749261323,115.85000000,4.84400000,115.48
1749261323,115.86000000,0.08700000,115.48
1749261323,115.87000000,0.08700000,115.48
1749261323,115.88000000,1.23200000,115.48
1749261323,115.89000000,0.15200000,115.48
1749261323,115.90000000,0.43000000,115.48
1749261323,115.91000000,1.23200000,115.48
1749261323,115.92000000,0.80600000,115.48
1749261323,115.93000000,1.23200000,115.48
1749261323,115.94000000,0.08700000,115.48
1749261323,115.95000000,1.29700000,115.48
1749261323,115.96000000,0.43100000,115.48
1749261323,115.97000000,1.23200000,115.48
1749261323,115.98000000,0.08700000,115.48
1749261323,115.99000000,0.42900000,115.48
1749261323,116.00000000,1.23200000,115.48
1749261323,116.01000000,0.40900000,115.48
1749261323,116.02000000,0.08700000,115.48
1749261323,116.03000000,1.23200000,115.48
1749261323,116.04000000,3.28100000,115.48
1749261323,116.05000000,1.71700000,115.48
1749261323,116.06000000,0.08700000,115.48
1749261323,116.07000000,1.29700000,115.48
1749261323,116.08000000,0.08700000,115.48
1749261323,116.09000000,0.08700000,115.48
1749261323,116.10000000,1.23200000,115.48
1749261323,116.11000000,0.08700000,115.48
1749261323,116.12000000,0.08700000,115.48
1749261323,116.13000000,1.29700000,115.48
1749261323,116.14000000,0.08700000,115.48
1749261323,116.15000000,3.28200000,115.48
1749261323,116.16000000,1.23200000,115.48
1749261323,116.17000000,0.08700000,115.48
1749261323,116.18000000,1.23200000,115.48
1749261323,116.19000000,2.12400000,115.48
1749261323,116.20000000,1.23200000,115.48
1749261323,116.21000000,0.08700000,115.48
1749261323,116.22000000,3.76000000,115.48
1749261323,116.23000000,0.08700000,115.48
1749261323,116.24000000,1.23200000,115.48
1749261323,116.25000000,0.15200000,115.48
1749261323,116.28000000,1.14500000,115.48
1749261323,116.29000000,11.36500000,115.48
1749261323,116.30000000,1.14500000,115.48
1749261323,116.31000000,0.06500000,115.48
1749261323,116.33000000,4.18100000,115.48
1749261323,116.36000000,1.14500000,115.48
1749261323,116.37000000,0.06500000,115.48
1749261323,116.40000000,1.21500000,115.48
1749261323,116.42000000,0.13200000,115.48
1749261323,116.43000000,0.06500000,115.48
1749261323,116.44000000,1.14500000,115.48
1749261323,116.45000000,0.26100000,115.48
1749261323,116.46000000,30.55100000,115.48
1749261323,116.49000000,0.06500000,115.48
1749261323,116.50000000,2.94500000,115.48
1749261323,116.51000000,2.30800000,115.48
1749261323,116.55000000,0.06600000,115.48
1749261323,116.61000000,10.54900000,115.48
1749261323,116.67000000,0.06600000,115.48
1749261323,116.68000000,0.20600000,115.48
1749261323,116.69000000,0.10600000,115.48
1749261323,116.70000000,0.14800000,115.48
1749261323,116.73000000,0.26000000,115.48
1749261323,116.74000000,5.04200000,115.48
1749261624,115.57000000,0.08700000,115.59
1749261624,115.58000000,0.15200000,115.59
1749261624,115.59000000,0.15200000,115.59
1749261624,115.60000000,0.15200000,115.59
1749261624,115.61000000,2.87800000,115.59
1749261624,115.62000000,14.25400000,115.59
1749261624,115.63000000,15.93500000,115.59
1749261624,115.64000000,0.15200000,115.59
1749261624,115.65000000,1.36200000,115.59
1749261624,115.66000000,3.90600000,115.59
1749261624,115.67000000,2.41700000,115.59
1749261624,115.68000000,14.60800000,115.59
1749261624,115.69000000,8.14400000,115.59
1749261624,115.70000000,0.15200000,115.59
1749261624,115.71000000,4.24000000,115.59
1749261624,115.72000000,9.29000000,115.59
1749261624,115.73000000,2.59500000,115.59
1749261624,115.74000000,8.14400000,115.59
1749261624,115.75000000,1.29700000,115.59
1749261624,115.76000000,0.15200000,115.59
1749261624,115.77000000,1.29700000,115.59
1749261624,115.78000000,0.08700000,115.59
1749261624,115.79000000,0.42700000,115.59
1749261624,115.80000000,1.23200000,115.59
1749261624,115.81000000,0.95000000,115.59
1749261624,115.82000000,0.41700000,115.59
1749261624,115.83000000,1.29700000,115.59
1749261624,115.84000000,0.08700000,115.59
1749261624,115.85000000,1.23200000,115.59
1749261624,115.86000000,0.41800000,115.59
1749261624,115.87000000,0.41800000,115.59
1749261624,115.88000000,1.23200000,115.59
1749261624,115.89000000,0.48300000,115.59
1749261624,115.90000000,0.08700000,115.59
1749261624,115.91000000,1.23200000,115.59
1749261624,115.92000000,0.43700000,115.59
1749261624,115.93000000,1.23200000,115.59
1749261624,115.94000000,0.43700000,115.59
1749261624,115.95000000,1.29700000,115.59
1749261624,115.96000000,3.53300000,115.59
1749261624,115.97000000,1.23200000,115.59
1749261624,115.98000000,0.43600000,115.59
1749261624,115.99000000,1.15500000,115.59
1749261624,116.00000000,1.23200000,115.59
1749261624,116.01000000,0.50100000,115.59
1749261624,116.02000000,0.43500000,115.59
1749261624,116.03000000,1.23200000,115.59
1749261624,116.04000000,0.43500000,115.59
1749261624,116.05000000,1.23200000,115.59
1749261624,116.06000000,0.59800000,115.59
1749261624,116.07000000,1.29700000,115.59
1749261624,116.08000000,0.08700000,115.59
1749261624,116.09000000,0.08700000,115.59
1749261624,116.10000000,1.23200000,115.59
1749261624,116.11000000,0.08700000,115.59
1749261624,116.12000000,0.58400000,115.59
1749261624,116.13000000,1.29700000,115.59
1749261624,116.14000000,0.08700000,115.59
1749261624,116.15000000,0.08700000,115.59
1749261624,116.16000000,1.23200000,115.59
1749261624,116.17000000,0.08700000,115.59
1749261624,116.18000000,1.23200000,115.59
1749261624,116.19000000,0.15200000,115.59
1749261624,116.20000000,1.23200000,115.59
1749261624,116.21000000,0.08700000,115.59
1749261624,116.22000000,3.76000000,115.59
1749261624,116.23000000,0.08700000,115.59
1749261624,116.24000000,1.23200000,115.59
1749261624,116.25000000,0.15200000,115.59
1749261624,116.26000000,0.08700000,115.59
1749261624,116.27000000,4.33300000,115.59
1749261624,116.28000000,1.23200000,115.59
1749261624,116.29000000,10.39800000,115.59
1749261624,116.30000000,1.23200000,115.59
1749261624,116.31000000,5.32100000,115.59
1749261624,116.32000000,0.08700000,115.59
1749261624,116.33000000,4.18100000,115.59
1749261624,116.36000000,1.14500000,115.59
1749261624,116.37000000,0.06500000,115.59
1749261624,116.38000000,1.14500000,115.59
1749261624,116.40000000,1.21500000,115.59
1749261624,116.42000000,1.27700000,115.59
1749261624,116.43000000,0.06500000,115.59
1749261624,116.44000000,1.14500000,115.59
1749261624,116.45000000,0.26100000,115.59
1749261624,116.48000000,1.14500000,115.59
1749261624,116.49000000,0.06500000,115.59
1749261624,116.50000000,2.94500000,115.59
1749261624,116.51000000,2.30800000,115.59
1749261624,116.52000000,1.14500000,115.59
1749261624,116.55000000,0.06600000,115.59
1749261624,116.56000000,1.14500000,115.59
1749261624,116.57000000,30.25100000,115.59
1749261624,116.61000000,10.54900000,115.59
1749261624,116.67000000,0.06600000,115.59
1749261624,116.68000000,0.20600000,115.59
1749261624,116.69000000,0.10600000,115.59
1749261624,116.70000000,0.14800000,115.59
1749261624,116.73000000,0.26000000,115.59
1749261624,116.74000000,0.06800000,115.59
1749261925,115.54000000,2.17800000,115.54
1749261925,115.55000000,2.31500000,115.54
1749261925,115.56000000,1.29700000,115.54
1749261925,115.57000000,0.15200000,115.54
1749261925,115.58000000,3.79700000,115.54
1749261925,115.59000000,1.49400000,115.54
1749261925,115.60000000,1.29700000,115.54
1749261925,115.61000000,3.90600000,115.54
1749261925,115.62000000,1.29700000,115.54
1749261925,115.63000000,3.90600000,115.54
1749261925,115.64000000,0.15200000,115.54
1749261925,115.65000000,1.36200000,115.54
1749261925,115.66000000,3.26800000,115.54
1749261925,115.67000000,10.38600000,115.54
1749261925,115.68000000,3.26800000,115.54
1749261925,115.69000000,10.38500000,115.54
1749261925,115.70000000,5.17200000,115.54
1749261925,115.71000000,17.93900000,115.54
1749261925,115.72000000,1.23200000,115.54
1749261925,115.73000000,0.42700000,115.54
1749261925,115.74000000,1.23200000,115.54
1749261925,115.75000000,2.84100000,115.54
1749261925,115.76000000,9.17900000,115.54
1749261925,115.77000000,1.29700000,115.54
1749261925,115.78000000,0.95100000,115.54
1749261925,115.79000000,0.43000000,115.54
1749261925,115.80000000,1.23200000,115.54
1749261925,115.81000000,0.42200000,115.54
1749261925,115.82000000,0.41700000,115.54
1749261925,115.83000000,1.29700000,115.54
1749261925,115.84000000,0.42300000,115.54
1749261925,115.85000000,1.23200000,115.54
1749261925,115.86000000,0.41800000,115.54
1749261925,115.87000000,0.41800000,115.54
1749261925,115.88000000,1.23200000,115.54
1749261925,115.89000000,0.48300000,115.54
1749261925,115.90000000,0.08700000,115.54
1749261925,115.91000000,1.23200000,115.54
1749261925,115.92000000,4.60300000,115.54
1749261925,115.93000000,1.23200000,115.54
1749261925,115.94000000,0.43700000,115.54
1749261925,115.95000000,1.29700000,115.54
1749261925,115.96000000,0.08700000,115.54
1749261925,115.97000000,1.23200000,115.54
1749261925,115.98000000,0.43600000,115.54
1749261925,115.99000000,0.59800000,115.54
1749261925,116.00000000,1.23200000,115.54
1749261925,116.01000000,0.15200000,115.54
1749261925,116.02000000,0.08700000,115.54
1749261925,116.03000000,1.23200000,115.54
1749261925,116.04000000,0.08700000,115.54
1749261925,116.05000000,1.23200000,115.54
1749261925,116.06000000,0.08700000,115.54
1749261925,116.07000000,1.29700000,115.54
1749261925,116.08000000,0.08700000,115.54
1749261925,116.09000000,0.08700000,115.54
1749261925,116.10000000,1.23200000,115.54
1749261925,116.11000000,0.08700000,115.54
1749261925,116.12000000,0.08700000,115.54
1749261925,116.13000000,1.29700000,115.54
1749261925,116.14000000,0.08700000,115.54
1749261925,116.15000000,0.57800000,115.54
1749261925,116.16000000,1.23200000,115.54
1749261925,116.17000000,0.08700000,115.54
1749261925,116.18000000,1.23200000,115.54
1749261925,116.19000000,0.15200000,115.54
1749261925,116.20000000,1.23200000,115.54
1749261925,116.21000000,0.08700000,115.54
1749261925,116.22000000,3.76000000,115.54
1749261925,116.23000000,3.28000000,115.54
1749261925,116.24000000,2.28600000,115.54
1749261925,116.25000000,0.15200000,115.54
1749261925,116.26000000,0.08700000,115.54
1749261925,116.27000000,3.28100000,115.54
1749261925,116.28000000,1.23200000,115.54
1749261925,116.29000000,10.39800000,115.54
1749261925,116.30000000,1.14500000,115.54
1749261925,116.31000000,0.06500000,115.54
1749261925,116.32000000,1.98800000,115.54
1749261925,116.33000000,4.18100000,115.54
1749261925,116.37000000,0.06500000,115.54
1749261925,116.39000000,1.14500000,115.54
1749261925,116.40000000,0.07000000,115.54
1749261925,116.42000000,0.13200000,115.54
1749261925,116.43000000,0.06500000,115.54
1749261925,116.45000000,1.40600000,115.54
1749261925,116.49000000,0.06500000,115.54
1749261925,116.50000000,32.20100000,115.54
1749261925,116.51000000,3.45300000,115.54
1749261925,116.55000000,0.06600000,115.54
1749261925,116.61000000,10.54900000,115.54
1749261925,116.67000000,0.06600000,115.54
1749261925,116.68000000,0.20600000,115.54
1749261925,116.69000000,0.10600000,115.54
1749261925,116.70000000,0.14800000,115.54
1749261925,116.73000000,0.26000000,115.54
1749261925,116.74000000,4.99500000,115.54
1749261925,116.76000000,1.06800000,115.54
1749261925,116.79000000,0.06500000,115.54
1749261925,116.80000000,25.83200000,115.54
1749262232,115.64000000,0.08700000,115.62
1749262232,115.65000000,0.15200000,115.62
1749262232,115.66000000,1.29700000,115.62
1749262232,115.67000000,0.15200000,115.62
1749262232,115.68000000,1.98800000,115.62
1749262232,115.69000000,2.65200000,115.62
1749262232,115.70000000,0.15200000,115.62
1749262232,115.71000000,3.16500000,115.62
1749262232,115.72000000,5.86200000,115.62
1749262232,115.73000000,3.98000000,115.62
1749262232,115.74000000,8.94400000,115.62
1749262232,115.75000000,1.63600000,115.62
1749262232,115.76000000,0.49100000,115.62
1749262232,115.77000000,4.19500000,115.62
1749262232,115.78000000,9.44300000,115.62
1749262232,115.79000000,3.28300000,115.62
1749262232,115.80000000,9.52400000,115.62
1749262232,115.81000000,3.12500000,115.62
1749262232,115.82000000,9.00900000,115.62
1749262232,115.83000000,1.29700000,115.62
1749262232,115.84000000,0.42300000,115.62
1749262232,115.85000000,1.23200000,115.62
1749262232,115.86000000,0.41800000,115.62
1749262232,115.87000000,0.41800000,115.62
1749262232,115.88000000,1.23200000,115.62
1749262232,115.89000000,1.34700000,115.62
1749262232,115.90000000,0.08700000,115.62
1749262232,115.91000000,1.23200000,115.62
1749262232,115.92000000,0.43700000,115.62
1749262232,115.93000000,1.23200000,115.62
1749262232,115.94000000,0.08700000,115.62
1749262232,115.95000000,4.74400000,115.62
1749262232,115.96000000,0.08700000,115.62
1749262232,115.97000000,1.23200000,115.62
1749262232,115.98000000,0.08700000,115.62
1749262232,115.99000000,0.24900000,115.62
1749262232,116.00000000,1.23200000,115.62
1749262232,116.01000000,0.15200000,115.62
1749262232,116.02000000,0.08700000,115.62
1749262232,116.03000000,1.23200000,115.62
1749262232,116.04000000,0.08700000,115.62
1749262232,116.05000000,1.23200000,115.62
1749262232,116.06000000,0.80600000,115.62
1749262232,116.07000000,1.29700000,115.62
1749262232,116.08000000,0.08700000,115.62
1749262232,116.09000000,0.08700000,115.62
1749262232,116.10000000,1.23200000,115.62
1749262232,116.11000000,0.08700000,115.62
1749262232,116.12000000,0.08700000,115.62
1749262232,116.13000000,1.29700000,115.62
1749262232,116.14000000,0.08700000,115.62
1749262232,116.15000000,0.28700000,115.62
1749262232,116.16000000,1.72600000,115.62
1749262232,116.17000000,0.08700000,115.62
1749262232,116.18000000,1.23200000,115.62
1749262232,116.19000000,0.15200000,115.62
1749262232,116.20000000,1.23200000,115.62
1749262232,116.21000000,0.08700000,115.62
1749262232,116.22000000,3.76000000,115.62
1749262232,116.23000000,0.08700000,115.62
1749262232,116.24000000,1.23200000,115.62
1749262232,116.25000000,0.15200000,115.62
1749262232,116.26000000,0.08700000,115.62
1749262232,116.27000000,0.08700000,115.62
1749262232,116.28000000,4.42100000,115.62
1749262232,116.29000000,12.35300000,115.62
1749262232,116.30000000,1.23200000,115.62
1749262232,116.31000000,0.15200000,115.62
1749262232,116.32000000,0.08700000,115.62
1749262232,116.33000000,5.32200000,115.62
1749262232,116.34000000,0.08700000,115.62
1749262232,116.35000000,4.42500000,115.62
1749262232,116.36000000,0.08700000,115.62
1749262232,116.37000000,0.15200000,115.62
1749262232,116.38000000,0.08700000,115.62
1749262232,116.39000000,1.23200000,115.62
1749262232,116.40000000,0.07000000,115.62
1749262232,116.41000000,1.14500000,115.62
1749262232,116.42000000,0.13200000,115.62
1749262232,116.43000000,0.06500000,115.62
1749262232,116.45000000,1.40600000,115.62
1749262232,116.47000000,1.14500000,115.62
1749262232,116.49000000,0.06500000,115.62
1749262232,116.50000000,1.80000000,115.62
1749262232,116.51000000,3.45300000,115.62
1749262232,116.52000000,30.35100000,115.62
1749262232,116.55000000,0.06600000,115.62
1749262232,116.59000000,1.14500000,115.62
1749262232,116.61000000,11.69400000,115.62
1749262232,116.67000000,0.06600000,115.62
1749262232,116.68000000,0.20600000,115.62
1749262232,116.69000000,0.10600000,115.62
1749262232,116.70000000,0.14800000,115.62
1749262232,116.73000000,0.26000000,115.62
1749262232,116.74000000,0.06800000,115.62
1749262232,116.76000000,1.06800000,115.62
1749262232,116.79000000,0.06500000,115.62
1749262232,116.80000000,25.83200000,115.62
1749262232,116.81000000,0.13900000,115.62
1749262232,116.84000000,0.19500000,115.62
1749262533,116.07000000,0.77500000,116.06
1749262533,116.08000000,0.08700000,116.06
1749262533,116.09000000,0.08700000,116.06
1749262533,116.10000000,3.71000000,116.06
1749262533,116.11000000,8.04400000,116.06
1749262533,116.12000000,1.29700000,116.06
1749262533,116.13000000,2.65200000,116.06
1749262533,116.14000000,0.15200000,116.06
1749262533,116.15000000,5.08800000,116.06
1749262533,116.16000000,0.15200000,116.06
1749262533,116.17000000,1.29700000,116.06
1749262533,116.18000000,0.15200000,116.06
1749262533,116.19000000,15.21900000,116.06
1749262533,116.20000000,36.07100000,116.06
1749262533,116.21000000,10.79900000,116.06
1749262533,116.22000000,9.18800000,116.06
1749262533,116.23000000,0.15200000,116.06
1749262533,116.24000000,3.79000000,116.06
1749262533,116.25000000,8.31000000,116.06
1749262533,116.26000000,1.29700000,116.06
1749262533,116.27000000,0.15200000,116.06
1749262533,116.28000000,1.29700000,116.06
1749262533,116.29000000,0.45200000,116.06
1749262533,116.30000000,2.09600000,116.06
1749262533,116.31000000,0.51700000,116.06
1749262533,116.32000000,0.45200000,116.06
1749262533,116.33000000,1.23200000,116.06
1749262533,116.34000000,0.38800000,116.06
1749262533,116.35000000,1.23200000,116.06
1749262533,116.36000000,0.40700000,116.06
1749262533,116.37000000,1.61700000,116.06
1749262533,116.38000000,0.08700000,116.06
1749262533,116.39000000,4.66600000,116.06
1749262533,116.40000000,0.15700000,116.06
1749262533,116.41000000,1.23200000,116.06
1749262533,116.42000000,0.21900000,116.06
1749262533,116.43000000,0.15200000,116.06
1749262533,116.44000000,0.08700000,116.06
1749262533,116.45000000,1.49300000,116.06
1749262533,116.46000000,0.08700000,116.06
1749262533,116.47000000,1.23200000,116.06
1749262533,116.48000000,0.80500000,116.06
1749262533,116.49000000,1.29700000,116.06
1749262533,116.50000000,1.88700000,116.06
1749262533,116.51000000,1.27700000,116.06
1749262533,116.52000000,0.08700000,116.06
1749262533,116.53000000,1.23200000,116.06
1749262533,116.54000000,2.61500000,116.06
1749262533,116.55000000,0.31600000,116.06
1749262533,116.56000000,0.08700000,116.06
1749262533,116.57000000,0.08700000,116.06
1749262533,116.58000000,0.08700000,116.06
1749262533,116.59000000,1.23200000,116.06
1749262533,116.60000000,0.08700000,116.06
1749262533,116.61000000,1.98600000,116.06
1749262533,116.62000000,0.08700000,116.06
1749262533,116.63000000,4.26800000,116.06
1749262533,116.64000000,0.08700000,116.06
1749262533,116.65000000,1.23200000,116.06
1749262533,116.66000000,0.08700000,116.06
1749262533,116.67000000,1.29800000,116.06
1749262533,116.68000000,0.29300000,116.06
1749262533,116.69000000,1.33800000,116.06
1749262533,116.70000000,0.23500000,116.06
1749262533,116.71000000,1.23200000,116.06
1749262533,116.72000000,0.08700000,116.06
1749262533,116.73000000,0.34700000,116.06
1749262533,116.74000000,0.15500000,116.06
1749262533,116.75000000,4.41000000,116.06
1749262533,116.76000000,3.15300000,116.06
1749262533,116.77000000,1.23200000,116.06
1749262533,116.78000000,1.14100000,116.06
1749262533,116.79000000,4.47600000,116.06
1749262533,116.80000000,25.91900000,116.06
1749262533,116.81000000,1.37100000,116.06
1749262533,116.82000000,0.08700000,116.06
1749262533,116.84000000,0.19500000,116.06
1749262533,116.85000000,1.21000000,116.06
1749262533,116.88000000,0.27800000,116.06
1749262533,116.90000000,0.04800000,116.06
1749262533,116.91000000,0.06500000,116.06
1749262533,116.93000000,11.39900000,116.06
1749262533,116.95000000,0.21100000,116.06
1749262533,116.97000000,0.06500000,116.06
1749262533,116.98000000,2.26300000,116.06
1749262533,116.99000000,0.26100000,116.06
1749262533,117.00000000,4.40100000,116.06
1749262533,117.02000000,0.26000000,116.06
1749262533,117.03000000,0.06500000,116.06
1749262533,117.07000000,29.50000000,116.06
1749262533,117.08000000,0.20000000,116.06
1749262533,117.09000000,0.06500000,116.06
1749262533,117.10000000,0.19000000,116.06
1749262533,117.11000000,0.43600000,116.06
1749262533,117.15000000,0.06500000,116.06
1749262533,117.16000000,0.08500000,116.06
1749262533,117.18000000,3.81900000,116.06
1749262533,117.19000000,0.86300000,116.06
1749262533,117.20000000,0.30100000,116.06
1749262533,117.21000000,0.06500000,116.06
1749262835,116.60000000,1.91600000,116.58
1749262835,116.61000000,0.15100000,116.58
1749262835,116.62000000,2.99700000,116.58
1749262835,116.63000000,9.08700000,116.58
1749262835,116.64000000,0.15100000,116.58
1749262835,116.65000000,1.29600000,116.58
1749262835,116.66000000,0.15100000,116.58
1749262835,116.67000000,1.36100000,116.58
1749262835,116.68000000,5.22400000,116.58
1749262835,116.69000000,20.54100000,116.58
1749262835,116.70000000,8.54200000,116.58
1749262835,116.71000000,1.07600000,116.58
1749262835,116.72000000,3.07700000,116.58
1749262835,116.73000000,14.45500000,116.58
1749262835,116.74000000,15.67200000,116.58
1749262835,116.75000000,4.26700000,116.58
1749262835,116.76000000,8.97500000,116.58
1749262835,116.77000000,3.73100000,116.58
1749262835,116.78000000,6.74900000,116.58
1749262835,116.79000000,24.12900000,116.58
1749262835,116.80000000,1.23100000,116.58
1749262835,116.81000000,0.08600000,116.58
1749262835,116.82000000,1.23100000,116.58
1749262835,116.83000000,0.08600000,116.58
1749262835,116.84000000,0.08700000,116.58
1749262835,116.85000000,1.29700000,116.58
1749262835,116.86000000,0.08700000,116.58
1749262835,116.87000000,4.65200000,116.58
1749262835,116.88000000,0.36500000,116.58
1749262835,116.89000000,1.23200000,116.58
1749262835,116.90000000,0.13500000,116.58
1749262835,116.91000000,1.29700000,116.58
1749262835,116.92000000,0.08700000,116.58
1749262835,116.93000000,1.23200000,116.58
1749262835,116.94000000,0.08700000,116.58
1749262835,116.95000000,1.44300000,116.58
1749262835,116.96000000,0.08700000,116.58
1749262835,116.97000000,1.29700000,116.58
1749262835,116.98000000,0.08700000,116.58
1749262835,116.99000000,1.49300000,116.58
1749262835,117.00000000,4.48800000,116.58
1749262835,117.01000000,3.37400000,116.58
1749262835,117.02000000,0.08700000,116.58
1749262835,117.03000000,0.15200000,116.58
1749262835,117.04000000,0.08700000,116.58
1749262835,117.05000000,1.23200000,116.58
1749262835,117.06000000,0.08600000,116.58
1749262835,117.07000000,0.08600000,116.58
1749262835,117.08000000,0.28600000,116.58
1749262835,117.09000000,1.29600000,116.58
1749262835,117.10000000,0.27600000,116.58
1749262835,117.11000000,2.16500000,116.58
1749262835,117.12000000,0.08600000,116.58
1749262835,117.13000000,0.08600000,116.58
1749262835,117.14000000,12.85200000,116.58
1749262835,117.15000000,0.15100000,116.58
1749262835,117.16000000,0.17100000,116.58
1749262835,117.17000000,0.08600000,116.58
1749262835,117.18000000,0.08600000,116.58
1749262835,117.19000000,0.94900000,116.58
1749262835,117.20000000,0.38700000,116.58
1749262835,117.21000000,0.15100000,116.58
1749262835,117.22000000,0.08600000,116.58
1749262835,117.23000000,3.31200000,116.58
1749262835,117.24000000,0.08600000,116.58
1749262835,117.25000000,0.08600000,116.58
1749262835,117.26000000,0.08600000,116.58
1749262835,117.27000000,0.15100000,116.58
1749262835,117.28000000,2.06700000,116.58
1749262835,117.29000000,0.08600000,116.58
1749262835,117.30000000,0.27800000,116.58
1749262835,117.31000000,3.25200000,116.58
1749262835,117.32000000,0.13700000,116.58
1749262835,117.33000000,3.25000000,116.58
1749262835,117.34000000,0.08600000,116.58
1749262835,117.35000000,0.08600000,116.58
1749262835,117.39000000,0.06500000,116.58
1749262835,117.45000000,0.06500000,116.58
1749262835,117.46000000,10.20800000,116.58
1749262835,117.49000000,2.26300000,116.58
1749262835,117.51000000,0.06500000,116.58
1749262835,117.52000000,4.51100000,116.58
1749262835,117.53000000,0.26100000,116.58
1749262835,117.55000000,7.74600000,116.58
1749262835,117.57000000,0.11500000,116.58
1749262835,117.60000000,4.67100000,116.58
1749262835,117.63000000,0.06500000,116.58
1749262835,117.64000000,3.81900000,116.58
1749262835,117.69000000,0.06500000,116.58
1749262835,117.70000000,28.53500000,116.58
1749262835,117.73000000,0.29700000,116.58
1749262835,117.75000000,0.06500000,116.58
1749262835,117.81000000,0.06500000,116.58
1749262835,117.82000000,12.72200000,116.58
1749262835,117.86000000,27.47500000,116.58
1749262835,117.87000000,0.06500000,116.58
1749262835,117.93000000,1.07400000,116.58
1749262835,117.96000000,4.89000000,116.58
1749262835,117.99000000,0.06500000,116.58
1749262835,118.00000000,2.58400000,116.58
1749263137,116.83000000,0.08600000,116.85
1749263137,116.84000000,0.08600000,116.85
1749263137,116.85000000,0.15100000,116.85
1749263137,116.86000000,0.15100000,116.85
1749263137,116.87000000,0.83500000,116.85
1749263137,116.88000000,1.29600000,116.85
1749263137,116.89000000,5.51200000,116.85
1749263137,116.90000000,30.61600000,116.85
1749263137,116.91000000,23.76200000,116.85
1749263137,116.92000000,30.62900000,116.85
1749263137,116.93000000,16.62300000,116.85
1749263137,116.94000000,3.79600000,116.85
1749263137,116.95000000,0.15100000,116.85
1749263137,116.96000000,1.58900000,116.85
1749263137,116.97000000,0.50900000,116.85
1749263137,116.98000000,1.59300000,116.85
1749263137,116.99000000,0.15100000,116.85
1749263137,117.00000000,1.44100000,116.85
1749263137,117.01000000,4.04400000,116.85
1749263137,117.02000000,9.37500000,116.85
1749263137,117.03000000,0.15100000,116.85
1749263137,117.04000000,0.37900000,116.85
1749263137,117.05000000,0.08600000,116.85
1749263137,117.06000000,0.08600000,116.85
1749263137,117.07000000,0.40100000,116.85
1749263137,117.08000000,0.60100000,116.85
1749263137,117.09000000,0.15100000,116.85
1749263137,117.10000000,0.59100000,116.85
1749263137,117.11000000,0.52200000,116.85
1749263137,117.12000000,0.40100000,116.85
1749263137,117.13000000,0.38000000,116.85
1749263137,117.14000000,5.63800000,116.85
1749263137,117.15000000,0.15100000,116.85
1749263137,117.16000000,0.17100000,116.85
1749263137,117.17000000,0.38000000,116.85
1749263137,117.18000000,0.37700000,116.85
1749263137,117.19000000,0.94900000,116.85
1749263137,117.20000000,0.38700000,116.85
1749263137,117.21000000,0.44200000,116.85
1749263137,117.22000000,0.08600000,116.85
1749263137,117.23000000,0.14600000,116.85
1749263137,117.24000000,0.08600000,116.85
1749263137,117.25000000,0.08600000,116.85
1749263137,117.26000000,0.39900000,116.85
1749263137,117.27000000,0.15100000,116.85
1749263137,117.28000000,0.39900000,116.85
1749263137,117.29000000,0.08600000,116.85
1749263137,117.30000000,0.50200000,116.85
1749263137,117.31000000,0.08600000,116.85
1749263137,117.32000000,0.35600000,116.85
1749263137,117.33000000,3.25000000,116.85
1749263137,117.34000000,0.36900000,116.85
1749263137,117.35000000,0.08600000,116.85
1749263137,117.36000000,0.08600000,116.85
1749263137,117.37000000,0.08600000,116.85
1749263137,117.38000000,0.58200000,116.85
1749263137,117.39000000,0.15100000,116.85
1749263137,117.40000000,1.14000000,116.85
1749263137,117.41000000,0.08600000,116.85
1749263137,117.42000000,0.08600000,116.85
1749263137,117.43000000,0.08600000,116.85
1749263137,117.44000000,0.08600000,116.85
1749263137,117.45000000,3.30900000,116.85
1749263137,117.46000000,10.29400000,116.85
1749263137,117.47000000,0.08600000,116.85
1749263137,117.48000000,0.08600000,116.85
1749263137,117.49000000,0.08600000,116.85
1749263137,117.50000000,0.08600000,116.85
1749263137,117.51000000,3.31000000,116.85
1749263137,117.52000000,4.59700000,116.85
1749263137,117.53000000,0.34700000,116.85
1749263137,117.54000000,0.08600000,116.85
1749263137,117.55000000,7.83200000,116.85
1749263137,117.56000000,2.05500000,116.85
1749263137,117.57000000,0.20100000,116.85
1749263137,117.58000000,0.08600000,116.85
1749263137,117.60000000,4.67100000,116.85
1749263137,117.61000000,2.53000000,116.85
1749263137,117.63000000,0.06500000,116.85
1749263137,117.64000000,3.81900000,116.85
1749263137,117.69000000,0.06500000,116.85
1749263137,117.75000000,0.06500000,116.85
1749263137,117.81000000,0.06500000,116.85
1749263137,117.82000000,12.72200000,116.85
1749263137,117.87000000,0.06500000,116.85
1749263137,117.88000000,0.29700000,116.85
1749263137,117.93000000,1.07400000,116.85
1749263137,117.99000000,30.36600000,116.85
1749263137,118.00000000,2.58400000,116.85
1749263137,118.02000000,0.82000000,116.85
1749263137,118.04000000,0.34700000,116.85
1749263137,118.05000000,0.11700000,116.85
1749263137,118.08000000,1.90200000,116.85
1749263137,118.09000000,0.05200000,116.85
1749263137,118.10000000,0.13000000,116.85
1749263137,118.11000000,0.06500000,116.85
1749263137,118.17000000,70.97400000,116.85
1749263137,118.20000000,4.94200000,116.85
1749263137,118.23000000,27.54000000,116.85
1749263137,118.29000000,0.06500000,116.85
1749263439,116.74000000,1.58800000,116.74
1749263439,116.75000000,0.15100000,116.74
1749263439,116.76000000,0.15100000,116.74
1749263439,116.77000000,1.29600000,116.74
1749263439,116.78000000,0.15100000,116.74
1749263439,116.79000000,4.38300000,116.74
1749263439,116.80000000,3.68700000,116.74
1749263439,116.81000000,11.90300000,116.74
1749263439,116.82000000,8.14000000,116.74
1749263439,116.83000000,4.92500000,116.74
1749263439,116.84000000,17.07600000,116.74
1749263439,116.85000000,0.21600000,116.74
1749263439,116.86000000,3.59100000,116.74
1749263439,116.87000000,9.18700000,116.74
1749263439,116.88000000,0.73500000,116.74
1749263439,116.89000000,1.29600000,116.74
1749263439,116.90000000,0.15100000,116.74
1749263439,116.91000000,3.00200000,116.74
1749263439,116.92000000,11.73000000,116.74
1749263439,116.93000000,10.23400000,116.74
1749263439,116.94000000,10.89800000,116.74
1749263439,116.95000000,9.12200000,116.74
1749263439,116.96000000,3.28200000,116.74
1749263439,116.97000000,10.58800000,116.74
1749263439,116.98000000,0.08600000,116.74
1749263439,116.99000000,1.23100000,116.74
1749263439,117.00000000,1.06500000,116.74
1749263439,117.01000000,0.08600000,116.74
1749263439,117.02000000,0.08600000,116.74
1749263439,117.03000000,0.15100000,116.74
1749263439,117.04000000,0.37900000,116.74
1749263439,117.05000000,0.08600000,116.74
1749263439,117.06000000,0.08600000,116.74
1749263439,117.07000000,0.40100000,116.74
1749263439,117.08000000,0.60100000,116.74
1749263439,117.09000000,0.15100000,116.74
1749263439,117.10000000,0.59100000,116.74
1749263439,117.11000000,0.52200000,116.74
1749263439,117.12000000,0.40100000,116.74
1749263439,117.13000000,0.38000000,116.74
1749263439,117.14000000,0.08600000,116.74
1749263439,117.15000000,0.48400000,116.74
1749263439,117.16000000,3.58200000,116.74
1749263439,117.17000000,0.38000000,116.74
1749263439,117.18000000,0.37700000,116.74
1749263439,117.19000000,0.94900000,116.74
1749263439,117.20000000,0.68300000,116.74
1749263439,117.21000000,0.44200000,116.74
1749263439,117.22000000,0.08600000,116.74
1749263439,117.23000000,0.44200000,116.74
1749263439,117.24000000,0.08600000,116.74
1749263439,117.25000000,2.52000000,116.74
1749263439,117.26000000,0.39900000,116.74
1749263439,117.27000000,0.15100000,116.74
1749263439,117.28000000,0.39900000,116.74
1749263439,117.29000000,0.08600000,116.74
1749263439,117.30000000,0.50200000,116.74
1749263439,117.31000000,0.08600000,116.74
1749263439,117.32000000,0.13700000,116.74
1749263439,117.33000000,3.25000000,116.74
1749263439,117.34000000,0.08600000,116.74
1749263439,117.35000000,1.14000000,116.74
1749263439,117.36000000,0.08600000,116.74
1749263439,117.37000000,0.57200000,116.74
1749263439,117.38000000,0.08600000,116.74
1749263439,117.39000000,0.15100000,116.74
1749263439,117.40000000,0.08600000,116.74
1749263439,117.41000000,0.08600000,116.74
1749263439,117.42000000,0.08600000,116.74
1749263439,117.43000000,3.24600000,116.74
1749263439,117.44000000,3.24200000,116.74
1749263439,117.45000000,0.15100000,116.74
1749263439,117.46000000,10.29400000,116.74
1749263439,117.47000000,0.08600000,116.74
1749263439,117.48000000,0.08600000,116.74
1749263439,117.49000000,0.08600000,116.74
1749263439,117.51000000,0.06500000,116.74
1749263439,117.52000000,4.51100000,116.74
1749263439,117.53000000,0.26100000,116.74
1749263439,117.55000000,56.87800000,116.74
1749263439,117.56000000,1.94600000,116.74
1749263439,117.57000000,0.11500000,116.74
1749263439,117.60000000,4.67100000,116.74
1749263439,117.61000000,2.53000000,116.74
1749263439,117.63000000,0.06500000,116.74
1749263439,117.64000000,3.81900000,116.74
1749263439,117.69000000,0.06500000,116.74
1749263439,117.75000000,0.06500000,116.74
1749263439,117.81000000,0.06500000,116.74
1749263439,117.82000000,12.72200000,116.74
1749263439,117.87000000,0.06500000,116.74
1749263439,117.93000000,1.07400000,116.74
1749263439,117.97000000,28.00100000,116.74
1749263439,117.99000000,2.32800000,116.74
1749263439,118.00000000,2.58400000,116.74
1749263439,118.02000000,0.82000000,116.74
1749263439,118.04000000,0.34700000,116.74
1749263439,118.05000000,0.11700000,116.74
1749263439,118.08000000,1.90200000,116.74
1749263439,118.09000000,0.05200000,116.74
1749263740,116.52000000,1.46400000,116.53
1749263740,116.53000000,0.15100000,116.53
1749263740,116.54000000,0.15100000,116.53
1749263740,116.55000000,0.15100000,116.53
1749263740,116.56000000,1.29600000,116.53
1749263740,116.57000000,0.72100000,116.53
1749263740,116.58000000,0.71300000,116.53
1749263740,116.59000000,5.90800000,116.53
1749263740,116.60000000,23.42000000,116.53
1749263740,116.61000000,14.88500000,116.53
1749263740,116.62000000,9.58600000,116.53
1749263740,116.63000000,1.56500000,116.53
1749263740,116.64000000,1.29600000,116.53
1749263740,116.65000000,0.15100000,116.53
1749263740,116.66000000,2.92600000,116.53
1749263740,116.67000000,9.25000000,116.53
1749263740,116.68000000,3.25200000,116.53
1749263740,116.69000000,9.24100000,116.53
1749263740,116.70000000,3.02700000,116.53
1749263740,116.71000000,14.13300000,116.53
1749263740,116.72000000,16.19300000,116.53
1749263740,116.73000000,1.29600000,116.53
1749263740,116.74000000,0.96700000,116.53
1749263740,116.75000000,0.57700000,116.53
1749263740,116.76000000,1.23100000,116.53
1749263740,116.77000000,0.41000000,116.53
1749263740,116.78000000,1.59500000,116.53
1749263740,116.79000000,0.59900000,116.53
1749263740,116.80000000,1.23100000,116.53
1749263740,116.81000000,0.41000000,116.53
1749263740,116.82000000,3.37400000,116.53
1749263740,116.83000000,0.41000000,116.53
1749263740,116.84000000,1.23100000,116.53
1749263740,116.85000000,0.48100000,116.53
1749263740,116.86000000,1.23100000,116.53
1749263740,116.87000000,0.08600000,116.53
1749263740,116.88000000,0.41600000,116.53
1749263740,116.89000000,0.08600000,116.53
1749263740,116.90000000,0.41600000,116.53
1749263740,116.91000000,0.48100000,116.53
1749263740,116.92000000,0.08600000,116.53
1749263740,116.93000000,3.83400000,116.53
1749263740,116.94000000,0.41600000,116.53
1749263740,116.95000000,0.08600000,116.53
1749263740,116.96000000,0.08600000,116.53
1749263740,116.97000000,0.15100000,116.53
1749263740,116.98000000,0.08600000,116.53
1749263740,116.99000000,0.08600000,116.53
1749263740,117.00000000,1.06500000,116.53
1749263740,117.01000000,0.08600000,116.53
1749263740,117.02000000,0.08600000,116.53
1749263740,117.03000000,0.15100000,116.53
1749263740,117.04000000,0.08600000,116.53
1749263740,117.05000000,0.08600000,116.53
1749263740,117.06000000,0.08600000,116.53
1749263740,117.07000000,0.08600000,116.53
1749263740,117.08000000,0.28600000,116.53
1749263740,117.09000000,0.15100000,116.53
1749263740,117.10000000,0.27600000,116.53
1749263740,117.11000000,0.52200000,116.53
1749263740,117.12000000,0.08600000,116.53
1749263740,117.13000000,10.32300000,116.53
1749263740,117.14000000,0.08600000,116.53
1749263740,117.15000000,0.63900000,116.53
1749263740,117.16000000,0.08600000,116.53
1749263740,117.17000000,0.08600000,116.53
1749263740,117.18000000,0.08600000,116.53
1749263740,117.19000000,4.11600000,116.53
1749263740,117.20000000,3.55000000,116.53
1749263740,117.21000000,0.15100000,116.53
1749263740,117.22000000,0.08600000,116.53
1749263740,117.23000000,0.08600000,116.53
1749263740,117.24000000,0.08600000,116.53
1749263740,117.25000000,0.08600000,116.53
1749263740,117.26000000,0.08600000,116.53
1749263740,117.27000000,0.15100000,116.53
1749263740,117.30000000,2.72200000,116.53
1749263740,117.32000000,0.05100000,116.53
1749263740,117.33000000,3.16400000,116.53
1749263740,117.34000000,1.97000000,116.53
1749263740,117.39000000,0.06500000,116.53
1749263740,117.45000000,0.06500000,116.53
1749263740,117.46000000,10.20800000,116.53
1749263740,117.51000000,0.06500000,116.53
1749263740,117.52000000,4.51100000,116.53
1749263740,117.53000000,0.26100000,116.53
1749263740,117.55000000,7.74600000,116.53
1749263740,117.57000000,0.11500000,116.53
1749263740,117.60000000,4.67100000,116.53
1749263740,117.63000000,0.06500000,116.53
1749263740,117.64000000,52.95100000,116.53
1749263740,117.69000000,0.06500000,116.53
1749263740,117.72000000,28.36900000,116.53
1749263740,117.75000000,0.06500000,116.53
1749263740,117.81000000,0.06500000,116.53
1749263740,117.82000000,12.72200000,116.53
1749263740,117.87000000,0.06500000,116.53
1749263740,117.93000000,1.07400000,116.53
1749263740,117.98000000,4.89600000,116.53
1749263740,117.99000000,2.32800000,116.53
1749264042,116.40000000,2.50000000,116.4
1749264042,116.41000000,0.15200000,116.4
1749264042,116.42000000,5.24400000,116.4
1749264042,116.43000000,10.00400000,116.4
1749264042,116.44000000,4.45700000,116.4
1749264042,116.45000000,3.41400000,116.4
1749264042,116.46000000,8.98500000,116.4
1749264042,116.47000000,0.15100000,116.4
1749264042,116.48000000,5.62300000,116.4
1749264042,116.49000000,9.70700000,116.4
1749264042,116.50000000,1.29600000,116.4
1749264042,116.51000000,1.54200000,116.4
1749264042,116.52000000,4.98400000,116.4
1749264042,116.53000000,11.28600000,116.4
1749264042,116.54000000,4.39100000,116.4
1749264042,116.55000000,12.13700000,116.4
1749264042,116.56000000,13.74600000,116.4
1749264042,116.57000000,17.28200000,116.4
1749264042,116.58000000,4.51500000,116.4
1749264042,116.59000000,9.07400000,116.4
1749264042,116.60000000,1.54900000,116.4
1749264042,116.61000000,0.46900000,116.4
1749264042,116.62000000,1.23100000,116.4
1749264042,116.63000000,0.40400000,116.4
1749264042,116.64000000,1.23100000,116.4
1749264042,116.65000000,0.40600000,116.4
1749264042,116.66000000,1.55200000,116.4
1749264042,116.67000000,0.47200000,116.4
1749264042,116.68000000,1.23100000,116.4
1749264042,116.69000000,0.08600000,116.4
1749264042,116.70000000,0.08600000,116.4
1749264042,116.71000000,0.08600000,116.4
1749264042,116.72000000,0.08600000,116.4
1749264042,116.73000000,3.57500000,116.4
1749264042,116.74000000,1.23100000,116.4
1749264042,116.75000000,0.08600000,116.4
1749264042,116.76000000,0.08600000,116.4
1749264042,116.77000000,0.08600000,116.4
1749264042,116.78000000,0.08600000,116.4
1749264042,116.79000000,0.15100000,116.4
1749264042,116.80000000,1.23100000,116.4
1749264042,116.81000000,0.08600000,116.4
1749264042,116.82000000,1.23100000,116.4
1749264042,116.83000000,0.08600000,116.4
1749264042,116.84000000,0.08600000,116.4
1749264042,116.85000000,0.15200000,116.4
1749264042,116.86000000,0.08700000,116.4
1749264042,116.87000000,0.08700000,116.4
1749264042,116.88000000,0.08700000,116.4
1749264042,116.89000000,0.08700000,116.4
1749264042,116.90000000,0.08700000,116.4
1749264042,116.91000000,0.15200000,116.4
1749264042,116.92000000,0.08700000,116.4
1749264042,116.93000000,1.13900000,116.4
1749264042,116.94000000,0.58100000,116.4
1749264042,116.95000000,2.61700000,116.4
1749264042,116.96000000,0.08700000,116.4
1749264042,116.97000000,0.15200000,116.4
1749264042,116.98000000,0.08700000,116.4
1749264042,116.99000000,0.34800000,116.4
1749264042,117.00000000,1.18100000,116.4
1749264042,117.01000000,0.08700000,116.4
1749264042,117.02000000,0.08700000,116.4
1749264042,117.03000000,0.15200000,116.4
1749264042,117.04000000,3.26000000,116.4
1749264042,117.05000000,1.80600000,116.4
1749264042,117.06000000,3.12300000,116.4
1749264042,117.07000000,49.21900000,116.4
1749264042,117.08000000,0.28700000,116.4
1749264042,117.09000000,0.15200000,116.4
1749264042,117.10000000,0.27700000,116.4
1749264042,117.11000000,3.69600000,116.4
1749264042,117.12000000,2.06400000,116.4
1749264042,117.13000000,10.32400000,116.4
1749264042,117.14000000,0.08700000,116.4
1749264042,117.15000000,0.15200000,116.4
1749264042,117.19000000,0.86300000,116.4
1749264042,117.20000000,0.30100000,116.4
1749264042,117.21000000,0.06500000,116.4
1749264042,117.27000000,29.10000000,116.4
1749264042,117.30000000,0.19200000,116.4
1749264042,117.32000000,0.05100000,116.4
1749264042,117.33000000,0.12800000,116.4
1749264042,117.39000000,2.32800000,116.4
1749264042,117.45000000,0.06500000,116.4
1749264042,117.46000000,10.20800000,116.4
1749264042,117.51000000,0.06500000,116.4
1749264042,117.52000000,4.51100000,116.4
1749264042,117.53000000,5.16700000,116.4
1749264042,117.55000000,7.74600000,116.4
1749264042,117.57000000,0.11500000,116.4
1749264042,117.60000000,4.67100000,116.4
1749264042,117.63000000,0.06500000,116.4
1749264042,117.64000000,3.81900000,116.4
1749264042,117.68000000,27.77200000,116.4
1749264042,117.69000000,0.06500000,116.4
1749264042,117.75000000,0.06500000,116.4
1749264042,117.81000000,0.06500000,116.4
1749264042,117.82000000,12.72200000,116.4
1749264042,117.87000000,0.06500000,116.4
1749264344,116.41000000,2.27400000,116.4
1749264344,116.42000000,0.15200000,116.4
1749264344,116.43000000,0.21600000,116.4
1749264344,116.44000000,3.79600000,116.4
1749264344,116.45000000,3.23700000,116.4
1749264344,116.46000000,10.28500000,116.4
1749264344,116.47000000,3.27500000,116.4
1749264344,116.48000000,14.26200000,116.4
1749264344,116.49000000,6.63600000,116.4
1749264344,116.50000000,19.24900000,116.4
1749264344,116.51000000,11.48400000,116.4
1749264344,116.52000000,4.37200000,116.4
1749264344,116.53000000,12.06800000,116.4
1749264344,116.54000000,9.64300000,116.4
1749264344,116.55000000,5.65200000,116.4
1749264344,116.56000000,21.58800000,116.4
1749264344,116.57000000,15.84600000,116.4
1749264344,116.58000000,18.87300000,116.4
1749264344,116.59000000,2.74200000,116.4
1749264344,116.60000000,9.53900000,116.4
1749264344,116.61000000,0.46900000,116.4
1749264344,116.62000000,4.04900000,116.4
1749264344,116.63000000,9.39300000,116.4
1749264344,116.64000000,1.23100000,116.4
1749264344,116.65000000,0.40600000,116.4
1749264344,116.66000000,1.55200000,116.4
1749264344,116.67000000,0.15100000,116.4
1749264344,116.68000000,1.23100000,116.4
1749264344,116.69000000,0.08600000,116.4
1749264344,116.70000000,0.08600000,116.4
1749264344,116.71000000,0.08600000,116.4
1749264344,116.72000000,0.08600000,116.4
1749264344,116.73000000,3.57500000,116.4
1749264344,116.74000000,1.23100000,116.4
1749264344,116.75000000,0.08600000,116.4
1749264344,116.76000000,0.08600000,116.4
1749264344,116.77000000,0.08600000,116.4
1749264344,116.78000000,0.31900000,116.4
1749264344,116.79000000,0.15100000,116.4
1749264344,116.80000000,1.23100000,116.4
1749264344,116.81000000,0.08600000,116.4
1749264344,116.82000000,0.08600000,116.4
1749264344,116.83000000,0.08600000,116.4
1749264344,116.84000000,1.23100000,116.4
1749264344,116.85000000,0.15200000,116.4
1749264344,116.86000000,0.08700000,116.4
1749264344,116.87000000,0.08700000,116.4
1749264344,116.88000000,0.08700000,116.4
1749264344,116.89000000,0.08700000,116.4
1749264344,116.90000000,1.23200000,116.4
1749264344,116.91000000,0.15200000,116.4
1749264344,116.92000000,0.08700000,116.4
1749264344,116.93000000,0.57500000,116.4
1749264344,116.94000000,1.23200000,116.4
1749264344,116.95000000,2.61700000,116.4
1749264344,116.96000000,0.08700000,116.4
1749264344,116.97000000,0.15200000,116.4
1749264344,116.98000000,0.08700000,116.4
1749264344,116.99000000,0.34800000,116.4
1749264344,117.00000000,1.18100000,116.4
1749264344,117.01000000,0.08700000,116.4
1749264344,117.02000000,0.08700000,116.4
1749264344,117.03000000,52.45700000,116.4
1749264344,117.04000000,0.08700000,116.4
1749264344,117.05000000,1.80600000,116.4
1749264344,117.06000000,3.12300000,116.4
1749264344,117.07000000,0.08700000,116.4
1749264344,117.08000000,0.28700000,116.4
1749264344,117.09000000,0.15200000,116.4
1749264344,117.10000000,0.27700000,116.4
1749264344,117.11000000,5.65700000,116.4
1749264344,117.12000000,0.08700000,116.4
1749264344,117.13000000,10.32400000,116.4
1749264344,117.14000000,0.08700000,116.4
1749264344,117.15000000,0.15200000,116.4
1749264344,117.16000000,0.08700000,116.4
1749264344,117.19000000,0.86300000,116.4
1749264344,117.20000000,0.30100000,116.4
1749264344,117.21000000,0.06500000,116.4
1749264344,117.27000000,0.06500000,116.4
1749264344,117.30000000,0.19200000,116.4
1749264344,117.32000000,0.05100000,116.4
1749264344,117.33000000,0.12800000,116.4
1749264344,117.34000000,3.81900000,116.4
1749264344,117.35000000,28.90500000,116.4
1749264344,117.39000000,2.32800000,116.4
1749264344,117.45000000,0.06500000,116.4
1749264344,117.46000000,10.20800000,116.4
1749264344,117.51000000,0.06500000,116.4
1749264344,117.52000000,4.51100000,116.4
1749264344,117.53000000,5.16700000,116.4
1749264344,117.55000000,7.74600000,116.4
1749264344,117.57000000,0.11500000,116.4
1749264344,117.60000000,4.67100000,116.4
1749264344,117.63000000,0.06500000,116.4
1749264344,117.68000000,27.77200000,116.4
1749264344,117.69000000,0.06500000,116.4
1749264344,117.75000000,0.06500000,116.4
1749264344,117.81000000,0.06500000,116.4
1749264344,117.82000000,12.72200000,116.4
1749264651,116.40000000,0.44300000,116.38
1749264651,116.41000000,0.08700000,116.38
1749264651,116.42000000,0.15100000,116.38
1749264651,116.43000000,1.36100000,116.38
1749264651,116.44000000,0.46500000,116.38
1749264651,116.45000000,1.29600000,116.38
1749264651,116.46000000,3.33700000,116.38
1749264651,116.47000000,1.29600000,116.38
1749264651,116.48000000,0.15100000,116.38
1749264651,116.49000000,5.63400000,116.38
1749264651,116.50000000,1.29600000,116.38
1749264651,116.51000000,4.06300000,116.38
1749264651,116.52000000,9.38600000,116.38
1749264651,116.53000000,0.15100000,116.38
1749264651,116.54000000,1.23100000,116.38
1749264651,116.55000000,0.15100000,116.38
1749264651,116.56000000,2.76300000,116.38
1749264651,116.57000000,8.92200000,116.38
1749264651,116.58000000,5.55500000,116.38
1749264651,116.59000000,19.76400000,116.38
1749264651,116.60000000,9.22200000,116.38
1749264651,116.61000000,3.71700000,116.38
1749264651,116.62000000,14.14200000,116.38
1749264651,116.63000000,20.50900000,116.38
1749264651,116.64000000,1.54600000,116.38
1749264651,116.65000000,2.23100000,116.38
1749264651,116.66000000,1.55200000,116.38
1749264651,116.67000000,0.15100000,116.38
1749264651,116.68000000,0.08600000,116.38
1749264651,116.69000000,0.40100000,116.38
1749264651,116.70000000,0.08600000,116.38
1749264651,116.71000000,0.40300000,116.38
1749264651,116.72000000,0.08600000,116.38
1749264651,116.73000000,0.46800000,116.38
1749264651,116.74000000,0.08600000,116.38
1749264651,116.75000000,0.40300000,116.38
1749264651,116.76000000,3.82000000,116.38
1749264651,116.77000000,0.08600000,116.38
1749264651,116.78000000,0.31900000,116.38
1749264651,116.79000000,0.15100000,116.38
1749264651,116.80000000,0.40000000,116.38
1749264651,116.81000000,0.39900000,116.38
1749264651,116.82000000,0.08600000,116.38
1749264651,116.83000000,0.39900000,116.38
1749264651,116.84000000,0.33800000,116.38
1749264651,116.85000000,0.15200000,116.38
1749264651,116.86000000,0.39600000,116.38
1749264651,116.87000000,0.39600000,116.38
1749264651,116.88000000,0.08700000,116.38
1749264651,116.89000000,0.39600000,116.38
1749264651,116.90000000,0.08700000,116.38
1749264651,116.91000000,0.95400000,116.38
1749264651,116.92000000,0.08700000,116.38
1749264651,116.93000000,0.08700000,116.38
1749264651,116.94000000,0.08700000,116.38
1749264651,116.95000000,0.08700000,116.38
1749264651,116.96000000,0.08700000,116.38
1749264651,116.97000000,0.15200000,116.38
1749264651,116.98000000,0.08700000,116.38
1749264651,116.99000000,0.34800000,116.38
1749264651,117.00000000,1.18100000,116.38
1749264651,117.01000000,0.08700000,116.38
1749264651,117.02000000,0.08700000,116.38
1749264651,117.03000000,3.32100000,116.38
1749264651,117.04000000,0.08700000,116.38
1749264651,117.05000000,1.80600000,116.38
1749264651,117.06000000,3.12300000,116.38
1749264651,117.07000000,3.25600000,116.38
1749264651,117.08000000,0.28700000,116.38
1749264651,117.09000000,0.15200000,116.38
1749264651,117.10000000,0.27700000,116.38
1749264651,117.11000000,2.49800000,116.38
1749264651,117.12000000,0.08700000,116.38
1749264651,117.13000000,10.32400000,116.38
1749264651,117.14000000,0.08700000,116.38
1749264651,117.15000000,0.15200000,116.38
1749264651,117.18000000,2.53000000,116.38
1749264651,117.19000000,0.86300000,116.38
1749264651,117.20000000,0.30100000,116.38
1749264651,117.21000000,0.06500000,116.38
1749264651,117.27000000,0.06500000,116.38
1749264651,117.30000000,0.19200000,116.38
1749264651,117.32000000,0.05100000,116.38
1749264651,117.33000000,49.26000000,116.38
1749264651,117.34000000,3.81900000,116.38
1749264651,117.35000000,28.94200000,116.38
1749264651,117.39000000,2.32800000,116.38
1749264651,117.45000000,0.06500000,116.38
1749264651,117.46000000,10.20800000,116.38
1749264651,117.51000000,0.06500000,116.38
1749264651,117.52000000,4.51100000,116.38
1749264651,117.53000000,0.26100000,116.38
1749264651,117.55000000,7.74600000,116.38
1749264651,117.57000000,0.11500000,116.38
1749264651,117.60000000,4.67100000,116.38
1749264651,117.63000000,0.06500000,116.38
1749264651,117.68000000,27.77200000,116.38
1749264651,117.69000000,0.06500000,116.38
1749264651,117.75000000,0.06500000,116.38
1749264651,117.76000000,4.95300000,116.38
1749264952,116.59000000,0.44300000,116.59
1749264952,116.60000000,0.08600000,116.59
1749264952,116.61000000,0.15100000,116.59
1749264952,116.62000000,0.15100000,116.59
1749264952,116.63000000,0.83600000,116.59
1749264952,116.64000000,1.29600000,116.59
1749264952,116.65000000,3.03400000,116.59
1749264952,116.66000000,9.60900000,116.59
1749264952,116.67000000,15.21400000,116.59
1749264952,116.68000000,3.79600000,116.59
1749264952,116.69000000,0.46600000,116.59
1749264952,116.70000000,18.87800000,116.59
1749264952,116.71000000,0.46800000,116.59
1749264952,116.72000000,3.85400000,116.59
1749264952,116.73000000,8.52500000,116.59
1749264952,116.74000000,10.88600000,116.59
1749264952,116.75000000,9.55600000,116.59
1749264952,116.76000000,1.54200000,116.59
1749264952,116.77000000,0.08600000,116.59
1749264952,116.78000000,1.46400000,116.59
1749264952,116.79000000,0.15100000,116.59
1749264952,116.80000000,1.54500000,116.59
1749264952,116.81000000,0.39900000,116.59
1749264952,116.82000000,1.23100000,116.59
1749264952,116.83000000,0.39900000,116.59
1749264952,116.84000000,1.48300000,116.59
1749264952,116.85000000,0.15200000,116.59
1749264952,116.86000000,0.39600000,116.59
1749264952,116.87000000,3.81600000,116.59
1749264952,116.88000000,0.08700000,116.59
1749264952,116.89000000,0.39600000,116.59
1749264952,116.90000000,0.08700000,116.59
1749264952,116.91000000,0.46100000,116.59
1749264952,116.92000000,0.08700000,116.59
1749264952,116.93000000,0.08700000,116.59
1749264952,116.94000000,0.08700000,116.59
1749264952,116.95000000,0.08700000,116.59
1749264952,116.96000000,0.08700000,116.59
1749264952,116.97000000,0.15200000,116.59
1749264952,116.98000000,0.08700000,116.59
1749264952,116.99000000,0.34800000,116.59
1749264952,117.00000000,1.18100000,116.59
1749264952,117.01000000,0.08700000,116.59
1749264952,117.02000000,0.08700000,116.59
1749264952,117.03000000,0.15200000,116.59
1749264952,117.04000000,0.08700000,116.59
1749264952,117.05000000,1.80600000,116.59
1749264952,117.06000000,3.12300000,116.59
1749264952,117.07000000,0.08700000,116.59
1749264952,117.08000000,0.28700000,116.59
1749264952,117.09000000,0.15200000,116.59
1749264952,117.10000000,0.76400000,116.59
1749264952,117.11000000,1.57300000,116.59
1749264952,117.12000000,0.08700000,116.59
1749264952,117.13000000,10.32400000,116.59
1749264952,117.14000000,0.08700000,116.59
1749264952,117.15000000,0.15200000,116.59
1749264952,117.16000000,0.08700000,116.59
1749264952,117.17000000,0.08700000,116.59
1749264952,117.18000000,2.61700000,116.59
1749264952,117.19000000,0.95000000,116.59
1749264952,117.20000000,0.38700000,116.59
1749264952,117.21000000,0.15100000,116.59
1749264952,117.22000000,0.08600000,116.59
1749264952,117.23000000,0.08600000,116.59
1749264952,117.24000000,0.08600000,116.59
1749264952,117.25000000,0.08600000,116.59
1749264952,117.26000000,0.08600000,116.59
1749264952,117.27000000,0.15100000,116.59
1749264952,117.28000000,0.08600000,116.59
1749264952,117.29000000,0.08600000,116.59
1749264952,117.30000000,0.27800000,116.59
1749264952,117.31000000,3.25200000,116.59
1749264952,117.32000000,0.13700000,116.59
1749264952,117.33000000,2.20400000,116.59
1749264952,117.34000000,0.08600000,116.59
1749264952,117.35000000,3.16500000,116.59
1749264952,117.39000000,2.32800000,116.59
1749264952,117.45000000,0.06500000,116.59
1749264952,117.46000000,10.20800000,116.59
1749264952,117.51000000,0.06500000,116.59
1749264952,117.52000000,4.51100000,116.59
1749264952,117.53000000,0.26100000,116.59
1749264952,117.54000000,49.13200000,116.59
1749264952,117.55000000,7.74600000,116.59
1749264952,117.57000000,0.11500000,116.59
1749264952,117.60000000,33.16900000,116.59
1749264952,117.63000000,0.06500000,116.59
1749264952,117.68000000,3.81900000,116.59
1749264952,117.69000000,0.06500000,116.59
1749264952,117.75000000,0.06500000,116.59
1749264952,117.76000000,4.95300000,116.59
1749264952,117.81000000,0.06500000,116.59
1749264952,117.82000000,12.72200000,116.59
1749264952,117.87000000,0.06500000,116.59
1749264952,117.93000000,1.07400000,116.59
1749264952,117.96000000,0.29700000,116.59
1749264952,117.99000000,0.06500000,116.59
1749264952,118.00000000,4.58400000,116.59
1749264952,118.02000000,0.82000000,116.59
1749265254,116.74000000,1.14500000,116.74
1749265254,116.75000000,0.08600000,116.74
1749265254,116.76000000,0.15100000,116.74
1749265254,116.77000000,1.29600000,116.74
1749265254,116.78000000,0.83500000,116.74
1749265254,116.79000000,0.71000000,116.74
1749265254,116.80000000,1.29600000,116.74
1749265254,116.81000000,0.42400000,116.74
1749265254,116.82000000,6.72800000,116.74
1749265254,116.83000000,2.24500000,116.74
1749265254,116.84000000,17.80200000,116.74
1749265254,116.85000000,14.86600000,116.74
1749265254,116.86000000,28.61500000,116.74
1749265254,116.87000000,26.33500000,116.74
1749265254,116.88000000,2.72000000,116.74
1749265254,116.89000000,0.39600000,116.74
1749265254,116.90000000,1.23200000,116.74
1749265254,116.91000000,0.46100000,116.74
1749265254,116.92000000,0.08700000,116.74
1749265254,116.93000000,0.08700000,116.74
1749265254,116.94000000,1.52500000,116.74
1749265254,116.95000000,0.08700000,116.74
1749265254,116.96000000,1.53700000,116.74
1749265254,116.97000000,0.45700000,116.74
1749265254,116.98000000,1.23200000,116.74
1749265254,116.99000000,0.65200000,116.74
1749265254,117.00000000,2.32600000,116.74
1749265254,117.01000000,0.39200000,116.74
1749265254,117.02000000,1.53600000,116.74
1749265254,117.03000000,0.45600000,116.74
1749265254,117.04000000,1.53600000,116.74
1749265254,117.05000000,3.50100000,116.74
1749265254,117.06000000,0.08700000,116.74
1749265254,117.07000000,0.08700000,116.74
1749265254,117.08000000,1.43200000,116.74
1749265254,117.09000000,0.15200000,116.74
1749265254,117.10000000,1.72600000,116.74
1749265254,117.11000000,0.52300000,116.74
1749265254,117.12000000,1.53600000,116.74
1749265254,117.13000000,0.08700000,116.74
1749265254,117.14000000,0.08700000,116.74
1749265254,117.15000000,0.15200000,116.74
1749265254,117.16000000,0.08700000,116.74
1749265254,117.17000000,0.08700000,116.74
1749265254,117.18000000,3.76200000,116.74
1749265254,117.19000000,0.95000000,116.74
1749265254,117.20000000,1.53200000,116.74
1749265254,117.21000000,0.15100000,116.74
1749265254,117.22000000,0.08600000,116.74
1749265254,117.23000000,0.08600000,116.74
1749265254,117.24000000,0.08600000,116.74
1749265254,117.25000000,0.08600000,116.74
1749265254,117.26000000,1.23100000,116.74
1749265254,117.27000000,0.15100000,116.74
1749265254,117.28000000,0.08600000,116.74
1749265254,117.29000000,1.13600000,116.74
1749265254,117.30000000,0.27800000,116.74
1749265254,117.31000000,0.58000000,116.74
1749265254,117.32000000,0.13700000,116.74
1749265254,117.33000000,3.25000000,116.74
1749265254,117.34000000,0.08600000,116.74
1749265254,117.35000000,0.08600000,116.74
1749265254,117.36000000,0.08600000,116.74
1749265254,117.37000000,0.08600000,116.74
1749265254,117.38000000,3.24700000,116.74
1749265254,117.39000000,2.41400000,116.74
1749265254,117.40000000,0.08600000,116.74
1749265254,117.41000000,0.08600000,116.74
1749265254,117.42000000,0.08600000,116.74
1749265254,117.43000000,5.22000000,116.74
1749265254,117.44000000,0.08600000,116.74
1749265254,117.45000000,0.15100000,116.74
1749265254,117.46000000,10.29400000,116.74
1749265254,117.47000000,0.08600000,116.74
1749265254,117.48000000,0.08600000,116.74
1749265254,117.49000000,0.08600000,116.74
1749265254,117.50000000,0.08600000,116.74
1749265254,117.51000000,0.06500000,116.74
1749265254,117.52000000,4.51100000,116.74
1749265254,117.53000000,0.26100000,116.74
1749265254,117.55000000,7.74600000,116.74
1749265254,117.57000000,0.11500000,116.74
1749265254,117.60000000,4.67100000,116.74
1749265254,117.61000000,28.44300000,116.74
1749265254,117.63000000,0.06500000,116.74
1749265254,117.68000000,3.81900000,116.74
1749265254,117.69000000,0.06500000,116.74
1749265254,117.75000000,0.06500000,116.74
1749265254,117.81000000,49.19700000,116.74
1749265254,117.82000000,12.72200000,116.74
1749265254,117.87000000,0.06500000,116.74
1749265254,117.93000000,1.07400000,116.74
1749265254,117.96000000,0.29700000,116.74
1749265254,117.99000000,5.01100000,116.74
1749265254,118.00000000,17.72700000,116.74
1749265254,118.02000000,0.82000000,116.74
1749265254,118.04000000,27.82200000,116.74
1749265254,118.05000000,0.11700000,116.74
1749265254,118.08000000,1.90200000,116.74
1749265254,118.09000000,0.05200000,116.74
1749265555,116.68000000,0.08600000,116.61
1749265555,116.69000000,0.08600000,116.61
1749265555,116.70000000,0.08600000,116.61
1749265555,116.71000000,0.15100000,116.61
1749265555,116.72000000,0.99400000,116.61
1749265555,116.73000000,1.36100000,116.61
1749265555,116.74000000,0.83500000,116.61
1749265555,116.75000000,0.15100000,116.61
1749265555,116.76000000,1.29600000,116.61
1749265555,116.77000000,5.58600000,116.61
1749265555,116.78000000,5.66100000,116.61
1749265555,116.79000000,13.69700000,116.61
1749265555,116.80000000,13.97200000,116.61
1749265555,116.81000000,16.73300000,116.61
1749265555,116.82000000,26.37100000,116.61
1749265555,116.83000000,3.41300000,116.61
1749265555,116.84000000,9.94200000,116.61
1749265555,116.85000000,0.15100000,116.61
1749265555,116.86000000,1.54000000,116.61
1749265555,116.87000000,0.39500000,116.61
1749265555,116.88000000,1.23100000,116.61
1749265555,116.89000000,0.39600000,116.61
1749265555,116.90000000,1.23200000,116.61
1749265555,116.91000000,0.46100000,116.61
1749265555,116.92000000,1.23200000,116.61
1749265555,116.93000000,0.36600000,116.61
1749265555,116.94000000,1.52500000,116.61
1749265555,116.95000000,0.08700000,116.61
1749265555,116.96000000,1.53700000,116.61
1749265555,116.97000000,0.45700000,116.61
1749265555,116.98000000,1.23200000,116.61
1749265555,116.99000000,4.06800000,116.61
1749265555,117.00000000,2.32600000,116.61
1749265555,117.01000000,0.39200000,116.61
1749265555,117.02000000,1.53600000,116.61
1749265555,117.03000000,0.45600000,116.61
1749265555,117.04000000,1.53600000,116.61
1749265555,117.05000000,0.08700000,116.61
1749265555,117.06000000,0.08700000,116.61
1749265555,117.07000000,0.08700000,116.61
1749265555,117.08000000,1.43200000,116.61
1749265555,117.09000000,0.15200000,116.61
1749265555,117.10000000,1.42200000,116.61
1749265555,117.11000000,0.52300000,116.61
1749265555,117.12000000,1.23200000,116.61
1749265555,117.13000000,0.08700000,116.61
1749265555,117.14000000,0.08700000,116.61
1749265555,117.15000000,0.15200000,116.61
1749265555,117.16000000,0.08700000,116.61
1749265555,117.17000000,0.08700000,116.61
1749265555,117.18000000,3.76200000,116.61
1749265555,117.19000000,0.95000000,116.61
1749265555,117.20000000,3.08100000,116.61
1749265555,117.21000000,0.15100000,116.61
1749265555,117.22000000,0.08600000,116.61
1749265555,117.23000000,0.08600000,116.61
1749265555,117.24000000,0.08600000,116.61
1749265555,117.25000000,0.08600000,116.61
1749265555,117.26000000,1.23100000,116.61
1749265555,117.27000000,0.15100000,116.61
1749265555,117.28000000,0.08600000,116.61
1749265555,117.29000000,0.08600000,116.61
1749265555,117.30000000,1.42300000,116.61
1749265555,117.31000000,0.08600000,116.61
1749265555,117.32000000,0.13700000,116.61
1749265555,117.33000000,3.25000000,116.61
1749265555,117.34000000,1.23100000,116.61
1749265555,117.35000000,3.24800000,116.61
1749265555,117.36000000,0.08600000,116.61
1749265555,117.37000000,0.08600000,116.61
1749265555,117.38000000,0.08600000,116.61
1749265555,117.39000000,5.57500000,116.61
1749265555,117.40000000,0.08600000,116.61
1749265555,117.41000000,0.08600000,116.61
1749265555,117.42000000,2.03700000,116.61
1749265555,117.43000000,0.08600000,116.61
1749265555,117.45000000,0.06500000,116.61
1749265555,117.46000000,10.20800000,116.61
1749265555,117.51000000,0.06500000,116.61
1749265555,117.52000000,4.51100000,116.61
1749265555,117.53000000,0.26100000,116.61
1749265555,117.54000000,49.13200000,116.61
1749265555,117.55000000,7.74600000,116.61
1749265555,117.57000000,0.11500000,116.61
1749265555,117.60000000,4.67100000,116.61
1749265555,117.63000000,0.06500000,116.61
1749265555,117.66000000,28.33200000,116.61
1749265555,117.69000000,0.06500000,116.61
1749265555,117.75000000,0.06500000,116.61
1749265555,117.81000000,0.06500000,116.61
1749265555,117.82000000,12.72200000,116.61
1749265555,117.87000000,0.06500000,116.61
1749265555,117.93000000,1.07400000,116.61
1749265555,117.96000000,0.29700000,116.61
1749265555,117.99000000,5.01100000,116.61
1749265555,118.00000000,17.72700000,116.61
1749265555,118.02000000,0.82000000,116.61
1749265555,118.04000000,31.64100000,116.61
1749265555,118.05000000,0.11700000,116.61
1749265555,118.08000000,1.90200000,116.61
1749265857,116.42000000,0.44300000,116.41
1749265857,116.43000000,1.13200000,116.41
1749265857,116.44000000,0.08600000,116.41
1749265857,116.45000000,0.15100000,116.41
1749265857,116.46000000,1.29600000,116.41
1749265857,116.47000000,0.74400000,116.41
1749265857,116.48000000,1.50600000,116.41
1749265857,116.49000000,2.63800000,116.41
1749265857,116.50000000,7.37400000,116.41
1749265857,116.51000000,5.65000000,116.41
1749265857,116.52000000,9.29600000,116.41
1749265857,116.53000000,0.36100000,116.41
1749265857,116.54000000,3.32900000,116.41
1749265857,116.55000000,8.58800000,116.41
1749265857,116.56000000,3.39100000,116.41
1749265857,116.57000000,15.56400000,116.41
1749265857,116.58000000,17.13000000,116.41
1749265857,116.59000000,2.63400000,116.41
1749265857,116.60000000,12.89700000,116.41
1749265857,116.61000000,12.82400000,116.41
1749265857,116.62000000,17.12600000,116.41
1749265857,116.63000000,0.08600000,116.41
1749265857,116.64000000,9.22300000,116.41
1749265857,116.65000000,0.08600000,116.41
1749265857,116.66000000,4.78300000,116.41
1749265857,116.67000000,1.29600000,116.41
1749265857,116.68000000,0.49500000,116.41
1749265857,116.69000000,0.08600000,116.41
1749265857,116.70000000,1.59100000,116.41
1749265857,116.71000000,0.08600000,116.41
1749265857,116.72000000,0.37300000,116.41
1749265857,116.73000000,1.65500000,116.41
1749265857,116.74000000,0.08600000,116.41
1749265857,116.75000000,0.44500000,116.41
1749265857,116.76000000,1.59000000,116.41
1749265857,116.77000000,0.08600000,116.41
1749265857,116.78000000,0.08600000,116.41
1749265857,116.79000000,1.29600000,116.41
1749265857,116.80000000,2.96000000,116.41
1749265857,116.81000000,0.08600000,116.41
1749265857,116.82000000,1.23100000,116.41
1749265857,116.83000000,0.08600000,116.41
1749265857,116.84000000,1.23100000,116.41
1749265857,116.85000000,0.15100000,116.41
1749265857,116.86000000,1.23100000,116.41
1749265857,116.87000000,3.50600000,116.41
1749265857,116.88000000,1.23100000,116.41
1749265857,116.89000000,0.08700000,116.41
1749265857,116.90000000,1.23200000,116.41
1749265857,116.91000000,0.15200000,116.41
1749265857,116.92000000,1.23200000,116.41
1749265857,116.93000000,0.08700000,116.41
1749265857,116.94000000,1.23200000,116.41
1749265857,116.95000000,0.08700000,116.41
1749265857,116.96000000,1.23200000,116.41
1749265857,116.97000000,0.15200000,116.41
1749265857,116.98000000,1.23200000,116.41
1749265857,116.99000000,0.84200000,116.41
1749265857,117.00000000,2.32600000,116.41
1749265857,117.01000000,1.13700000,116.41
1749265857,117.02000000,1.23200000,116.41
1749265857,117.03000000,3.18800000,116.41
1749265857,117.04000000,1.23200000,116.41
1749265857,117.05000000,0.08700000,116.41
1749265857,117.06000000,0.08700000,116.41
1749265857,117.07000000,52.38800000,116.41
1749265857,117.08000000,1.43200000,116.41
1749265857,117.09000000,0.15200000,116.41
1749265857,117.10000000,1.42200000,116.41
1749265857,117.11000000,3.69200000,116.41
1749265857,117.12000000,1.23200000,116.41
1749265857,117.13000000,0.08700000,116.41
1749265857,117.14000000,11.46800000,116.41
1749265857,117.15000000,0.15200000,116.41
1749265857,117.16000000,1.23200000,116.41
1749265857,117.17000000,2.06000000,116.41
1749265857,117.18000000,3.67500000,116.41
1749265857,117.19000000,0.86300000,116.41
1749265857,117.20000000,1.44600000,116.41
1749265857,117.21000000,0.06500000,116.41
1749265857,117.27000000,0.06500000,116.41
1749265857,117.30000000,0.19200000,116.41
1749265857,117.32000000,0.05100000,116.41
1749265857,117.33000000,0.12800000,116.41
1749265857,117.39000000,2.32800000,116.41
1749265857,117.45000000,0.06500000,116.41
1749265857,117.46000000,10.20800000,116.41
1749265857,117.51000000,0.06500000,116.41
1749265857,117.52000000,4.51100000,116.41
1749265857,117.53000000,0.26100000,116.41
1749265857,117.55000000,36.31500000,116.41
1749265857,117.57000000,0.11500000,116.41
1749265857,117.60000000,4.67100000,116.41
1749265857,117.63000000,0.06500000,116.41
1749265857,117.69000000,0.06500000,116.41
1749265857,117.75000000,0.06500000,116.41
1749265857,117.77000000,4.95000000,116.41
1749265857,117.81000000,0.06500000,116.41
1749265857,117.82000000,12.72200000,116.41
1749265857,117.87000000,0.06500000,116.41
1749266158,116.47000000,0.08600000,116.43
1749266158,116.48000000,0.08600000,116.43
1749266158,116.49000000,0.08600000,116.43
1749266158,116.50000000,0.15100000,116.43
1749266158,116.51000000,0.15100000,116.43
1749266158,116.52000000,1.50600000,116.43
1749266158,116.53000000,0.36100000,116.43
1749266158,116.54000000,3.16400000,116.43
1749266158,116.55000000,6.08300000,116.43
1749266158,116.56000000,0.15100000,116.43
1749266158,116.57000000,6.34800000,116.43
1749266158,116.58000000,12.68500000,116.43
1749266158,116.59000000,9.53800000,116.43
1749266158,116.60000000,1.29600000,116.43
1749266158,116.61000000,2.15800000,116.43
1749266158,116.62000000,9.13300000,116.43
1749266158,116.63000000,3.03300000,116.43
1749266158,116.64000000,12.27600000,116.43
1749266158,116.65000000,12.04200000,116.43
1749266158,116.66000000,12.87600000,116.43
1749266158,116.67000000,1.29600000,116.43
1749266158,116.68000000,5.05100000,116.43
1749266158,116.69000000,21.00000000,116.43
1749266158,116.70000000,17.37700000,116.43
1749266158,116.71000000,0.08600000,116.43
1749266158,116.72000000,0.37300000,116.43
1749266158,116.73000000,9.74800000,116.43
1749266158,116.74000000,0.08600000,116.43
1749266158,116.75000000,0.44500000,116.43
1749266158,116.76000000,1.59000000,116.43
1749266158,116.77000000,0.08600000,116.43
1749266158,116.78000000,0.08600000,116.43
1749266158,116.79000000,1.29600000,116.43
1749266158,116.80000000,0.08600000,116.43
1749266158,116.81000000,3.50700000,116.43
1749266158,116.82000000,1.23100000,116.43
1749266158,116.83000000,0.08600000,116.43
1749266158,116.84000000,1.23100000,116.43
1749266158,116.85000000,0.15100000,116.43
1749266158,116.86000000,1.23100000,116.43
1749266158,116.87000000,0.08600000,116.43
1749266158,116.88000000,1.23100000,116.43
1749266158,116.89000000,0.08700000,116.43
1749266158,116.90000000,1.23200000,116.43
1749266158,116.91000000,0.15200000,116.43
1749266158,116.92000000,1.23200000,116.43
1749266158,116.93000000,0.08700000,116.43
1749266158,116.94000000,1.23200000,116.43
1749266158,116.95000000,0.08700000,116.43
1749266158,116.96000000,1.23200000,116.43
1749266158,116.97000000,0.15200000,116.43
1749266158,116.98000000,1.23200000,116.43
1749266158,116.99000000,0.84200000,116.43
1749266158,117.00000000,2.32600000,116.43
1749266158,117.01000000,0.08700000,116.43
1749266158,117.02000000,1.23200000,116.43
1749266158,117.03000000,3.18800000,116.43
1749266158,117.04000000,1.23200000,116.43
1749266158,117.05000000,0.08700000,116.43
1749266158,117.06000000,1.23200000,116.43
1749266158,117.07000000,0.08700000,116.43
1749266158,117.08000000,1.43200000,116.43
1749266158,117.09000000,0.15200000,116.43
1749266158,117.10000000,50.55400000,116.43
1749266158,117.11000000,3.69100000,116.43
1749266158,117.12000000,1.23200000,116.43
1749266158,117.13000000,0.08700000,116.43
1749266158,117.14000000,11.46800000,116.43
1749266158,117.15000000,0.15200000,116.43
1749266158,117.16000000,0.08700000,116.43
1749266158,117.17000000,2.06100000,116.43
1749266158,117.18000000,3.76100000,116.43
1749266158,117.19000000,4.11800000,116.43
1749266158,117.20000000,1.53200000,116.43
1749266158,117.21000000,0.15100000,116.43
1749266158,117.22000000,0.08600000,116.43
1749266158,117.27000000,0.06500000,116.43
1749266158,117.30000000,0.19200000,116.43
1749266158,117.32000000,1.19600000,116.43
1749266158,117.33000000,0.12800000,116.43
1749266158,117.39000000,2.32800000,116.43
1749266158,117.40000000,1.14500000,116.43
1749266158,117.45000000,0.06500000,116.43
1749266158,117.46000000,39.01600000,116.43
1749266158,117.51000000,0.06500000,116.43
1749266158,117.52000000,4.51100000,116.43
1749266158,117.53000000,0.26100000,116.43
1749266158,117.55000000,7.74600000,116.43
1749266158,117.57000000,0.11500000,116.43
1749266158,117.60000000,4.67100000,116.43
1749266158,117.63000000,0.06500000,116.43
1749266158,117.69000000,0.06500000,116.43
1749266158,117.75000000,0.06500000,116.43
1749266158,117.77000000,4.95000000,116.43
1749266158,117.81000000,0.06500000,116.43
1749266158,117.82000000,12.72200000,116.43
1749266158,117.87000000,0.06500000,116.43
1749266158,117.93000000,1.07400000,116.43
1749266158,117.96000000,0.29700000,116.43
1749266158,117.99000000,0.06500000,116.43
1749266460,116.60000000,2.60200000,116.61
1749266460,116.61000000,1.16500000,116.61
1749266460,116.62000000,0.15100000,116.61
1749266460,116.63000000,1.29600000,116.61
1749266460,116.64000000,0.15100000,116.61
1749266460,116.65000000,1.29600000,116.61
1749266460,116.66000000,0.15100000,116.61
1749266460,116.67000000,3.86100000,116.61
1749266460,116.68000000,2.95200000,116.61
1749266460,116.69000000,11.94400000,116.61
1749266460,116.70000000,7.96500000,116.61
1749266460,116.71000000,7.94000000,116.61
1749266460,116.72000000,0.15100000,116.61
1749266460,116.73000000,1.36100000,116.61
1749266460,116.74000000,0.15100000,116.61
1749266460,116.75000000,0.38400000,116.61
1749266460,116.76000000,3.69900000,116.61
1749266460,116.77000000,8.07600000,116.61
1749266460,116.78000000,3.11100000,116.61
1749266460,116.79000000,10.08200000,116.61
1749266460,116.80000000,4.72500000,116.61
1749266460,116.81000000,18.46900000,116.61
1749266460,116.82000000,14.10400000,116.61
1749266460,116.83000000,19.56700000,116.61
1749266460,116.84000000,10.01800000,116.61
1749266460,116.85000000,0.15100000,116.61
1749266460,116.86000000,1.23100000,116.61
1749266460,116.87000000,0.08600000,116.61
1749266460,116.88000000,1.23100000,116.61
1749266460,116.89000000,0.08700000,116.61
1749266460,116.90000000,1.23200000,116.61
1749266460,116.91000000,0.15200000,116.61
1749266460,116.92000000,1.23200000,116.61
1749266460,116.93000000,0.08700000,116.61
1749266460,116.94000000,1.23200000,116.61
1749266460,116.95000000,0.08700000,116.61
1749266460,116.96000000,1.23200000,116.61
1749266460,116.97000000,0.15200000,116.61
1749266460,116.98000000,4.64800000,116.61
1749266460,116.99000000,0.34800000,116.61
1749266460,117.00000000,4.12300000,116.61
1749266460,117.01000000,0.08700000,116.61
1749266460,117.02000000,1.23200000,116.61
1749266460,117.03000000,3.18800000,116.61
1749266460,117.04000000,1.23200000,116.61
1749266460,117.05000000,0.08700000,116.61
1749266460,117.06000000,1.23200000,116.61
1749266460,117.07000000,0.08700000,116.61
1749266460,117.08000000,1.43200000,116.61
1749266460,117.09000000,0.15200000,116.61
1749266460,117.10000000,1.42200000,116.61
1749266460,117.11000000,0.52300000,116.61
1749266460,117.12000000,0.08700000,116.61
1749266460,117.13000000,0.08700000,116.61
1749266460,117.14000000,0.08700000,116.61
1749266460,117.15000000,0.15200000,116.61
1749266460,117.16000000,0.08700000,116.61
1749266460,117.17000000,3.25100000,116.61
1749266460,117.18000000,2.61700000,116.61
1749266460,117.19000000,0.95000000,116.61
1749266460,117.20000000,0.88700000,116.61
1749266460,117.21000000,0.15100000,116.61
1749266460,117.22000000,0.08600000,116.61
1749266460,117.23000000,0.08600000,116.61
1749266460,117.24000000,0.08600000,116.61
1749266460,117.25000000,0.08600000,116.61
1749266460,117.26000000,3.25000000,116.61
1749266460,117.27000000,0.15100000,116.61
1749266460,117.28000000,0.08600000,116.61
1749266460,117.29000000,0.08600000,116.61
1749266460,117.30000000,29.13200000,116.61
1749266460,117.31000000,0.08600000,116.61
1749266460,117.32000000,0.13700000,116.61
1749266460,117.33000000,0.21400000,116.61
1749266460,117.34000000,0.08600000,116.61
1749266460,117.35000000,0.08600000,116.61
1749266460,117.39000000,53.45500000,116.61
1749266460,117.45000000,0.06500000,116.61
1749266460,117.46000000,10.20800000,116.61
1749266460,117.51000000,0.06500000,116.61
1749266460,117.52000000,4.51100000,116.61
1749266460,117.53000000,0.26100000,116.61
1749266460,117.55000000,7.74600000,116.61
1749266460,117.57000000,0.11500000,116.61
1749266460,117.60000000,4.67100000,116.61
1749266460,117.63000000,0.06500000,116.61
1749266460,117.69000000,0.06500000,116.61
1749266460,117.75000000,0.06500000,116.61
1749266460,117.77000000,4.95000000,116.61
1749266460,117.81000000,0.06500000,116.61
1749266460,117.82000000,12.72200000,116.61
1749266460,117.87000000,0.06500000,116.61
1749266460,117.93000000,1.07400000,116.61
1749266460,117.96000000,0.29700000,116.61
1749266460,117.99000000,0.06500000,116.61
1749266460,118.00000000,17.72700000,116.61
1749266460,118.02000000,0.82000000,116.61
1749266460,118.04000000,31.64100000,116.61
1749266460,118.05000000,0.11700000,116.61
1749266460,118.08000000,1.90200000,116.61
1749266761,116.46000000,1.92100000,116.53
1749266761,116.47000000,0.68600000,116.53
1749266761,116.48000000,2.31000000,116.53
1749266761,116.49000000,1.16500000,116.53
1749266761,116.50000000,1.29600000,116.53
1749266761,116.51000000,2.65100000,116.53
1749266761,116.52000000,1.29600000,116.53
1749266761,116.53000000,0.36700000,116.53
1749266761,116.54000000,1.29600000,116.53
1749266761,116.55000000,0.21600000,116.53
1749266761,116.56000000,1.29600000,116.53
1749266761,116.57000000,1.49200000,116.53
1749266761,116.58000000,1.69800000,116.53
1749266761,116.59000000,0.36500000,116.53
1749266761,116.60000000,1.51000000,116.53
1749266761,116.61000000,6.91900000,116.53
1749266761,116.62000000,30.65700000,116.53
1749266761,116.63000000,3.54600000,116.53
1749266761,116.64000000,13.48900000,116.53
1749266761,116.65000000,20.33100000,116.53
1749266761,116.66000000,8.84200000,116.53
1749266761,116.67000000,1.36100000,116.53
1749266761,116.68000000,0.08600000,116.53
1749266761,116.69000000,0.08600000,116.53
1749266761,116.70000000,1.23100000,116.53
1749266761,116.71000000,2.78400000,116.53
1749266761,116.72000000,8.99300000,116.53
1749266761,116.73000000,1.29600000,116.53
1749266761,116.74000000,0.30200000,116.53
1749266761,116.75000000,9.01000000,116.53
1749266761,116.76000000,4.87000000,116.53
1749266761,116.77000000,0.31900000,116.53
1749266761,116.78000000,8.99300000,116.53
1749266761,116.79000000,1.29600000,116.53
1749266761,116.80000000,0.08600000,116.53
1749266761,116.81000000,0.08600000,116.53
1749266761,116.82000000,1.23100000,116.53
1749266761,116.83000000,0.08600000,116.53
1749266761,116.84000000,1.23100000,116.53
1749266761,116.85000000,0.15100000,116.53
1749266761,116.86000000,1.23100000,116.53
1749266761,116.87000000,0.08600000,116.53
1749266761,116.88000000,1.23100000,116.53
1749266761,116.89000000,0.08700000,116.53
1749266761,116.90000000,1.23200000,116.53
1749266761,116.91000000,0.15200000,116.53
1749266761,116.92000000,1.23200000,116.53
1749266761,116.93000000,0.08700000,116.53
1749266761,116.94000000,1.23200000,116.53
1749266761,116.95000000,0.08700000,116.53
1749266761,116.96000000,1.23200000,116.53
1749266761,116.97000000,0.15200000,116.53
1749266761,116.98000000,1.73000000,116.53
1749266761,116.99000000,0.34800000,116.53
1749266761,117.00000000,4.12300000,116.53
1749266761,117.01000000,0.08700000,116.53
1749266761,117.02000000,1.23200000,116.53
1749266761,117.03000000,3.18800000,116.53
1749266761,117.04000000,1.23200000,116.53
1749266761,117.05000000,0.08700000,116.53
1749266761,117.06000000,0.08700000,116.53
1749266761,117.07000000,0.08700000,116.53
1749266761,117.08000000,1.43200000,116.53
1749266761,117.09000000,0.15200000,116.53
1749266761,117.10000000,1.42200000,116.53
1749266761,117.11000000,0.52300000,116.53
1749266761,117.12000000,1.23200000,116.53
1749266761,117.13000000,52.38600000,116.53
1749266761,117.14000000,10.32300000,116.53
1749266761,117.15000000,0.15200000,116.53
1749266761,117.16000000,0.08700000,116.53
1749266761,117.17000000,3.25300000,116.53
1749266761,117.18000000,2.61700000,116.53
1749266761,117.19000000,0.95000000,116.53
1749266761,117.20000000,0.38800000,116.53
1749266761,117.21000000,0.15100000,116.53
1749266761,117.22000000,0.08600000,116.53
1749266761,117.27000000,2.04900000,116.53
1749266761,117.30000000,0.19200000,116.53
1749266761,117.32000000,0.05100000,116.53
1749266761,117.33000000,0.12800000,116.53
1749266761,117.39000000,2.32800000,116.53
1749266761,117.43000000,28.74500000,116.53
1749266761,117.45000000,0.06500000,116.53
1749266761,117.46000000,10.20800000,116.53
1749266761,117.51000000,0.06500000,116.53
1749266761,117.52000000,4.51100000,116.53
1749266761,117.53000000,0.26100000,116.53
1749266761,117.55000000,7.74600000,116.53
1749266761,117.57000000,0.11500000,116.53
1749266761,117.60000000,4.67100000,116.53
1749266761,117.63000000,0.06500000,116.53
1749266761,117.65000000,0.05100000,116.53
1749266761,117.69000000,0.06500000,116.53
1749266761,117.75000000,0.06500000,116.53
1749266761,117.77000000,4.95000000,116.53
1749266761,117.81000000,0.06500000,116.53
1749266761,117.82000000,12.72200000,116.53
1749266761,117.87000000,0.06500000,116.53
1749266761,117.93000000,1.07400000,116.53
1749267063,116.28000000,1.21000000,116.26
1749267063,116.29000000,1.37700000,116.26
1749267063,116.30000000,0.36300000,116.26
1749267063,116.31000000,1.57400000,116.26
1749267063,116.32000000,3.47200000,116.26
1749267063,116.33000000,2.20200000,116.26
1749267063,116.34000000,3.93500000,116.26
1749267063,116.35000000,8.03000000,116.26
1749267063,116.36000000,2.89000000,116.26
1749267063,116.37000000,11.88900000,116.26
1749267063,116.38000000,10.94800000,116.26
1749267063,116.39000000,9.14000000,116.26
1749267063,116.40000000,3.80200000,116.26
1749267063,116.41000000,8.35300000,116.26
1749267063,116.42000000,3.75900000,116.26
1749267063,116.43000000,8.20900000,116.26
1749267063,116.44000000,5.99900000,116.26
1749267063,116.45000000,17.18000000,116.26
1749267063,116.46000000,0.29700000,116.26
1749267063,116.47000000,5.59700000,116.26
1749267063,116.48000000,23.95400000,116.26
1749267063,116.49000000,16.13500000,116.26
1749267063,116.50000000,3.90500000,116.26
1749267063,116.51000000,9.07700000,116.26
1749267063,116.52000000,1.23100000,116.26
1749267063,116.53000000,0.30200000,116.26
1749267063,116.54000000,1.23100000,116.26
1749267063,116.55000000,4.44400000,116.26
1749267063,116.56000000,1.23100000,116.26
1749267063,116.57000000,0.30000000,116.26
1749267063,116.58000000,1.63300000,116.26
1749267063,116.59000000,0.30000000,116.26
1749267063,116.60000000,1.44500000,116.26
1749267063,116.61000000,0.36500000,116.26
1749267063,116.62000000,1.23100000,116.26
1749267063,116.63000000,0.08600000,116.26
1749267063,116.64000000,0.08600000,116.26
1749267063,116.65000000,4.65700000,116.26
1749267063,116.66000000,0.08600000,116.26
1749267063,116.67000000,1.29600000,116.26
1749267063,116.68000000,0.08600000,116.26
1749267063,116.69000000,0.08600000,116.26
1749267063,116.70000000,1.23100000,116.26
1749267063,116.71000000,0.08600000,116.26
1749267063,116.72000000,0.08600000,116.26
1749267063,116.73000000,1.29600000,116.26
1749267063,116.74000000,0.08600000,116.26
1749267063,116.75000000,0.08600000,116.26
1749267063,116.76000000,1.23100000,116.26
1749267063,116.77000000,0.08600000,116.26
1749267063,116.78000000,0.08600000,116.26
1749267063,116.79000000,1.29600000,116.26
1749267063,116.80000000,0.08600000,116.26
1749267063,116.81000000,0.08600000,116.26
1749267063,116.82000000,1.72600000,116.26
1749267063,116.83000000,0.08600000,116.26
1749267063,116.84000000,1.23100000,116.26
1749267063,116.85000000,0.15100000,116.26
1749267063,116.86000000,50.36300000,116.26
1749267063,116.87000000,0.08600000,116.26
1749267063,116.88000000,3.76100000,116.26
1749267063,116.89000000,0.08700000,116.26
1749267063,116.90000000,1.23200000,116.26
1749267063,116.91000000,3.32500000,116.26
1749267063,116.92000000,1.23200000,116.26
1749267063,116.93000000,0.08700000,116.26
1749267063,116.94000000,1.23200000,116.26
1749267063,116.95000000,3.26100000,116.26
1749267063,116.96000000,1.23200000,116.26
1749267063,116.97000000,0.15200000,116.26
1749267063,116.98000000,1.23200000,116.26
1749267063,116.99000000,0.34800000,116.26
1749267063,117.00000000,4.12300000,116.26
1749267063,117.01000000,2.06600000,116.26
1749267063,117.02000000,1.23200000,116.26
1749267063,117.03000000,3.18800000,116.26
1749267063,117.04000000,1.14500000,116.26
1749267063,117.08000000,1.34500000,116.26
1749267063,117.09000000,0.06500000,116.26
1749267063,117.10000000,1.33500000,116.26
1749267063,117.11000000,0.43600000,116.26
1749267063,117.12000000,1.14500000,116.26
1749267063,117.14000000,11.38100000,116.26
1749267063,117.15000000,0.06500000,116.26
1749267063,117.18000000,29.16200000,116.26
1749267063,117.19000000,0.86300000,116.26
1749267063,117.20000000,0.30100000,116.26
1749267063,117.21000000,0.06500000,116.26
1749267063,117.27000000,0.06500000,116.26
1749267063,117.30000000,0.19200000,116.26
1749267063,117.32000000,0.05100000,116.26
1749267063,117.33000000,0.12800000,116.26
1749267063,117.39000000,2.32800000,116.26
1749267063,117.45000000,0.06500000,116.26
1749267063,117.46000000,10.20800000,116.26
1749267063,117.51000000,0.06500000,116.26
1749267063,117.52000000,4.51100000,116.26
1749267063,117.53000000,0.26100000,116.26
1749267063,117.55000000,12.71000000,116.26
1749267063,117.57000000,0.11500000,116.26
1749267364,115.83000000,2.25200000,115.83
1749267364,115.85000000,0.77600000,115.83
1749267364,115.86000000,1.34900000,115.83
1749267364,115.87000000,0.68900000,115.83
1749267364,115.88000000,1.05800000,115.83
1749267364,115.89000000,1.29700000,115.83
1749267364,115.90000000,0.35600000,115.83
1749267364,115.91000000,0.35600000,115.83
1749267364,115.92000000,9.14200000,115.83
1749267364,115.93000000,0.35800000,115.83
1749267364,115.94000000,2.56300000,115.83
1749267364,115.95000000,6.71500000,115.83
1749267364,115.96000000,0.35800000,115.83
1749267364,115.97000000,1.50300000,115.83
1749267364,115.98000000,1.18200000,115.83
1749267364,115.99000000,0.36300000,115.83
1749267364,116.00000000,1.50300000,115.83
1749267364,116.01000000,6.47600000,115.83
1749267364,116.02000000,28.59000000,115.83
1749267364,116.03000000,42.08200000,115.83
1749267364,116.04000000,20.17200000,115.83
1749267364,116.05000000,0.15200000,115.83
1749267364,116.06000000,0.36700000,115.83
1749267364,116.07000000,5.46800000,115.83
1749267364,116.08000000,13.68600000,115.83
1749267364,116.09000000,2.33300000,115.83
1749267364,116.10000000,0.08700000,115.83
1749267364,116.11000000,1.23200000,115.83
1749267364,116.12000000,3.44900000,115.83
1749267364,116.13000000,4.39600000,115.83
1749267364,116.14000000,0.30700000,115.83
1749267364,116.15000000,2.55300000,115.83
1749267364,116.16000000,0.93000000,115.83
1749267364,116.17000000,1.64400000,115.83
1749267364,116.18000000,3.74700000,115.83
1749267364,116.19000000,1.51700000,115.83
1749267364,116.20000000,0.30700000,115.83
1749267364,116.21000000,1.45200000,115.83
1749267364,116.22000000,0.08700000,115.83
1749267364,116.23000000,0.08700000,115.83
1749267364,116.24000000,1.23200000,115.83
1749267364,116.25000000,0.15200000,115.83
1749267364,116.26000000,1.23200000,115.83
1749267364,116.27000000,0.08700000,115.83
1749267364,116.28000000,0.08700000,115.83
1749267364,116.29000000,1.23200000,115.83
1749267364,116.30000000,0.08700000,115.83
1749267364,116.31000000,0.15200000,115.83
1749267364,116.32000000,0.08700000,115.83
1749267364,116.33000000,1.23200000,115.83
1749267364,116.34000000,0.08700000,115.83
1749267364,116.35000000,1.23200000,115.83
1749267364,116.36000000,0.08700000,115.83
1749267364,116.37000000,0.15200000,115.83
1749267364,116.38000000,1.72100000,115.83
1749267364,116.39000000,0.08600000,115.83
1749267364,116.40000000,1.23100000,115.83
1749267364,116.41000000,0.08600000,115.83
1749267364,116.42000000,1.23100000,115.83
1749267364,116.43000000,0.15200000,115.83
1749267364,116.44000000,1.23200000,115.83
1749267364,116.45000000,0.34700000,115.83
1749267364,116.46000000,1.23100000,115.83
1749267364,116.47000000,0.08600000,115.83
1749267364,116.48000000,1.23100000,115.83
1749267364,116.49000000,10.44500000,115.83
1749267364,116.50000000,1.23100000,115.83
1749267364,116.51000000,0.08600000,115.83
1749267364,116.52000000,1.23100000,115.83
1749267364,116.53000000,0.08600000,115.83
1749267364,116.54000000,50.36300000,115.83
1749267364,116.55000000,3.33400000,115.83
1749267364,116.56000000,1.23100000,115.83
1749267364,116.57000000,2.03700000,115.83
1749267364,116.58000000,1.23100000,115.83
1749267364,116.59000000,5.71100000,115.83
1749267364,116.60000000,1.14500000,115.83
1749267364,116.61000000,0.26500000,115.83
1749267364,116.62000000,1.14500000,115.83
1749267364,116.65000000,1.14500000,115.83
1749267364,116.67000000,1.21000000,115.83
1749267364,116.70000000,1.24000000,115.83
1749267364,116.73000000,1.21000000,115.83
1749267364,116.75000000,3.03600000,115.83
1749267364,116.76000000,0.04500000,115.83
1749267364,116.78000000,2.26300000,115.83
1749267364,116.79000000,0.06500000,115.83
1749267364,116.80000000,10.35600000,115.83
1749267364,116.85000000,29.84000000,115.83
1749267364,116.91000000,0.06500000,115.83
1749267364,116.97000000,0.06500000,115.83
1749267364,116.99000000,0.26100000,115.83
1749267364,117.00000000,2.89100000,115.83
1749267364,117.03000000,0.06500000,115.83
1749267364,117.08000000,0.20000000,115.83
1749267364,117.09000000,0.06500000,115.83
1749267364,117.10000000,0.19000000,115.83
1749267364,117.11000000,0.43600000,115.83
1749267364,117.14000000,10.23600000,115.83
1749267364,117.15000000,0.06500000,115.83
1749267666,115.82000000,1.23200000,115.81
1749267666,115.83000000,0.08700000,115.81
1749267666,115.84000000,0.15200000,115.81
1749267666,115.85000000,0.15200000,115.81
1749267666,115.86000000,1.98600000,115.81
1749267666,115.87000000,1.06200000,115.81
1749267666,115.88000000,3.62000000,115.81
1749267666,115.89000000,10.84200000,115.81
1749267666,115.90000000,6.44900000,115.81
1749267666,115.91000000,3.09400000,115.81
1749267666,115.92000000,14.21500000,115.81
1749267666,115.93000000,8.75100000,115.81
1749267666,115.94000000,3.34600000,115.81
1749267666,115.95000000,12.76700000,115.81
1749267666,115.96000000,12.83100000,115.81
1749267666,115.97000000,11.59700000,115.81
1749267666,115.98000000,0.35800000,115.81
1749267666,115.99000000,2.45900000,115.81
1749267666,116.00000000,10.49900000,115.81
1749267666,116.01000000,0.42300000,115.81
1749267666,116.02000000,1.44500000,115.81
1749267666,116.03000000,1.40100000,115.81
1749267666,116.04000000,1.23200000,115.81
1749267666,116.05000000,0.08700000,115.81
