timestamp,price,volume,current_price
1749254511,114.31000000,1.27200000,114.3
1749254511,114.32000000,0.35000000,114.3
1749254511,114.33000000,0.46600000,114.3
1749254511,114.34000000,0.20100000,114.3
1749254511,114.35000000,1.30000000,114.3
1749254511,114.36000000,0.15500000,114.3
1749254511,114.37000000,1.30000000,114.3
1749254511,114.38000000,0.20100000,114.3
1749254511,114.39000000,1.36700000,114.3
1749254511,114.40000000,7.82100000,114.3
1749254511,114.41000000,23.66400000,114.3
1749254511,114.42000000,24.06000000,114.3
1749254511,114.43000000,25.49800000,114.3
1749254511,114.44000000,24.85300000,114.3
1749254511,114.45000000,19.55500000,114.3
1749254511,114.46000000,0.15500000,114.3
1749254511,114.47000000,3.73400000,114.3
1749254511,114.48000000,0.96800000,114.3
1749254511,114.49000000,1.23400000,114.3
1749254511,114.50000000,0.08900000,114.3
1749254511,114.51000000,1.30100000,114.3
1749254511,114.52000000,3.57900000,114.3
1749254511,114.53000000,1.23400000,114.3
1749254511,114.54000000,0.08800000,114.3
1749254511,114.55000000,1.23300000,114.3
1749254511,114.56000000,0.53100000,114.3
1749254511,114.57000000,1.74500000,114.3
1749254511,114.58000000,0.08800000,114.3
1749254511,114.59000000,1.73100000,114.3
1749254511,114.60000000,0.15800000,114.3
1749254511,114.61000000,1.23300000,114.3
1749254511,114.62000000,0.08800000,114.3
1749254511,114.63000000,7.38400000,114.3
1749254511,114.64000000,0.08800000,114.3
1749254511,114.65000000,1.23300000,114.3
1749254511,114.66000000,0.35600000,114.3
1749254511,114.67000000,0.08800000,114.3
1749254511,114.68000000,0.08800000,114.3
1749254511,114.69000000,1.30000000,114.3
1749254511,114.70000000,0.37300000,114.3
1749254511,114.71000000,1.23300000,114.3
1749254511,114.72000000,0.08800000,114.3
1749254511,114.73000000,6.21900000,114.3
1749254511,114.74000000,0.08800000,114.3
1749254511,114.75000000,1.30000000,114.3
1749254511,114.76000000,0.08800000,114.3
1749254511,114.77000000,1.43300000,114.3
1749254511,114.78000000,0.08800000,114.3
1749254511,114.79000000,2.07800000,114.3
1749254511,114.80000000,0.30600000,114.3
1749254511,114.81000000,1.30000000,114.3
1749254511,114.82000000,0.08800000,114.3
1749254511,114.83000000,4.46800000,114.3
1749254511,114.84000000,0.08800000,114.3
1749254511,114.85000000,1.49400000,114.3
1749254511,114.86000000,0.08800000,114.3
1749254511,114.87000000,4.74900000,114.3
1749254511,114.88000000,3.31900000,114.3
1749254511,114.89000000,4.32100000,114.3
1749254511,114.90000000,0.08800000,114.3
1749254511,114.91000000,1.23300000,114.3
1749254511,114.92000000,0.40100000,114.3
1749254511,114.93000000,0.15400000,114.3
1749254511,114.94000000,0.30600000,114.3
1749254511,114.95000000,1.23300000,114.3
1749254511,114.96000000,4.60300000,114.3
1749254511,114.97000000,1.23300000,114.3
1749254511,114.98000000,0.08800000,114.3
1749254511,114.99000000,4.52900000,114.3
1749254511,115.00000000,23.80500000,114.3
1749254511,115.01000000,48.84400000,114.3
1749254511,115.02000000,0.08800000,114.3
1749254511,115.03000000,0.13400000,114.3
1749254511,115.04000000,3.90700000,114.3
1749254511,115.05000000,1.29900000,114.3
1749254511,115.06000000,0.08800000,114.3
1749254511,115.08000000,2.26300000,114.3
1749254511,115.09000000,1.14500000,114.3
1749254511,115.10000000,0.10600000,114.3
1749254511,115.11000000,0.06600000,114.3
1749254511,115.17000000,0.06600000,114.3
1749254511,115.20000000,0.16000000,114.3
1749254511,115.21000000,1.14500000,114.3
1749254511,115.22000000,0.20000000,114.3
1749254511,115.23000000,0.06600000,114.3
1749254511,115.27000000,0.04900000,114.3
1749254511,115.29000000,0.06600000,114.3
1749254511,115.30000000,27.47500000,114.3
1749254511,115.31000000,0.06300000,114.3
1749254511,115.34000000,0.10600000,114.3
1749254511,115.35000000,0.32800000,114.3
1749254511,115.36000000,0.05300000,114.3
1749254511,115.38000000,0.26100000,114.3
1749254511,115.39000000,0.08800000,114.3
1749254511,115.40000000,0.14300000,114.3
1749254511,115.41000000,0.11900000,114.3
1749254511,115.42000000,17.96300000,114.3
1749254511,115.47000000,0.06600000,114.3
1749254511,115.51000000,0.09700000,114.3
1749254511,115.53000000,0.06600000,114.3
1749254817,114.67000000,2.63700000,114.67
1749254817,114.68000000,0.67200000,114.67
1749254817,114.69000000,1.29900000,114.67
1749254817,114.70000000,10.26200000,114.67
1749254817,114.71000000,1.29900000,114.67
1749254817,114.72000000,5.55000000,114.67
1749254817,114.73000000,9.90000000,114.67
1749254817,114.74000000,24.35900000,114.67
1749254817,114.75000000,7.06200000,114.67
1749254817,114.76000000,0.15400000,114.67
1749254817,114.77000000,1.49900000,114.67
1749254817,114.78000000,4.29500000,114.67
1749254817,114.79000000,17.88800000,114.67
1749254817,114.80000000,3.09900000,114.67
1749254817,114.81000000,1.30000000,114.67
1749254817,114.82000000,0.59900000,114.67
1749254817,114.83000000,1.23300000,114.67
1749254817,114.84000000,0.08800000,114.67
1749254817,114.85000000,1.49400000,114.67
1749254817,114.86000000,0.08800000,114.67
1749254817,114.87000000,0.15400000,114.67
1749254817,114.88000000,0.08800000,114.67
1749254817,114.89000000,2.15900000,114.67
1749254817,114.90000000,0.65600000,114.67
1749254817,114.91000000,1.80100000,114.67
1749254817,114.92000000,4.13400000,114.67
1749254817,114.93000000,1.29900000,114.67
1749254817,114.94000000,0.08800000,114.67
1749254817,114.95000000,0.08800000,114.67
1749254817,114.96000000,6.43200000,114.67
1749254817,114.97000000,1.23300000,114.67
1749254817,114.98000000,0.08800000,114.67
1749254817,114.99000000,0.15400000,114.67
1749254817,115.00000000,20.57700000,114.67
1749254817,115.01000000,1.23300000,114.67
1749254817,115.02000000,0.08800000,114.67
1749254817,115.03000000,0.13400000,114.67
1749254817,115.04000000,0.08800000,114.67
1749254817,115.05000000,1.29900000,114.67
1749254817,115.06000000,0.08800000,114.67
1749254817,115.07000000,1.23300000,114.67
1749254817,115.08000000,0.08800000,114.67
1749254817,115.09000000,0.08800000,114.67
1749254817,115.10000000,0.19400000,114.67
1749254817,115.11000000,1.29900000,114.67
1749254817,115.12000000,0.08800000,114.67
1749254817,115.13000000,0.08800000,114.67
1749254817,115.14000000,0.08800000,114.67
1749254817,115.15000000,4.26900000,114.67
1749254817,115.16000000,3.11200000,114.67
1749254817,115.17000000,1.29900000,114.67
1749254817,115.18000000,0.08800000,114.67
1749254817,115.19000000,1.23300000,114.67
1749254817,115.20000000,0.24800000,114.67
1749254817,115.21000000,0.08800000,114.67
1749254817,115.22000000,0.28800000,114.67
1749254817,115.23000000,1.29900000,114.67
1749254817,115.24000000,0.08800000,114.67
1749254817,115.25000000,1.23300000,114.67
1749254817,115.26000000,0.08800000,114.67
1749254817,115.27000000,1.28200000,114.67
1749254817,115.28000000,1.12500000,114.67
1749254817,115.29000000,1.29900000,114.67
1749254817,115.30000000,0.08800000,114.67
1749254817,115.31000000,4.51600000,114.67
1749254817,115.32000000,3.30700000,114.67
1749254817,115.33000000,5.05200000,114.67
1749254817,115.34000000,2.15900000,114.67
1749254817,115.35000000,1.56100000,114.67
1749254817,115.36000000,0.14100000,114.67
1749254817,115.37000000,0.08800000,114.67
1749254817,115.38000000,0.34900000,114.67
1749254817,115.39000000,0.17600000,114.67
1749254817,115.40000000,0.23100000,114.67
1749254817,115.41000000,1.35200000,114.67
1749254817,115.42000000,13.07500000,114.67
1749254817,115.43000000,1.14500000,114.67
1749254817,115.47000000,0.06600000,114.67
1749254817,115.51000000,0.09700000,114.67
1749254817,115.53000000,0.06600000,114.67
1749254817,115.55000000,3.40800000,114.67
1749254817,115.59000000,2.24000000,114.67
1749254817,115.65000000,27.54100000,114.67
1749254817,115.69000000,0.20000000,114.67
1749254817,115.70000000,0.05400000,114.67
1749254817,115.71000000,0.06600000,114.67
1749254817,115.74000000,33.48500000,114.67
1749254817,115.76000000,5.23500000,114.67
1749254817,115.77000000,0.06600000,114.67
1749254817,115.79000000,12.94400000,114.67
1749254817,115.80000000,0.07000000,114.67
1749254817,115.83000000,0.06600000,114.67
1749254817,115.85000000,0.06200000,114.67
1749254817,115.89000000,0.06600000,114.67
1749254817,115.92000000,0.26100000,114.67
1749254817,115.94000000,4.51100000,114.67
1749254817,115.95000000,70.90900000,114.67
1749254817,115.96000000,0.15600000,114.67
1749254817,115.98000000,0.08800000,114.67
1749254817,116.00000000,0.24300000,114.67
