timestamp,price,volume,current_price
1749258284,115.89000000,0.44300000,115.9
1749258284,115.90000000,0.15200000,115.9
1749258284,115.91000000,0.15200000,115.9
1749258284,115.92000000,0.15200000,115.9
1749258284,115.93000000,1.34100000,115.9
1749258284,115.94000000,0.15200000,115.9
1749258284,115.95000000,1.36200000,115.9
1749258284,115.96000000,2.65200000,115.9
1749258284,115.97000000,1.29700000,115.9
1749258284,115.98000000,0.84100000,115.9
1749258284,115.99000000,1.51200000,115.9
1749258284,116.00000000,0.08700000,115.9
1749258284,116.01000000,1.29700000,115.9
1749258284,116.02000000,7.53900000,115.9
1749258284,116.03000000,27.00200000,115.9
1749258284,116.04000000,3.15400000,115.9
1749258284,116.05000000,9.72300000,115.9
1749258284,116.06000000,3.29800000,115.9
1749258284,116.07000000,14.78500000,115.9
1749258284,116.08000000,17.06900000,115.9
1749258284,116.09000000,1.23200000,115.9
1749258284,116.10000000,3.03400000,115.9
1749258284,116.11000000,12.42800000,115.9
1749258284,116.12000000,8.67900000,115.9
1749258284,116.13000000,0.36700000,115.9
1749258284,116.14000000,1.23200000,115.9
1749258284,116.15000000,17.46700000,115.9
1749258284,116.16000000,0.08700000,115.9
1749258284,116.17000000,1.23200000,115.9
1749258284,116.18000000,0.94900000,115.9
1749258284,116.19000000,0.15200000,115.9
1749258284,116.20000000,1.44700000,115.9
1749258284,116.21000000,0.08700000,115.9
1749258284,116.22000000,4.67100000,115.9
1749258284,116.23000000,0.08700000,115.9
1749258284,116.24000000,0.08700000,115.9
1749258284,116.25000000,1.29700000,115.9
1749258284,116.26000000,0.08700000,115.9
1749258284,116.27000000,1.44700000,115.9
1749258284,116.28000000,0.08700000,115.9
1749258284,116.29000000,1.23200000,115.9
1749258284,116.30000000,0.08700000,115.9
1749258284,116.31000000,0.15300000,115.9
1749258284,116.32000000,0.15000000,115.9
1749258284,116.33000000,1.23200000,115.9
1749258284,116.34000000,0.30200000,115.9
1749258284,116.35000000,0.08700000,115.9
1749258284,116.36000000,0.08700000,115.9
1749258284,116.37000000,1.29800000,115.9
1749258284,116.38000000,0.08700000,115.9
1749258284,116.39000000,0.08700000,115.9
1749258284,116.40000000,0.15700000,115.9
1749258284,116.41000000,1.44700000,115.9
1749258284,116.42000000,0.08700000,115.9
1749258284,116.43000000,4.48300000,115.9
1749258284,116.44000000,0.58200000,115.9
1749258284,116.45000000,1.49300000,115.9
1749258284,116.46000000,0.08700000,115.9
1749258284,116.47000000,14.78600000,115.9
1749258284,116.48000000,0.08700000,115.9
1749258284,116.49000000,0.15300000,115.9
1749258284,116.50000000,0.08700000,115.9
1749258284,116.51000000,0.08700000,115.9
1749258284,116.52000000,0.14700000,115.9
1749258284,116.53000000,3.12300000,115.9
1749258284,116.54000000,0.08700000,115.9
1749258284,116.55000000,6.17000000,115.9
1749258284,116.56000000,0.08700000,115.9
1749258284,116.57000000,0.08700000,115.9
1749258284,116.58000000,0.08700000,115.9
1749258284,116.59000000,2.04800000,115.9
1749258284,116.60000000,2.61900000,115.9
1749258284,116.61000000,0.35300000,115.9
1749258284,116.62000000,0.08700000,115.9
1749258284,116.63000000,0.08700000,115.9
1749258284,116.64000000,0.08700000,115.9
1749258284,116.67000000,0.06600000,115.9
1749258284,116.68000000,0.20600000,115.9
1749258284,116.69000000,0.10600000,115.9
1749258284,116.70000000,0.14800000,115.9
1749258284,116.73000000,0.26000000,115.9
1749258284,116.74000000,0.06800000,115.9
1749258284,116.76000000,1.06800000,115.9
1749258284,116.78000000,12.83500000,115.9
1749258284,116.79000000,0.06500000,115.9
1749258284,116.80000000,25.83200000,115.9
1749258284,116.81000000,0.13900000,115.9
1749258284,116.84000000,0.19500000,115.9
1749258284,116.85000000,31.10500000,115.9
1749258284,116.88000000,0.27800000,115.9
1749258284,116.90000000,0.04800000,115.9
1749258284,116.91000000,10.32100000,115.9
1749258284,116.95000000,0.21100000,115.9
1749258284,116.97000000,0.06500000,115.9
1749258284,116.99000000,0.26100000,115.9
1749258284,117.00000000,4.40100000,115.9
1749258284,117.02000000,0.26000000,115.9
1749258284,117.03000000,0.06500000,115.9
1749258284,117.04000000,2.26300000,115.9
1749258284,117.05000000,4.86700000,115.9
1749258587,115.41000000,0.08700000,115.38
1749258587,115.42000000,0.15200000,115.38
1749258587,115.43000000,2.65200000,115.38
1749258587,115.44000000,0.15200000,115.38
1749258587,115.45000000,1.34100000,115.38
1749258587,115.46000000,0.15200000,115.38
1749258587,115.47000000,1.36200000,115.38
1749258587,115.48000000,0.15200000,115.38
1749258587,115.49000000,1.29800000,115.38
1749258587,115.50000000,0.15200000,115.38
1749258587,115.51000000,1.98900000,115.38
1749258587,115.52000000,0.08700000,115.38
1749258587,115.53000000,0.15200000,115.38
1749258587,115.54000000,1.23200000,115.38
1749258587,115.55000000,2.69000000,115.38
1749258587,115.56000000,14.35200000,115.38
1749258587,115.57000000,21.51500000,115.38
1749258587,115.58000000,11.44700000,115.38
1749258587,115.59000000,12.21700000,115.38
1749258587,115.60000000,9.92100000,115.38
1749258587,115.61000000,3.18300000,115.38
1749258587,115.62000000,10.32000000,115.38
1749258587,115.63000000,3.06400000,115.38
1749258587,115.64000000,12.69400000,115.38
1749258587,115.65000000,9.24100000,115.38
1749258587,115.66000000,0.08700000,115.38
1749258587,115.67000000,9.92200000,115.38
1749258587,115.68000000,18.72800000,115.38
1749258587,115.69000000,9.92100000,115.38
1749258587,115.70000000,0.08700000,115.38
1749258587,115.71000000,9.98700000,115.38
1749258587,115.72000000,0.08700000,115.38
1749258587,115.73000000,0.08700000,115.38
1749258587,115.74000000,1.44800000,115.38
1749258587,115.75000000,0.08700000,115.38
1749258587,115.76000000,1.23200000,115.38
1749258587,115.77000000,0.15200000,115.38
1749258587,115.78000000,1.23200000,115.38
1749258587,115.79000000,0.08700000,115.38
1749258587,115.80000000,1.23200000,115.38
1749258587,115.81000000,0.08700000,115.38
1749258587,115.82000000,3.53800000,115.38
1749258587,115.83000000,1.29700000,115.38
1749258587,115.84000000,0.08700000,115.38
1749258587,115.85000000,1.23200000,115.38
1749258587,115.86000000,0.08700000,115.38
1749258587,115.87000000,0.08700000,115.38
1749258587,115.88000000,0.08700000,115.38
1749258587,115.89000000,0.15200000,115.38
1749258587,115.90000000,0.08700000,115.38
1749258587,115.91000000,1.23200000,115.38
1749258587,115.92000000,0.56400000,115.38
1749258587,115.93000000,0.08700000,115.38
1749258587,115.94000000,0.08700000,115.38
1749258587,115.95000000,1.29700000,115.38
1749258587,115.96000000,0.08700000,115.38
1749258587,115.97000000,0.08700000,115.38
1749258587,115.98000000,3.28700000,115.38
1749258587,115.99000000,6.80000000,115.38
1749258587,116.00000000,0.18200000,115.38
1749258587,116.01000000,0.15200000,115.38
1749258587,116.02000000,0.08700000,115.38
1749258587,116.03000000,1.23200000,115.38
1749258587,116.04000000,0.08700000,115.38
1749258587,116.05000000,0.08700000,115.38
1749258587,116.06000000,0.08700000,115.38
1749258587,116.07000000,0.15200000,115.38
1749258587,116.08000000,0.08700000,115.38
1749258587,116.09000000,1.23200000,115.38
1749258587,116.10000000,0.08700000,115.38
1749258587,116.11000000,0.08700000,115.38
1749258587,116.12000000,0.08700000,115.38
1749258587,116.13000000,0.15200000,115.38
1749258587,116.14000000,0.08700000,115.38
1749258587,116.15000000,10.61100000,115.38
1749258587,116.16000000,0.08700000,115.38
1749258587,116.19000000,0.06500000,115.38
1749258587,116.21000000,6.03400000,115.38
1749258587,116.22000000,0.04500000,115.38
1749258587,116.25000000,0.06500000,115.38
1749258587,116.30000000,31.61200000,115.38
1749258587,116.31000000,0.06600000,115.38
1749258587,116.32000000,0.06300000,115.38
1749258587,116.37000000,0.06600000,115.38
1749258587,116.40000000,0.07000000,115.38
1749258587,116.43000000,0.06600000,115.38
1749258587,116.44000000,2.26300000,115.38
1749258587,116.45000000,0.26100000,115.38
1749258587,116.47000000,10.36900000,115.38
1749258587,116.49000000,0.06600000,115.38
1749258587,116.52000000,0.06000000,115.38
1749258587,116.55000000,0.06600000,115.38
1749258587,116.61000000,0.26600000,115.38
1749258587,116.67000000,0.06600000,115.38
1749258587,116.68000000,0.20600000,115.38
1749258587,116.69000000,0.10600000,115.38
1749258587,116.70000000,0.14800000,115.38
1749258587,116.73000000,0.26000000,115.38
1749258587,116.74000000,0.06800000,115.38
1749258587,116.76000000,1.06800000,115.38
1749258913,115.85000000,0.08700000,115.84
1749258913,115.86000000,0.08700000,115.84
1749258913,115.87000000,1.29700000,115.84
1749258913,115.88000000,0.15200000,115.84
1749258913,115.89000000,0.15200000,115.84
1749258913,115.90000000,0.87400000,115.84
1749258913,115.91000000,1.29700000,115.84
1749258913,115.92000000,0.15200000,115.84
1749258913,115.93000000,1.29700000,115.84
1749258913,115.94000000,2.65200000,115.84
1749258913,115.95000000,1.72300000,115.84
1749258913,115.96000000,0.15200000,115.84
1749258913,115.97000000,1.29700000,115.84
1749258913,115.98000000,0.51300000,115.84
1749258913,115.99000000,1.29700000,115.84
1749258913,116.00000000,0.15200000,115.84
1749258913,116.01000000,3.92500000,115.84
1749258913,116.02000000,11.44800000,115.84
1749258913,116.03000000,12.25000000,115.84
1749258913,116.04000000,8.54400000,115.84
1749258913,116.05000000,1.23200000,115.84
1749258913,116.06000000,0.08700000,115.84
1749258913,116.07000000,0.15200000,115.84
1749258913,116.08000000,3.77600000,115.84
1749258913,116.09000000,8.47900000,115.84
1749258913,116.10000000,0.44800000,115.84
1749258913,116.11000000,3.71600000,115.84
1749258913,116.12000000,8.27900000,115.84
1749258913,116.13000000,4.05000000,115.84
1749258913,116.14000000,9.17700000,115.84
1749258913,116.15000000,1.23200000,115.84
1749258913,116.16000000,0.45100000,115.84
1749258913,116.17000000,1.23200000,115.84
1749258913,116.18000000,0.08700000,115.84
1749258913,116.19000000,0.51900000,115.84
1749258913,116.20000000,0.53400000,115.84
1749258913,116.21000000,1.23200000,115.84
1749258913,116.22000000,0.45000000,115.84
1749258913,116.23000000,1.59500000,115.84
1749258913,116.24000000,0.53400000,115.84
1749258913,116.25000000,1.29700000,115.84
1749258913,116.26000000,0.45000000,115.84
1749258913,116.27000000,7.26300000,115.84
1749258913,116.28000000,0.08700000,115.84
1749258913,116.29000000,1.23200000,115.84
1749258913,116.30000000,0.08700000,115.84
1749258913,116.31000000,0.15200000,115.84
1749258913,116.32000000,0.08700000,115.84
1749258913,116.33000000,0.08700000,115.84
1749258913,116.34000000,0.45400000,115.84
1749258913,116.35000000,1.23200000,115.84
1749258913,116.36000000,0.08700000,115.84
1749258913,116.37000000,0.15300000,115.84
1749258913,116.38000000,0.08700000,115.84
1749258913,116.39000000,0.08700000,115.84
1749258913,116.40000000,0.15700000,115.84
1749258913,116.41000000,1.23200000,115.84
1749258913,116.42000000,0.08700000,115.84
1749258913,116.43000000,0.15300000,115.84
1749258913,116.44000000,0.08700000,115.84
1749258913,116.45000000,1.49300000,115.84
1749258913,116.46000000,0.79500000,115.84
1749258913,116.47000000,0.16100000,115.84
1749258913,116.48000000,0.08700000,115.84
1749258913,116.49000000,1.29800000,115.84
1749258913,116.50000000,0.08700000,115.84
1749258913,116.51000000,1.23200000,115.84
1749258913,116.52000000,2.67500000,115.84
1749258913,116.53000000,1.23200000,115.84
1749258913,116.54000000,0.08700000,115.84
1749258913,116.55000000,5.53600000,115.84
1749258913,116.56000000,10.37400000,115.84
1749258913,116.57000000,1.23200000,115.84
1749258913,116.58000000,0.08700000,115.84
1749258913,116.59000000,1.23200000,115.84
1749258913,116.60000000,0.08700000,115.84
1749258913,116.61000000,1.41100000,115.84
1749258913,116.62000000,3.03600000,115.84
1749258913,116.63000000,1.14500000,115.84
1749258913,116.64000000,0.21600000,115.84
1749258913,116.67000000,0.06600000,115.84
1749258913,116.68000000,0.20600000,115.84
1749258913,116.69000000,1.25100000,115.84
1749258913,116.70000000,0.14800000,115.84
1749258913,116.71000000,3.08700000,115.84
1749258913,116.73000000,0.26000000,115.84
1749258913,116.74000000,0.06800000,115.84
1749258913,116.75000000,1.14500000,115.84
1749258913,116.76000000,1.06800000,115.84
1749258913,116.77000000,1.14500000,115.84
1749258913,116.79000000,0.06500000,115.84
1749258913,116.80000000,25.83200000,115.84
1749258913,116.81000000,1.28400000,115.84
1749258913,116.82000000,0.21500000,115.84
1749258913,116.84000000,0.19500000,115.84
1749258913,116.85000000,0.06500000,115.84
1749258913,116.88000000,0.27800000,115.84
1749258913,116.89000000,4.96400000,115.84
1749258913,116.90000000,0.04800000,115.84
1749258913,116.91000000,41.28600000,115.84
1749259214,116.24000000,2.09500000,116.24
1749259214,116.25000000,0.94200000,116.24
1749259214,116.26000000,0.15200000,116.24
1749259214,116.27000000,0.15200000,116.24
1749259214,116.28000000,1.29700000,116.24
1749259214,116.29000000,0.74400000,116.24
1749259214,116.30000000,0.15200000,116.24
1749259214,116.31000000,0.21700000,116.24
1749259214,116.32000000,0.83900000,116.24
1749259214,116.33000000,0.15200000,116.24
1749259214,116.34000000,9.81100000,116.24
1749259214,116.35000000,25.87200000,116.24
1749259214,116.36000000,0.15200000,116.24
1749259214,116.37000000,1.36300000,116.24
1749259214,116.38000000,2.34900000,116.24
1749259214,116.39000000,7.50700000,116.24
1749259214,116.40000000,0.22200000,116.24
1749259214,116.41000000,1.29700000,116.24
1749259214,116.42000000,0.15200000,116.24
1749259214,116.43000000,1.36300000,116.24
1749259214,116.44000000,0.15200000,116.24
1749259214,116.45000000,4.32400000,116.24
1749259214,116.46000000,9.43700000,116.24
1749259214,116.47000000,1.30600000,116.24
1749259214,116.48000000,0.44300000,116.24
1749259214,116.49000000,1.29800000,116.24
1749259214,116.50000000,0.44300000,116.24
1749259214,116.51000000,1.23200000,116.24
1749259214,116.52000000,0.14700000,116.24
1749259214,116.53000000,4.66100000,116.24
1749259214,116.54000000,0.41800000,116.24
1749259214,116.55000000,1.29800000,116.24
1749259214,116.56000000,0.41800000,116.24
1749259214,116.57000000,1.23200000,116.24
1749259214,116.58000000,0.41700000,116.24
1749259214,116.59000000,1.23200000,116.24
1749259214,116.60000000,0.08700000,116.24
1749259214,116.61000000,1.49800000,116.24
1749259214,116.62000000,0.08700000,116.24
1749259214,116.63000000,1.23200000,116.24
1749259214,116.64000000,0.08700000,116.24
1749259214,116.65000000,0.08700000,116.24
1749259214,116.66000000,0.08700000,116.24
1749259214,116.67000000,1.29800000,116.24
1749259214,116.68000000,0.29300000,116.24
1749259214,116.69000000,1.33800000,116.24
1749259214,116.70000000,0.56500000,116.24
1749259214,116.71000000,1.23200000,116.24
1749259214,116.72000000,0.08700000,116.24
1749259214,116.73000000,1.49200000,116.24
1749259214,116.74000000,0.15500000,116.24
1749259214,116.75000000,0.08700000,116.24
1749259214,116.76000000,1.15500000,116.24
1749259214,116.77000000,1.23200000,116.24
1749259214,116.78000000,0.08700000,116.24
1749259214,116.79000000,0.15200000,116.24
1749259214,116.80000000,25.91900000,116.24
1749259214,116.81000000,1.37100000,116.24
1749259214,116.82000000,2.83000000,116.24
1749259214,116.83000000,1.72300000,116.24
1749259214,116.84000000,0.28200000,116.24
1749259214,116.85000000,1.29700000,116.24
1749259214,116.86000000,0.08700000,116.24
1749259214,116.87000000,1.23200000,116.24
1749259214,116.88000000,0.36500000,116.24
1749259214,116.89000000,0.08700000,116.24
1749259214,116.90000000,3.30700000,116.24
1749259214,116.91000000,11.55300000,116.24
1749259214,116.92000000,0.08700000,116.24
1749259214,116.93000000,4.26800000,116.24
1749259214,116.94000000,0.08700000,116.24
1749259214,116.95000000,1.44300000,116.24
1749259214,116.96000000,0.08700000,116.24
1749259214,116.97000000,1.29700000,116.24
1749259214,116.98000000,0.08700000,116.24
1749259214,116.99000000,1.49300000,116.24
1749259214,117.00000000,4.61600000,116.24
1749259214,117.01000000,1.14500000,116.24
1749259214,117.02000000,0.26000000,116.24
1749259214,117.03000000,0.06500000,116.24
1749259214,117.05000000,3.12500000,116.24
1749259214,117.08000000,0.20000000,116.24
1749259214,117.09000000,1.21000000,116.24
1749259214,117.10000000,0.19000000,116.24
1749259214,117.11000000,4.15300000,116.24
1749259214,117.15000000,0.06500000,116.24
1749259214,117.16000000,0.08500000,116.24
1749259214,117.17000000,1.14500000,116.24
1749259214,117.18000000,0.21400000,116.24
1749259214,117.19000000,5.82700000,116.24
1749259214,117.20000000,0.30100000,116.24
1749259214,117.21000000,0.06500000,116.24
1749259214,117.23000000,0.06000000,116.24
1749259214,117.25000000,11.37100000,116.24
1749259214,117.27000000,0.06500000,116.24
1749259214,117.30000000,0.19200000,116.24
1749259214,117.32000000,0.05100000,116.24
1749259214,117.33000000,0.12800000,116.24
1749259214,117.39000000,0.06500000,116.24
1749259214,117.41000000,29.05600000,116.24
