timestamp,price,volume,current_price
1749258305,2.15400000,355.70000000,2.153
1749258305,2.15500000,1998.60000000,2.153
1749258305,2.15600000,2539.70000000,2.153
1749258305,2.15700000,2097.80000000,2.153
1749258305,2.15800000,1789.40000000,2.153
1749258305,2.15900000,1664.40000000,2.153
1749258305,2.16000000,2628.50000000,2.153
1749258305,2.16100000,1152.10000000,2.153
1749258305,2.16200000,1806.50000000,2.153
1749258305,2.16300000,1050.70000000,2.153
1749258305,2.16400000,1478.00000000,2.153
1749258305,2.16500000,3516.60000000,2.153
1749258305,2.16600000,1516.80000000,2.153
1749258305,2.16700000,1477.60000000,2.153
1749258305,2.16800000,1136.90000000,2.153
1749258305,2.16900000,832.30000000,2.153
1749258305,2.17000000,1314.70000000,2.153
1749258305,2.17100000,846.00000000,2.153
1749258305,2.17200000,785.90000000,2.153
1749258305,2.17300000,1138.50000000,2.153
1749258305,2.17400000,123.90000000,2.153
1749258305,2.17500000,116.00000000,2.153
1749258305,2.17600000,588.70000000,2.153
1749258305,2.17700000,679.40000000,2.153
1749258305,2.17800000,486.40000000,2.153
1749258305,2.17900000,77.70000000,2.153
1749258305,2.18000000,8.10000000,2.153
1749258305,2.18100000,580.00000000,2.153
1749258305,2.18200000,8.10000000,2.153
1749258305,2.18300000,17.00000000,2.153
1749258305,2.18400000,937.20000000,2.153
1749258305,2.18500000,1014.20000000,2.153
1749258305,2.18600000,490.70000000,2.153
1749258305,2.18700000,1023.80000000,2.153
1749258305,2.18800000,2487.80000000,2.153
1749258305,2.18900000,292.00000000,2.153
1749258305,2.19000000,126.60000000,2.153
1749258305,2.19100000,16.80000000,2.153
1749258305,2.19200000,18.40000000,2.153
1749258305,2.19300000,57.20000000,2.153
1749258305,2.19400000,18.40000000,2.153
1749258305,2.19500000,61.50000000,2.153
1749258305,2.19600000,24.50000000,2.153
1749258305,2.19700000,4.60000000,2.153
1749258305,2.19800000,4.60000000,2.153
1749258305,2.19900000,4.60000000,2.153
1749258305,2.20000000,58.70000000,2.153
1749258305,2.20100000,82.90000000,2.153
1749258305,2.20200000,4.60000000,2.153
1749258305,2.20300000,10.50000000,2.153
1749258305,2.20400000,4.20000000,2.153
1749258305,2.20500000,9.70000000,2.153
1749258305,2.20600000,23.00000000,2.153
1749258305,2.20700000,4.60000000,2.153
1749258305,2.20800000,686.50000000,2.153
1749258305,2.20900000,9.20000000,2.153
1749258305,2.21000000,2398.00000000,2.153
1749258305,2.21100000,42.70000000,2.153
1749258305,2.21200000,4.20000000,2.153
1749258305,2.21300000,14.70000000,2.153
1749258305,2.21500000,24.60000000,2.153
1749258305,2.21600000,1350.00000000,2.153
1749258305,2.21700000,236.30000000,2.153
1749258305,2.21800000,10.40000000,2.153
1749258305,2.21900000,4.50000000,2.153
1749258305,2.22000000,97.50000000,2.153
1749258305,2.22100000,8.80000000,2.153
1749258305,2.22200000,9.50000000,2.153
1749258305,2.22400000,45.20000000,2.153
1749258305,2.22500000,1932.60000000,2.153
1749258305,2.22600000,19.80000000,2.153
1749258305,2.22700000,40.30000000,2.153
1749258305,2.22800000,19.50000000,2.153
1749258305,2.22900000,22.30000000,2.153
1749258305,2.23000000,31.50000000,2.153
1749258305,2.23100000,4.00000000,2.153
1749258305,2.23200000,4.50000000,2.153
1749258305,2.23300000,4.10000000,2.153
1749258305,2.23400000,67.60000000,2.153
1749258305,2.23500000,11.20000000,2.153
1749258305,2.23600000,4.50000000,2.153
1749258305,2.23800000,1030.70000000,2.153
1749258305,2.23900000,2.50000000,2.153
1749258305,2.24200000,7.60000000,2.153
1749258305,2.24300000,143.90000000,2.153
1749258305,2.24400000,46.70000000,2.153
1749258305,2.24500000,170.70000000,2.153
1749258305,2.24600000,27.10000000,2.153
1749258305,2.24700000,6.70000000,2.153
1749258305,2.24800000,54.90000000,2.153
1749258305,2.25000000,13.90000000,2.153
1749258305,2.25100000,429.40000000,2.153
1749258305,2.25300000,113.20000000,2.153
1749258305,2.25400000,8.00000000,2.153
1749258305,2.25500000,14.50000000,2.153
1749258305,2.25700000,4.70000000,2.153
1749258305,2.25800000,35.60000000,2.153
1749258305,2.25900000,13.50000000,2.153
1749258305,2.26000000,345.20000000,2.153
1749258305,2.26100000,16.00000000,2.153
1749258619,2.15400000,1116.10000000,2.152
1749258619,2.15500000,2652.20000000,2.152
1749258619,2.15600000,2725.80000000,2.152
1749258619,2.15700000,1566.60000000,2.152
1749258619,2.15800000,1817.20000000,2.152
1749258619,2.15900000,1147.10000000,2.152
1749258619,2.16000000,1875.70000000,2.152
1749258619,2.16100000,1147.70000000,2.152
1749258619,2.16200000,1547.30000000,2.152
1749258619,2.16300000,1101.20000000,2.152
1749258619,2.16400000,3852.20000000,2.152
1749258619,2.16500000,1143.50000000,2.152
1749258619,2.16600000,1297.20000000,2.152
1749258619,2.16700000,1524.80000000,2.152
1749258619,2.16800000,889.80000000,2.152
1749258619,2.16900000,832.30000000,2.152
1749258619,2.17000000,1414.00000000,2.152
1749258619,2.17100000,133.90000000,2.152
1749258619,2.17200000,546.20000000,2.152
1749258619,2.17300000,666.10000000,2.152
1749258619,2.17400000,123.90000000,2.152
1749258619,2.17500000,116.00000000,2.152
1749258619,2.17600000,588.70000000,2.152
1749258619,2.17700000,12.70000000,2.152
1749258619,2.17800000,1313.10000000,2.152
1749258619,2.17900000,190.20000000,2.152
1749258619,2.18000000,8.10000000,2.152
1749258619,2.18100000,504.50000000,2.152
1749258619,2.18200000,8.10000000,2.152
1749258619,2.18300000,304.40000000,2.152
1749258619,2.18400000,1937.20000000,2.152
1749258619,2.18500000,14.20000000,2.152
1749258619,2.18600000,617.80000000,2.152
1749258619,2.18700000,2000.00000000,2.152
1749258619,2.18800000,1487.80000000,2.152
1749258619,2.18900000,4.60000000,2.152
1749258619,2.19000000,79.30000000,2.152
1749258619,2.19100000,16.80000000,2.152
1749258619,2.19200000,18.40000000,2.152
1749258619,2.19300000,57.20000000,2.152
1749258619,2.19400000,18.40000000,2.152
1749258619,2.19500000,61.50000000,2.152
1749258619,2.19600000,24.50000000,2.152
1749258619,2.19700000,4.60000000,2.152
1749258619,2.19800000,4.60000000,2.152
1749258619,2.19900000,4.60000000,2.152
1749258619,2.20000000,58.70000000,2.152
1749258619,2.20100000,82.90000000,2.152
1749258619,2.20200000,4.60000000,2.152
1749258619,2.20300000,10.50000000,2.152
1749258619,2.20400000,4.20000000,2.152
1749258619,2.20500000,9.70000000,2.152
1749258619,2.20600000,23.00000000,2.152
1749258619,2.20700000,4.60000000,2.152
1749258619,2.20800000,686.50000000,2.152
1749258619,2.20900000,9.20000000,2.152
1749258619,2.21000000,2398.00000000,2.152
1749258619,2.21100000,42.70000000,2.152
1749258619,2.21200000,4.20000000,2.152
1749258619,2.21300000,14.70000000,2.152
1749258619,2.21500000,24.60000000,2.152
1749258619,2.21600000,1350.00000000,2.152
1749258619,2.21700000,236.30000000,2.152
1749258619,2.21800000,10.40000000,2.152
1749258619,2.21900000,4.50000000,2.152
1749258619,2.22000000,97.50000000,2.152
1749258619,2.22100000,8.80000000,2.152
1749258619,2.22200000,9.50000000,2.152
1749258619,2.22300000,233.10000000,2.152
1749258619,2.22400000,58.70000000,2.152
1749258619,2.22500000,1932.60000000,2.152
1749258619,2.22600000,19.80000000,2.152
1749258619,2.22700000,40.30000000,2.152
1749258619,2.22800000,19.50000000,2.152
1749258619,2.22900000,8.80000000,2.152
1749258619,2.23000000,31.50000000,2.152
1749258619,2.23100000,4.00000000,2.152
1749258619,2.23200000,106.60000000,2.152
1749258619,2.23300000,4.10000000,2.152
1749258619,2.23400000,67.60000000,2.152
1749258619,2.23500000,11.20000000,2.152
1749258619,2.23600000,4.50000000,2.152
1749258619,2.23800000,959.60000000,2.152
1749258619,2.23900000,2.50000000,2.152
1749258619,2.24200000,7.60000000,2.152
1749258619,2.24300000,143.90000000,2.152
1749258619,2.24400000,46.70000000,2.152
1749258619,2.24500000,139.70000000,2.152
1749258619,2.24600000,27.10000000,2.152
1749258619,2.24700000,6.70000000,2.152
1749258619,2.24800000,54.90000000,2.152
1749258619,2.25000000,13.90000000,2.152
1749258619,2.25100000,429.40000000,2.152
1749258619,2.25300000,113.20000000,2.152
1749258619,2.25400000,8.00000000,2.152
1749258619,2.25500000,14.50000000,2.152
1749258619,2.25700000,4.70000000,2.152
1749258619,2.25800000,35.60000000,2.152
1749258619,2.25900000,13.50000000,2.152
1749258619,2.26000000,345.20000000,2.152
1749258955,2.15400000,229.80000000,2.154
1749258955,2.15500000,1327.40000000,2.154
1749258955,2.15600000,2492.50000000,2.154
1749258955,2.15700000,2086.90000000,2.154
1749258955,2.15800000,2034.50000000,2.154
1749258955,2.15900000,2027.70000000,2.154
1749258955,2.16000000,2106.50000000,2.154
1749258955,2.16100000,1004.60000000,2.154
1749258955,2.16200000,1477.30000000,2.154
1749258955,2.16300000,1051.00000000,2.154
1749258955,2.16400000,1478.00000000,2.154
1749258955,2.16500000,1005.20000000,2.154
1749258955,2.16600000,1111.10000000,2.154
1749258955,2.16700000,1477.70000000,2.154
1749258955,2.16800000,1290.60000000,2.154
1749258955,2.16900000,3271.60000000,2.154
1749258955,2.17000000,1314.70000000,2.154
1749258955,2.17100000,275.70000000,2.154
1749258955,2.17200000,1258.30000000,2.154
1749258955,2.17300000,666.10000000,2.154
1749258955,2.17400000,596.30000000,2.154
1749258955,2.17500000,116.00000000,2.154
1749258955,2.17600000,588.70000000,2.154
1749258955,2.17700000,12.70000000,2.154
1749258955,2.17800000,598.90000000,2.154
1749258955,2.17900000,956.20000000,2.154
1749258955,2.18000000,8.10000000,2.154
1749258955,2.18100000,593.20000000,2.154
1749258955,2.18200000,8.10000000,2.154
1749258955,2.18300000,17.00000000,2.154
1749258955,2.18400000,1937.20000000,2.154
1749258955,2.18500000,14.20000000,2.154
1749258955,2.18600000,617.80000000,2.154
1749258955,2.18700000,23.80000000,2.154
1749258955,2.18800000,1487.80000000,2.154
1749258955,2.18900000,2292.00000000,2.154
1749258955,2.19000000,79.30000000,2.154
1749258955,2.19100000,16.80000000,2.154
1749258955,2.19200000,18.40000000,2.154
1749258955,2.19300000,57.20000000,2.154
1749258955,2.19400000,18.40000000,2.154
1749258955,2.19500000,61.50000000,2.154
1749258955,2.19600000,71.70000000,2.154
1749258955,2.19700000,4.60000000,2.154
1749258955,2.19800000,4.60000000,2.154
1749258955,2.19900000,4.60000000,2.154
1749258955,2.20000000,58.70000000,2.154
1749258955,2.20100000,82.90000000,2.154
1749258955,2.20200000,4.60000000,2.154
1749258955,2.20300000,10.50000000,2.154
1749258955,2.20400000,4.20000000,2.154
1749258955,2.20500000,9.70000000,2.154
1749258955,2.20600000,23.00000000,2.154
1749258955,2.20700000,4.60000000,2.154
1749258955,2.20800000,686.50000000,2.154
1749258955,2.20900000,9.20000000,2.154
1749258955,2.21000000,2398.00000000,2.154
1749258955,2.21100000,42.70000000,2.154
1749258955,2.21200000,4.20000000,2.154
1749258955,2.21300000,14.70000000,2.154
1749258955,2.21500000,24.60000000,2.154
1749258955,2.21600000,1350.00000000,2.154
1749258955,2.21700000,9.10000000,2.154
1749258955,2.21800000,10.40000000,2.154
1749258955,2.21900000,4.50000000,2.154
1749258955,2.22000000,97.50000000,2.154
1749258955,2.22100000,8.80000000,2.154
1749258955,2.22200000,9.50000000,2.154
1749258955,2.22300000,460.30000000,2.154
1749258955,2.22400000,58.70000000,2.154
1749258955,2.22500000,1932.60000000,2.154
1749258955,2.22600000,19.80000000,2.154
1749258955,2.22700000,40.30000000,2.154
1749258955,2.22800000,19.50000000,2.154
1749258955,2.22900000,8.80000000,2.154
1749258955,2.23000000,31.50000000,2.154
1749258955,2.23100000,4.00000000,2.154
1749258955,2.23200000,4.50000000,2.154
1749258955,2.23300000,4.10000000,2.154
1749258955,2.23400000,67.60000000,2.154
1749258955,2.23500000,11.20000000,2.154
1749258955,2.23600000,4.50000000,2.154
1749258955,2.23800000,1030.70000000,2.154
1749258955,2.23900000,2.50000000,2.154
1749258955,2.24200000,7.60000000,2.154
1749258955,2.24300000,174.90000000,2.154
1749258955,2.24400000,46.70000000,2.154
1749258955,2.24500000,139.70000000,2.154
1749258955,2.24600000,27.10000000,2.154
1749258955,2.24700000,6.70000000,2.154
1749258955,2.24800000,54.90000000,2.154
1749258955,2.25000000,13.90000000,2.154
1749258955,2.25100000,429.40000000,2.154
1749258955,2.25300000,113.20000000,2.154
1749258955,2.25400000,8.00000000,2.154
1749258955,2.25500000,14.50000000,2.154
1749258955,2.25700000,4.70000000,2.154
1749258955,2.25800000,35.60000000,2.154
1749258955,2.25900000,13.50000000,2.154
1749258955,2.26000000,345.20000000,2.154
1749259257,2.15000000,378.30000000,2.149
1749259257,2.15100000,2076.40000000,2.149
1749259257,2.15200000,2299.70000000,2.149
1749259257,2.15300000,1941.50000000,2.149
1749259257,2.15400000,1954.40000000,2.149
1749259257,2.15500000,1076.60000000,2.149
1749259257,2.15600000,2072.40000000,2.149
1749259257,2.15700000,1201.40000000,2.149
1749259257,2.15800000,1994.80000000,2.149
1749259257,2.15900000,1004.70000000,2.149
1749259257,2.16000000,3909.60000000,2.149
1749259257,2.16100000,1012.50000000,2.149
1749259257,2.16200000,1478.20000000,2.149
1749259257,2.16300000,1122.00000000,2.149
1749259257,2.16400000,1701.80000000,2.149
1749259257,2.16500000,966.40000000,2.149
1749259257,2.16600000,890.80000000,2.149
1749259257,2.16700000,592.20000000,2.149
1749259257,2.16800000,277.00000000,2.149
1749259257,2.16900000,120.20000000,2.149
1749259257,2.17000000,602.60000000,2.149
1749259257,2.17100000,133.90000000,2.149
1749259257,2.17200000,546.20000000,2.149
1749259257,2.17300000,666.10000000,2.149
1749259257,2.17400000,59.60000000,2.149
1749259257,2.17500000,116.00000000,2.149
1749259257,2.17600000,1255.40000000,2.149
1749259257,2.17700000,12.70000000,2.149
1749259257,2.17800000,941.70000000,2.149
1749259257,2.17900000,77.70000000,2.149
1749259257,2.18000000,1031.90000000,2.149
1749259257,2.18100000,480.70000000,2.149
1749259257,2.18200000,277.80000000,2.149
1749259257,2.18300000,2034.70000000,2.149
1749259257,2.18400000,1481.90000000,2.149
1749259257,2.18500000,14.20000000,2.149
1749259257,2.18600000,615.50000000,2.149
1749259257,2.18800000,487.80000000,2.149
1749259257,2.18900000,20.50000000,2.149
1749259257,2.19000000,94.60000000,2.149
1749259257,2.19100000,16.80000000,2.149
1749259257,2.19200000,18.40000000,2.149
1749259257,2.19300000,57.20000000,2.149
1749259257,2.19400000,18.40000000,2.149
1749259257,2.19500000,45.60000000,2.149
1749259257,2.19600000,9.20000000,2.149
1749259257,2.19700000,4.60000000,2.149
1749259257,2.19800000,4.60000000,2.149
1749259257,2.19900000,4.60000000,2.149
1749259257,2.20000000,58.70000000,2.149
1749259257,2.20100000,82.90000000,2.149
1749259257,2.20200000,4.60000000,2.149
1749259257,2.20300000,10.50000000,2.149
1749259257,2.20400000,4.20000000,2.149
1749259257,2.20500000,9.70000000,2.149
1749259257,2.20600000,23.00000000,2.149
1749259257,2.20700000,4.60000000,2.149
1749259257,2.20800000,686.50000000,2.149
1749259257,2.20900000,9.20000000,2.149
1749259257,2.21000000,2398.00000000,2.149
1749259257,2.21100000,42.70000000,2.149
1749259257,2.21200000,4.20000000,2.149
1749259257,2.21300000,14.70000000,2.149
1749259257,2.21500000,24.60000000,2.149
1749259257,2.21600000,1350.00000000,2.149
1749259257,2.21700000,236.30000000,2.149
1749259257,2.21800000,10.40000000,2.149
1749259257,2.21900000,425.40000000,2.149
1749259257,2.22000000,97.50000000,2.149
1749259257,2.22100000,22.30000000,2.149
1749259257,2.22200000,9.50000000,2.149
1749259257,2.22300000,233.10000000,2.149
1749259257,2.22400000,45.20000000,2.149
1749259257,2.22500000,1511.70000000,2.149
1749259257,2.22600000,19.80000000,2.149
1749259257,2.22700000,40.30000000,2.149
1749259257,2.22800000,19.50000000,2.149
1749259257,2.22900000,8.80000000,2.149
1749259257,2.23000000,31.50000000,2.149
1749259257,2.23100000,4.00000000,2.149
1749259257,2.23200000,106.60000000,2.149
1749259257,2.23300000,4.10000000,2.149
1749259257,2.23400000,67.60000000,2.149
1749259257,2.23500000,11.20000000,2.149
1749259257,2.23600000,4.50000000,2.149
1749259257,2.23800000,928.60000000,2.149
1749259257,2.23900000,33.50000000,2.149
1749259257,2.24200000,7.60000000,2.149
1749259257,2.24300000,143.90000000,2.149
1749259257,2.24400000,46.70000000,2.149
1749259257,2.24500000,560.20000000,2.149
1749259257,2.24600000,27.10000000,2.149
1749259257,2.24700000,6.70000000,2.149
1749259257,2.24800000,54.90000000,2.149
1749259257,2.25000000,13.90000000,2.149
1749259257,2.25100000,8.90000000,2.149
1749259257,2.25300000,113.20000000,2.149
1749259257,2.25400000,8.00000000,2.149
1749259257,2.25500000,14.50000000,2.149
1749259257,2.25700000,4.70000000,2.149
