timestamp,price,volume,current_price
1749260723,2.14500000,225.00000000,2.145
1749260723,2.14600000,1816.10000000,2.145
1749260723,2.14700000,1897.30000000,2.145
1749260723,2.14800000,2413.00000000,2.145
1749260723,2.14900000,1448.10000000,2.145
1749260723,2.15000000,1432.20000000,2.145
1749260723,2.15100000,1435.80000000,2.145
1749260723,2.15200000,1483.10000000,2.145
1749260723,2.15300000,3530.00000000,2.145
1749260723,2.15400000,1478.70000000,2.145
1749260723,2.15500000,1019.40000000,2.145
1749260723,2.15600000,1400.10000000,2.145
1749260723,2.15700000,343.20000000,2.145
1749260723,2.15800000,1061.10000000,2.145
1749260723,2.15900000,116.00000000,2.145
1749260723,2.16000000,1264.90000000,2.145
1749260723,2.16100000,123.90000000,2.145
1749260723,2.16200000,660.20000000,2.145
1749260723,2.16300000,162.40000000,2.145
1749260723,2.16400000,588.70000000,2.145
1749260723,2.16500000,3.50000000,2.145
1749260723,2.16600000,171.90000000,2.145
1749260723,2.16700000,588.70000000,2.145
1749260723,2.16800000,65.20000000,2.145
1749260723,2.16900000,786.90000000,2.145
1749260723,2.17000000,602.60000000,2.145
1749260723,2.17100000,21.20000000,2.145
1749260723,2.17200000,695.80000000,2.145
1749260723,2.17300000,505.90000000,2.145
1749260723,2.17400000,11.40000000,2.145
1749260723,2.17500000,1051.60000000,2.145
1749260723,2.17600000,750.40000000,2.145
1749260723,2.17700000,9.20000000,2.145
1749260723,2.17800000,2482.90000000,2.145
1749260723,2.17900000,1074.20000000,2.145
1749260723,2.18000000,4.60000000,2.145
1749260723,2.18100000,477.20000000,2.145
1749260723,2.18200000,4.60000000,2.145
1749260723,2.18300000,32.90000000,2.145
1749260723,2.18400000,497.20000000,2.145
1749260723,2.18500000,14.20000000,2.145
1749260723,2.18600000,490.70000000,2.145
1749260723,2.18800000,487.80000000,2.145
1749260723,2.18900000,4.60000000,2.145
1749260723,2.19000000,79.30000000,2.145
1749260723,2.19100000,16.80000000,2.145
1749260723,2.19200000,18.40000000,2.145
1749260723,2.19300000,57.20000000,2.145
1749260723,2.19400000,18.40000000,2.145
1749260723,2.19500000,45.60000000,2.145
1749260723,2.19600000,676.90000000,2.145
1749260723,2.19700000,4.60000000,2.145
1749260723,2.19800000,4.60000000,2.145
1749260723,2.19900000,4.60000000,2.145
1749260723,2.20000000,58.70000000,2.145
1749260723,2.20100000,82.90000000,2.145
1749260723,2.20200000,4.60000000,2.145
1749260723,2.20300000,10.50000000,2.145
1749260723,2.20400000,4.20000000,2.145
1749260723,2.20500000,236.90000000,2.145
1749260723,2.20600000,23.00000000,2.145
1749260723,2.20700000,4.60000000,2.145
1749260723,2.20800000,247.40000000,2.145
1749260723,2.20900000,9.20000000,2.145
1749260723,2.21000000,2398.00000000,2.145
1749260723,2.21100000,42.70000000,2.145
1749260723,2.21200000,4.20000000,2.145
1749260723,2.21300000,435.60000000,2.145
1749260723,2.21500000,24.60000000,2.145
1749260723,2.21600000,1350.00000000,2.145
1749260723,2.21700000,9.10000000,2.145
1749260723,2.21800000,10.40000000,2.145
1749260723,2.21900000,4.50000000,2.145
1749260723,2.22000000,97.50000000,2.145
1749260723,2.22100000,8.80000000,2.145
1749260723,2.22200000,9.50000000,2.145
1749260723,2.22400000,45.20000000,2.145
1749260723,2.22500000,1511.70000000,2.145
1749260723,2.22600000,121.90000000,2.145
1749260723,2.22700000,40.30000000,2.145
1749260723,2.22800000,50.50000000,2.145
1749260723,2.22900000,8.80000000,2.145
1749260723,2.23000000,31.50000000,2.145
1749260723,2.23100000,4.00000000,2.145
1749260723,2.23200000,4.50000000,2.145
1749260723,2.23300000,4.10000000,2.145
1749260723,2.23400000,67.60000000,2.145
1749260723,2.23500000,11.20000000,2.145
1749260723,2.23600000,4.50000000,2.145
1749260723,2.23800000,924.10000000,2.145
1749260723,2.23900000,423.00000000,2.145
1749260723,2.24200000,7.60000000,2.145
1749260723,2.24300000,143.90000000,2.145
1749260723,2.24400000,46.70000000,2.145
1749260723,2.24500000,139.70000000,2.145
1749260723,2.24600000,27.10000000,2.145
1749260723,2.24700000,6.70000000,2.145
1749260723,2.24800000,54.90000000,2.145
1749260723,2.25000000,127.80000000,2.145
1749260723,2.25100000,8.90000000,2.145
1749261043,2.14400000,257.40000000,2.143
1749261043,2.14500000,2242.80000000,2.143
1749261043,2.14600000,2629.20000000,2.143
1749261043,2.14700000,2262.80000000,2.143
1749261043,2.14800000,1607.00000000,2.143
1749261043,2.14900000,1307.80000000,2.143
1749261043,2.15000000,1524.90000000,2.143
1749261043,2.15100000,1103.40000000,2.143
1749261043,2.15200000,1718.20000000,2.143
1749261043,2.15300000,1143.30000000,2.143
1749261043,2.15400000,1478.70000000,2.143
1749261043,2.15500000,3389.50000000,2.143
1749261043,2.15600000,1478.20000000,2.143
1749261043,2.15700000,1056.10000000,2.143
1749261043,2.15800000,1371.00000000,2.143
1749261043,2.15900000,977.30000000,2.143
1749261043,2.16000000,1310.60000000,2.143
1749261043,2.16100000,360.10000000,2.143
1749261043,2.16200000,1132.60000000,2.143
1749261043,2.16300000,162.40000000,2.143
1749261043,2.16400000,588.70000000,2.143
1749261043,2.16500000,215.30000000,2.143
1749261043,2.16600000,602.10000000,2.143
1749261043,2.16700000,588.70000000,2.143
1749261043,2.16800000,65.20000000,2.143
1749261043,2.16900000,674.40000000,2.143
1749261043,2.17000000,490.10000000,2.143
1749261043,2.17100000,3.50000000,2.143
1749261043,2.17200000,3.50000000,2.143
1749261043,2.17300000,505.90000000,2.143
1749261043,2.17400000,11.40000000,2.143
1749261043,2.17500000,1051.60000000,2.143
1749261043,2.17600000,750.40000000,2.143
1749261043,2.17700000,26.90000000,2.143
1749261043,2.17800000,2938.20000000,2.143
1749261043,2.17900000,1201.10000000,2.143
1749261043,2.18000000,4.60000000,2.143
1749261043,2.18100000,477.20000000,2.143
1749261043,2.18200000,4.60000000,2.143
1749261043,2.18300000,32.90000000,2.143
1749261043,2.18400000,497.20000000,2.143
1749261043,2.18500000,14.20000000,2.143
1749261043,2.18600000,490.70000000,2.143
1749261043,2.18800000,487.80000000,2.143
1749261043,2.18900000,4.60000000,2.143
1749261043,2.19000000,79.30000000,2.143
1749261043,2.19100000,16.80000000,2.143
1749261043,2.19200000,18.40000000,2.143
1749261043,2.19300000,57.20000000,2.143
1749261043,2.19400000,18.40000000,2.143
1749261043,2.19500000,45.60000000,2.143
1749261043,2.19600000,9.20000000,2.143
1749261043,2.19700000,4.60000000,2.143
1749261043,2.19800000,4.60000000,2.143
1749261043,2.19900000,4.60000000,2.143
1749261043,2.20000000,58.70000000,2.143
1749261043,2.20100000,82.90000000,2.143
1749261043,2.20200000,672.30000000,2.143
1749261043,2.20300000,10.50000000,2.143
1749261043,2.20400000,4.20000000,2.143
1749261043,2.20500000,9.70000000,2.143
1749261043,2.20600000,23.00000000,2.143
1749261043,2.20700000,4.60000000,2.143
1749261043,2.20800000,247.40000000,2.143
1749261043,2.20900000,9.20000000,2.143
1749261043,2.21000000,2398.00000000,2.143
1749261043,2.21100000,269.90000000,2.143
1749261043,2.21200000,4.20000000,2.143
1749261043,2.21300000,14.70000000,2.143
1749261043,2.21500000,38.20000000,2.143
1749261043,2.21600000,1350.00000000,2.143
1749261043,2.21700000,9.10000000,2.143
1749261043,2.21800000,10.40000000,2.143
1749261043,2.21900000,425.40000000,2.143
1749261043,2.22000000,97.50000000,2.143
1749261043,2.22100000,8.80000000,2.143
1749261043,2.22200000,9.50000000,2.143
1749261043,2.22400000,45.20000000,2.143
1749261043,2.22500000,1511.70000000,2.143
1749261043,2.22600000,121.90000000,2.143
1749261043,2.22700000,40.30000000,2.143
1749261043,2.22800000,19.50000000,2.143
1749261043,2.22900000,8.80000000,2.143
1749261043,2.23000000,62.50000000,2.143
1749261043,2.23100000,4.00000000,2.143
1749261043,2.23200000,4.50000000,2.143
1749261043,2.23300000,4.10000000,2.143
1749261043,2.23400000,67.60000000,2.143
1749261043,2.23500000,11.20000000,2.143
1749261043,2.23600000,4.50000000,2.143
1749261043,2.23800000,924.10000000,2.143
1749261043,2.23900000,2.50000000,2.143
1749261043,2.24200000,7.60000000,2.143
1749261043,2.24300000,143.90000000,2.143
1749261043,2.24400000,46.70000000,2.143
1749261043,2.24500000,560.20000000,2.143
1749261043,2.24600000,27.10000000,2.143
1749261043,2.24700000,6.70000000,2.143
1749261043,2.24800000,54.90000000,2.143
1749261043,2.25000000,13.90000000,2.143
1749261348,2.14500000,225.00000000,2.142
1749261348,2.14600000,2239.90000000,2.142
1749261348,2.14700000,2390.10000000,2.142
1749261348,2.14800000,2354.00000000,2.142
1749261348,2.14900000,1696.80000000,2.142
1749261348,2.15000000,1593.90000000,2.142
1749261348,2.15100000,1130.60000000,2.142
1749261348,2.15200000,4289.40000000,2.142
1749261348,2.15300000,1006.20000000,2.142
1749261348,2.15400000,1529.40000000,2.142
1749261348,2.15500000,1006.00000000,2.142
1749261348,2.15600000,1490.70000000,2.142
1749261348,2.15700000,1005.90000000,2.142
1749261348,2.15800000,1772.60000000,2.142
1749261348,2.15900000,966.40000000,2.142
1749261348,2.16000000,1086.60000000,2.142
1749261348,2.16100000,360.10000000,2.142
1749261348,2.16200000,1132.60000000,2.142
1749261348,2.16300000,162.40000000,2.142
1749261348,2.16400000,588.70000000,2.142
1749261348,2.16500000,215.30000000,2.142
1749261348,2.16600000,602.10000000,2.142
1749261348,2.16700000,588.70000000,2.142
1749261348,2.16800000,65.20000000,2.142
1749261348,2.16900000,786.90000000,2.142
1749261348,2.17000000,490.10000000,2.142
1749261348,2.17100000,3.50000000,2.142
1749261348,2.17200000,458.80000000,2.142
1749261348,2.17300000,505.90000000,2.142
1749261348,2.17400000,11.40000000,2.142
1749261348,2.17500000,1003.50000000,2.142
1749261348,2.17600000,797.30000000,2.142
1749261348,2.17700000,26.90000000,2.142
1749261348,2.17800000,2482.90000000,2.142
1749261348,2.17900000,1201.10000000,2.142
1749261348,2.18000000,4.60000000,2.142
1749261348,2.18100000,477.20000000,2.142
1749261348,2.18200000,4.60000000,2.142
1749261348,2.18300000,32.90000000,2.142
1749261348,2.18400000,497.20000000,2.142
1749261348,2.18500000,14.20000000,2.142
1749261348,2.18600000,490.70000000,2.142
1749261348,2.18800000,487.80000000,2.142
1749261348,2.18900000,4.60000000,2.142
1749261348,2.19000000,79.30000000,2.142
1749261348,2.19100000,16.80000000,2.142
1749261348,2.19200000,18.40000000,2.142
1749261348,2.19300000,57.20000000,2.142
1749261348,2.19400000,18.40000000,2.142
1749261348,2.19500000,45.60000000,2.142
1749261348,2.19600000,9.20000000,2.142
1749261348,2.19700000,4.60000000,2.142
1749261348,2.19800000,4.60000000,2.142
1749261348,2.19900000,4.60000000,2.142
1749261348,2.20000000,58.70000000,2.142
1749261348,2.20100000,82.90000000,2.142
1749261348,2.20200000,672.30000000,2.142
1749261348,2.20300000,10.50000000,2.142
1749261348,2.20400000,4.20000000,2.142
1749261348,2.20500000,9.70000000,2.142
1749261348,2.20600000,23.00000000,2.142
1749261348,2.20700000,4.60000000,2.142
1749261348,2.20800000,247.40000000,2.142
1749261348,2.20900000,9.20000000,2.142
1749261348,2.21000000,2398.00000000,2.142
1749261348,2.21100000,269.90000000,2.142
1749261348,2.21200000,4.20000000,2.142
1749261348,2.21300000,435.60000000,2.142
1749261348,2.21500000,38.20000000,2.142
1749261348,2.21600000,1350.00000000,2.142
1749261348,2.21700000,9.10000000,2.142
1749261348,2.21800000,10.40000000,2.142
1749261348,2.21900000,4.50000000,2.142
1749261348,2.22000000,97.50000000,2.142
1749261348,2.22100000,8.80000000,2.142
1749261348,2.22200000,9.50000000,2.142
1749261348,2.22400000,45.20000000,2.142
1749261348,2.22500000,1511.70000000,2.142
1749261348,2.22600000,121.90000000,2.142
1749261348,2.22700000,40.30000000,2.142
1749261348,2.22800000,19.50000000,2.142
1749261348,2.22900000,8.80000000,2.142
1749261348,2.23000000,62.50000000,2.142
1749261348,2.23100000,4.00000000,2.142
1749261348,2.23200000,4.50000000,2.142
1749261348,2.23300000,4.10000000,2.142
1749261348,2.23400000,67.60000000,2.142
1749261348,2.23500000,11.20000000,2.142
1749261348,2.23600000,4.50000000,2.142
1749261348,2.23800000,924.10000000,2.142
1749261348,2.23900000,423.00000000,2.142
1749261348,2.24200000,7.60000000,2.142
1749261348,2.24300000,143.90000000,2.142
1749261348,2.24400000,46.70000000,2.142
1749261348,2.24500000,139.70000000,2.142
1749261348,2.24600000,27.10000000,2.142
1749261348,2.24700000,6.70000000,2.142
1749261348,2.24800000,54.90000000,2.142
1749261348,2.25000000,13.90000000,2.142
1749261348,2.25100000,8.90000000,2.142
1749261650,2.14500000,225.00000000,2.144
1749261650,2.14600000,1761.40000000,2.144
1749261650,2.14700000,1621.30000000,2.144
1749261650,2.14800000,2335.30000000,2.144
1749261650,2.14900000,2285.90000000,2.144
1749261650,2.15000000,2234.20000000,2.144
1749261650,2.15100000,1508.30000000,2.144
1749261650,2.15200000,1681.00000000,2.144
1749261650,2.15300000,3391.80000000,2.144
1749261650,2.15400000,1478.70000000,2.144
1749261650,2.15500000,1006.00000000,2.144
1749261650,2.15600000,1478.20000000,2.144
1749261650,2.15700000,1056.70000000,2.144
1749261650,2.15800000,1782.80000000,2.144
1749261650,2.15900000,1144.00000000,2.144
1749261650,2.16000000,1086.60000000,2.144
1749261650,2.16100000,360.10000000,2.144
1749261650,2.16200000,1132.60000000,2.144
1749261650,2.16300000,162.40000000,2.144
1749261650,2.16400000,588.70000000,2.144
1749261650,2.16500000,215.30000000,2.144
1749261650,2.16600000,602.10000000,2.144
1749261650,2.16700000,476.20000000,2.144
1749261650,2.16800000,65.20000000,2.144
1749261650,2.16900000,7.70000000,2.144
1749261650,2.17000000,490.10000000,2.144
1749261650,2.17100000,3.50000000,2.144
1749261650,2.17200000,1125.50000000,2.144
1749261650,2.17300000,482.10000000,2.144
1749261650,2.17400000,11.40000000,2.144
1749261650,2.17500000,3.50000000,2.144
1749261650,2.17600000,750.40000000,2.144
1749261650,2.17700000,26.90000000,2.144
1749261650,2.17800000,1482.90000000,2.144
1749261650,2.17900000,224.90000000,2.144
1749261650,2.18000000,4.60000000,2.144
1749261650,2.18100000,3477.20000000,2.144
1749261650,2.18200000,51.40000000,2.144
1749261650,2.18300000,17.00000000,2.144
1749261650,2.18400000,481.90000000,2.144
1749261650,2.18500000,14.20000000,2.144
1749261650,2.18600000,490.70000000,2.144
1749261650,2.18800000,487.80000000,2.144
1749261650,2.18900000,20.50000000,2.144
1749261650,2.19000000,94.60000000,2.144
1749261650,2.19100000,16.80000000,2.144
1749261650,2.19200000,18.40000000,2.144
1749261650,2.19300000,57.20000000,2.144
1749261650,2.19400000,18.40000000,2.144
1749261650,2.19500000,45.60000000,2.144
1749261650,2.19600000,9.20000000,2.144
1749261650,2.19700000,4.60000000,2.144
1749261650,2.19800000,4.60000000,2.144
1749261650,2.19900000,4.60000000,2.144
1749261650,2.20000000,58.70000000,2.144
1749261650,2.20100000,82.90000000,2.144
1749261650,2.20200000,672.30000000,2.144
1749261650,2.20300000,10.50000000,2.144
1749261650,2.20400000,4.20000000,2.144
1749261650,2.20500000,9.70000000,2.144
1749261650,2.20600000,23.00000000,2.144
1749261650,2.20700000,4.60000000,2.144
1749261650,2.20800000,247.40000000,2.144
1749261650,2.20900000,9.20000000,2.144
1749261650,2.21000000,2398.00000000,2.144
1749261650,2.21100000,269.90000000,2.144
1749261650,2.21200000,4.20000000,2.144
1749261650,2.21300000,435.60000000,2.144
1749261650,2.21500000,38.20000000,2.144
1749261650,2.21600000,1350.00000000,2.144
1749261650,2.21700000,9.10000000,2.144
1749261650,2.21800000,10.40000000,2.144
1749261650,2.21900000,4.50000000,2.144
1749261650,2.22000000,97.50000000,2.144
1749261650,2.22100000,8.80000000,2.144
1749261650,2.22200000,9.50000000,2.144
1749261650,2.22400000,45.20000000,2.144
1749261650,2.22500000,1511.70000000,2.144
1749261650,2.22600000,121.90000000,2.144
1749261650,2.22700000,40.30000000,2.144
1749261650,2.22800000,19.50000000,2.144
1749261650,2.22900000,8.80000000,2.144
1749261650,2.23000000,31.50000000,2.144
1749261650,2.23100000,35.00000000,2.144
1749261650,2.23200000,4.50000000,2.144
1749261650,2.23300000,4.10000000,2.144
1749261650,2.23400000,67.60000000,2.144
1749261650,2.23500000,11.20000000,2.144
1749261650,2.23600000,4.50000000,2.144
1749261650,2.23800000,924.10000000,2.144
1749261650,2.23900000,423.00000000,2.144
1749261650,2.24200000,7.60000000,2.144
1749261650,2.24300000,143.90000000,2.144
1749261650,2.24400000,46.70000000,2.144
1749261650,2.24500000,139.70000000,2.144
1749261650,2.24600000,27.10000000,2.144
1749261650,2.24700000,6.70000000,2.144
1749261650,2.24800000,54.90000000,2.144
1749261650,2.25000000,13.90000000,2.144
1749261650,2.25100000,8.90000000,2.144
1749261957,2.13600000,211.00000000,2.136
1749261957,2.13700000,2461.10000000,2.136
1749261957,2.13800000,1794.80000000,2.136
1749261957,2.13900000,2222.40000000,2.136
1749261957,2.14000000,1474.10000000,2.136
1749261957,2.14100000,2344.30000000,2.136
1749261957,2.14200000,1006.20000000,2.136
1749261957,2.14300000,1661.10000000,2.136
1749261957,2.14400000,771.40000000,2.136
1749261957,2.14500000,1152.70000000,2.136
1749261957,2.14600000,6247.00000000,2.136
1749261957,2.14700000,3770.50000000,2.136
1749261957,2.14800000,1475.40000000,2.136
1749261957,2.14900000,828.10000000,2.136
1749261957,2.15000000,1351.70000000,2.136
1749261957,2.15100000,898.30000000,2.136
1749261957,2.15200000,1319.20000000,2.136
1749261957,2.15300000,927.40000000,2.136
1749261957,2.15400000,1524.80000000,2.136
1749261957,2.15500000,828.10000000,2.136
1749261957,2.15600000,1297.30000000,2.136
1749261957,2.15700000,116.00000000,2.136
1749261957,2.15800000,588.70000000,2.136
1749261957,2.15900000,116.00000000,2.136
1749261957,2.16000000,1040.90000000,2.136
1749261957,2.16100000,790.60000000,2.136
1749261957,2.16200000,660.20000000,2.136
1749261957,2.16300000,49.90000000,2.136
1749261957,2.16400000,588.70000000,2.136
1749261957,2.16500000,21.20000000,2.136
1749261957,2.16600000,538.50000000,2.136
1749261957,2.16700000,476.20000000,2.136
1749261957,2.16800000,65.20000000,2.136
1749261957,2.16900000,1277.40000000,2.136
1749261957,2.17000000,2490.10000000,2.136
1749261957,2.17100000,3.50000000,2.136
1749261957,2.17200000,127.40000000,2.136
1749261957,2.17300000,1482.10000000,2.136
1749261957,2.17400000,11.40000000,2.136
1749261957,2.17500000,3.50000000,2.136
1749261957,2.17600000,493.10000000,2.136
1749261957,2.17700000,72.00000000,2.136
1749261957,2.17800000,482.90000000,2.136
1749261957,2.17900000,74.20000000,2.136
1749261957,2.18000000,4.60000000,2.136
1749261957,2.18100000,477.20000000,2.136
1749261957,2.18200000,4.60000000,2.136
1749261957,2.18300000,17.00000000,2.136
1749261957,2.18400000,481.90000000,2.136
1749261957,2.18500000,14.20000000,2.136
1749261957,2.18600000,490.70000000,2.136
1749261957,2.18800000,487.80000000,2.136
1749261957,2.18900000,4.60000000,2.136
1749261957,2.19000000,79.30000000,2.136
1749261957,2.19100000,16.80000000,2.136
1749261957,2.19200000,18.40000000,2.136
1749261957,2.19300000,57.20000000,2.136
1749261957,2.19400000,18.40000000,2.136
1749261957,2.19500000,45.60000000,2.136
1749261957,2.19600000,676.90000000,2.136
1749261957,2.19700000,4.60000000,2.136
1749261957,2.19800000,4.60000000,2.136
1749261957,2.19900000,231.80000000,2.136
1749261957,2.20000000,58.70000000,2.136
1749261957,2.20100000,82.90000000,2.136
1749261957,2.20200000,4.60000000,2.136
1749261957,2.20300000,10.50000000,2.136
1749261957,2.20400000,4.20000000,2.136
1749261957,2.20500000,9.70000000,2.136
1749261957,2.20600000,23.00000000,2.136
1749261957,2.20700000,425.50000000,2.136
1749261957,2.20800000,247.40000000,2.136
1749261957,2.20900000,9.20000000,2.136
1749261957,2.21000000,2398.00000000,2.136
1749261957,2.21100000,42.70000000,2.136
1749261957,2.21200000,4.20000000,2.136
1749261957,2.21300000,14.70000000,2.136
1749261957,2.21500000,38.20000000,2.136
1749261957,2.21600000,1350.00000000,2.136
1749261957,2.21700000,9.10000000,2.136
1749261957,2.21800000,10.40000000,2.136
1749261957,2.21900000,106.60000000,2.136
1749261957,2.22000000,97.50000000,2.136
1749261957,2.22100000,8.80000000,2.136
1749261957,2.22200000,9.50000000,2.136
1749261957,2.22400000,45.20000000,2.136
1749261957,2.22500000,1511.70000000,2.136
1749261957,2.22600000,19.80000000,2.136
1749261957,2.22700000,71.30000000,2.136
1749261957,2.22800000,19.50000000,2.136
1749261957,2.22900000,8.80000000,2.136
1749261957,2.23000000,31.50000000,2.136
1749261957,2.23100000,4.00000000,2.136
1749261957,2.23200000,4.50000000,2.136
1749261957,2.23300000,424.60000000,2.136
1749261957,2.23400000,67.60000000,2.136
1749261957,2.23500000,11.20000000,2.136
1749261957,2.23600000,4.50000000,2.136
1749261957,2.23800000,924.10000000,2.136
1749261957,2.23900000,2.50000000,2.136
1749262259,2.14400000,253.80000000,2.143
1749262259,2.14500000,2307.30000000,2.143
1749262259,2.14600000,2826.10000000,2.143
1749262259,2.14700000,1675.70000000,2.143
1749262259,2.14800000,1783.30000000,2.143
1749262259,2.14900000,1241.50000000,2.143
1749262259,2.15000000,4093.10000000,2.143
1749262259,2.15100000,1076.50000000,2.143
1749262259,2.15200000,1483.00000000,2.143
1749262259,2.15300000,1194.30000000,2.143
1749262259,2.15400000,1492.80000000,2.143
1749262259,2.15500000,1006.00000000,2.143
1749262259,2.15600000,1521.30000000,2.143
1749262259,2.15700000,293.80000000,2.143
1749262259,2.15800000,588.70000000,2.143
1749262259,2.15900000,116.00000000,2.143
1749262259,2.16000000,1040.90000000,2.143
1749262259,2.16100000,123.90000000,2.143
1749262259,2.16200000,660.20000000,2.143
1749262259,2.16300000,149.20000000,2.143
1749262259,2.16400000,588.70000000,2.143
1749262259,2.16500000,3.50000000,2.143
1749262259,2.16600000,627.20000000,2.143
1749262259,2.16700000,1255.40000000,2.143
1749262259,2.16800000,177.70000000,2.143
1749262259,2.16900000,120.20000000,2.143
1749262259,2.17000000,602.60000000,2.143
1749262259,2.17100000,21.20000000,2.143
1749262259,2.17200000,1263.70000000,2.143
1749262259,2.17300000,482.10000000,2.143
1749262259,2.17400000,11.40000000,2.143
1749262259,2.17500000,273.20000000,2.143
1749262259,2.17600000,3477.20000000,2.143
1749262259,2.17700000,56.70000000,2.143
1749262259,2.17800000,482.90000000,2.143
1749262259,2.17900000,74.20000000,2.143
1749262259,2.18000000,4.60000000,2.143
1749262259,2.18100000,477.20000000,2.143
1749262259,2.18200000,20.50000000,2.143
1749262259,2.18300000,32.30000000,2.143
1749262259,2.18400000,481.90000000,2.143
1749262259,2.18500000,14.20000000,2.143
1749262259,2.18600000,490.70000000,2.143
1749262259,2.18800000,487.80000000,2.143
1749262259,2.18900000,4.60000000,2.143
1749262259,2.19000000,79.30000000,2.143
1749262259,2.19100000,16.80000000,2.143
1749262259,2.19200000,18.40000000,2.143
1749262259,2.19300000,57.20000000,2.143
1749262259,2.19400000,18.40000000,2.143
1749262259,2.19500000,45.60000000,2.143
1749262259,2.19600000,676.90000000,2.143
1749262259,2.19700000,4.60000000,2.143
1749262259,2.19800000,4.60000000,2.143
1749262259,2.19900000,4.60000000,2.143
1749262259,2.20000000,58.70000000,2.143
1749262259,2.20100000,82.90000000,2.143
1749262259,2.20200000,4.60000000,2.143
1749262259,2.20300000,10.50000000,2.143
1749262259,2.20400000,4.20000000,2.143
1749262259,2.20500000,236.90000000,2.143
1749262259,2.20600000,23.00000000,2.143
1749262259,2.20700000,4.60000000,2.143
1749262259,2.20800000,247.40000000,2.143
1749262259,2.20900000,9.20000000,2.143
1749262259,2.21000000,2398.00000000,2.143
1749262259,2.21100000,56.30000000,2.143
1749262259,2.21200000,4.20000000,2.143
1749262259,2.21300000,435.60000000,2.143
1749262259,2.21500000,24.60000000,2.143
1749262259,2.21600000,1350.00000000,2.143
1749262259,2.21700000,9.10000000,2.143
1749262259,2.21800000,10.40000000,2.143
1749262259,2.21900000,4.50000000,2.143
1749262259,2.22000000,97.50000000,2.143
1749262259,2.22100000,8.80000000,2.143
1749262259,2.22200000,9.50000000,2.143
1749262259,2.22400000,45.20000000,2.143
1749262259,2.22500000,1613.80000000,2.143
1749262259,2.22600000,19.80000000,2.143
1749262259,2.22700000,40.30000000,2.143
1749262259,2.22800000,50.50000000,2.143
1749262259,2.22900000,8.80000000,2.143
1749262259,2.23000000,31.50000000,2.143
1749262259,2.23100000,4.00000000,2.143
1749262259,2.23200000,4.50000000,2.143
1749262259,2.23300000,4.10000000,2.143
1749262259,2.23400000,67.60000000,2.143
1749262259,2.23500000,11.20000000,2.143
1749262259,2.23600000,4.50000000,2.143
1749262259,2.23800000,924.10000000,2.143
1749262259,2.23900000,423.00000000,2.143
1749262259,2.24200000,7.60000000,2.143
1749262259,2.24300000,143.90000000,2.143
1749262259,2.24400000,46.70000000,2.143
1749262259,2.24500000,139.70000000,2.143
1749262259,2.24600000,27.10000000,2.143
1749262259,2.24700000,6.70000000,2.143
1749262259,2.24800000,54.90000000,2.143
1749262259,2.25000000,127.80000000,2.143
1749262561,2.14600000,225.00000000,2.145
1749262561,2.14700000,2165.70000000,2.145
1749262561,2.14800000,2320.70000000,2.145
1749262561,2.14900000,1969.80000000,2.145
1749262561,2.15000000,2296.20000000,2.145
1749262561,2.15100000,1158.60000000,2.145
1749262561,2.15200000,1510.20000000,2.145
1749262561,2.15300000,1241.20000000,2.145
1749262561,2.15400000,1478.60000000,2.145
1749262561,2.15500000,3389.60000000,2.145
1749262561,2.15600000,1529.20000000,2.145
1749262561,2.15700000,1005.70000000,2.145
1749262561,2.15800000,1560.20000000,2.145
1749262561,2.15900000,966.40000000,2.145
1749262561,2.16000000,1973.50000000,2.145
1749262561,2.16100000,123.90000000,2.145
1749262561,2.16200000,660.20000000,2.145
1749262561,2.16300000,261.70000000,2.145
1749262561,2.16400000,588.70000000,2.145
1749262561,2.16500000,3.50000000,2.145
1749262561,2.16600000,171.90000000,2.145
1749262561,2.16700000,588.70000000,2.145
1749262561,2.16800000,177.70000000,2.145
1749262561,2.16900000,120.20000000,2.145
1749262561,2.17000000,1269.30000000,2.145
1749262561,2.17100000,3.50000000,2.145
1749262561,2.17200000,571.30000000,2.145
1749262561,2.17300000,594.60000000,2.145
1749262561,2.17400000,11.40000000,2.145
1749262561,2.17500000,1116.00000000,2.145
1749262561,2.17600000,477.20000000,2.145
1749262561,2.17700000,26.90000000,2.145
1749262561,2.17800000,482.90000000,2.145
1749262561,2.17900000,3223.50000000,2.145
1749262561,2.18000000,4.60000000,2.145
1749262561,2.18100000,746.90000000,2.145
1749262561,2.18200000,52.00000000,2.145
1749262561,2.18300000,17.00000000,2.145
1749262561,2.18400000,481.90000000,2.145
1749262561,2.18500000,14.20000000,2.145
1749262561,2.18600000,490.70000000,2.145
1749262561,2.18800000,503.70000000,2.145
1749262561,2.18900000,19.90000000,2.145
1749262561,2.19000000,79.30000000,2.145
1749262561,2.19100000,16.80000000,2.145
1749262561,2.19200000,18.40000000,2.145
1749262561,2.19300000,57.20000000,2.145
1749262561,2.19400000,18.40000000,2.145
1749262561,2.19500000,45.60000000,2.145
1749262561,2.19600000,9.20000000,2.145
1749262561,2.19700000,4.60000000,2.145
1749262561,2.19800000,4.60000000,2.145
1749262561,2.19900000,4.60000000,2.145
1749262561,2.20000000,58.70000000,2.145
1749262561,2.20100000,82.90000000,2.145
1749262561,2.20200000,672.30000000,2.145
1749262561,2.20300000,10.50000000,2.145
1749262561,2.20400000,4.20000000,2.145
1749262561,2.20500000,9.70000000,2.145
1749262561,2.20600000,23.00000000,2.145
1749262561,2.20700000,4.60000000,2.145
1749262561,2.20800000,247.40000000,2.145
1749262561,2.20900000,9.20000000,2.145
1749262561,2.21000000,2398.00000000,2.145
1749262561,2.21100000,269.90000000,2.145
1749262561,2.21200000,4.20000000,2.145
1749262561,2.21300000,435.60000000,2.145
1749262561,2.21500000,24.60000000,2.145
1749262561,2.21600000,1363.60000000,2.145
1749262561,2.21700000,9.10000000,2.145
1749262561,2.21800000,10.40000000,2.145
1749262561,2.21900000,4.50000000,2.145
1749262561,2.22000000,97.50000000,2.145
1749262561,2.22100000,8.80000000,2.145
1749262561,2.22200000,9.50000000,2.145
1749262561,2.22400000,45.20000000,2.145
1749262561,2.22500000,1613.80000000,2.145
1749262561,2.22600000,19.80000000,2.145
1749262561,2.22700000,40.30000000,2.145
1749262561,2.22800000,19.50000000,2.145
1749262561,2.22900000,8.80000000,2.145
1749262561,2.23000000,31.50000000,2.145
1749262561,2.23100000,4.00000000,2.145
1749262561,2.23200000,4.50000000,2.145
1749262561,2.23300000,35.10000000,2.145
1749262561,2.23400000,67.60000000,2.145
1749262561,2.23500000,11.20000000,2.145
1749262561,2.23600000,4.50000000,2.145
1749262561,2.23800000,924.10000000,2.145
1749262561,2.23900000,423.00000000,2.145
1749262561,2.24200000,7.60000000,2.145
1749262561,2.24300000,143.90000000,2.145
1749262561,2.24400000,46.70000000,2.145
1749262561,2.24500000,139.70000000,2.145
1749262561,2.24600000,27.10000000,2.145
1749262561,2.24700000,6.70000000,2.145
1749262561,2.24800000,54.90000000,2.145
1749262561,2.25000000,13.90000000,2.145
1749262561,2.25100000,13.40000000,2.145
1749262561,2.25300000,113.20000000,2.145
1749262869,2.14500000,225.00000000,2.145
1749262869,2.14600000,2350.00000000,2.145
1749262869,2.14700000,2294.70000000,2.145
1749262869,2.14800000,2359.90000000,2.145
1749262869,2.14900000,1385.50000000,2.145
1749262869,2.15000000,1704.80000000,2.145
1749262869,2.15100000,1268.60000000,2.145
1749262869,2.15200000,1483.00000000,2.145
1749262869,2.15300000,1143.70000000,2.145
1749262869,2.15400000,3863.20000000,2.145
1749262869,2.15500000,1006.00000000,2.145
1749262869,2.15600000,1528.30000000,2.145
1749262869,2.15700000,839.00000000,2.145
1749262869,2.15800000,1371.00000000,2.145
1749262869,2.15900000,1190.40000000,2.145
1749262869,2.16000000,1322.80000000,2.145
1749262869,2.16100000,123.90000000,2.145
1749262869,2.16200000,660.20000000,2.145
1749262869,2.16300000,261.70000000,2.145
1749262869,2.16400000,588.70000000,2.145
1749262869,2.16500000,3.50000000,2.145
1749262869,2.16600000,602.10000000,2.145
1749262869,2.16700000,588.70000000,2.145
1749262869,2.16800000,177.70000000,2.145
1749262869,2.16900000,120.20000000,2.145
1749262869,2.17000000,1269.30000000,2.145
1749262869,2.17100000,3.50000000,2.145
1749262869,2.17200000,571.30000000,2.145
1749262869,2.17300000,594.60000000,2.145
1749262869,2.17400000,11.40000000,2.145
1749262869,2.17500000,1003.50000000,2.145
1749262869,2.17600000,477.20000000,2.145
1749262869,2.17700000,26.90000000,2.145
1749262869,2.17800000,482.90000000,2.145
1749262869,2.17900000,3223.50000000,2.145
1749262869,2.18000000,4.60000000,2.145
1749262869,2.18100000,746.90000000,2.145
1749262869,2.18200000,4.60000000,2.145
1749262869,2.18300000,17.00000000,2.145
1749262869,2.18400000,481.90000000,2.145
1749262869,2.18500000,14.20000000,2.145
1749262869,2.18600000,538.10000000,2.145
1749262869,2.18800000,503.70000000,2.145
1749262869,2.18900000,19.90000000,2.145
1749262869,2.19000000,79.30000000,2.145
1749262869,2.19100000,16.80000000,2.145
1749262869,2.19200000,18.40000000,2.145
1749262869,2.19300000,57.20000000,2.145
1749262869,2.19400000,18.40000000,2.145
1749262869,2.19500000,45.60000000,2.145
1749262869,2.19600000,9.20000000,2.145
1749262869,2.19700000,4.60000000,2.145
1749262869,2.19800000,4.60000000,2.145
1749262869,2.19900000,4.60000000,2.145
1749262869,2.20000000,58.70000000,2.145
1749262869,2.20100000,82.90000000,2.145
1749262869,2.20200000,672.30000000,2.145
1749262869,2.20300000,10.50000000,2.145
1749262869,2.20400000,4.20000000,2.145
1749262869,2.20500000,9.70000000,2.145
1749262869,2.20600000,23.00000000,2.145
1749262869,2.20700000,4.60000000,2.145
1749262869,2.20800000,247.40000000,2.145
1749262869,2.20900000,9.20000000,2.145
1749262869,2.21000000,2398.00000000,2.145
1749262869,2.21100000,269.90000000,2.145
1749262869,2.21200000,4.20000000,2.145
1749262869,2.21300000,14.70000000,2.145
1749262869,2.21500000,24.60000000,2.145
1749262869,2.21600000,1363.60000000,2.145
1749262869,2.21700000,9.10000000,2.145
1749262869,2.21800000,10.40000000,2.145
1749262869,2.21900000,425.40000000,2.145
1749262869,2.22000000,97.50000000,2.145
1749262869,2.22100000,8.80000000,2.145
1749262869,2.22200000,9.50000000,2.145
1749262869,2.22400000,45.20000000,2.145
1749262869,2.22500000,1511.70000000,2.145
1749262869,2.22600000,19.80000000,2.145
1749262869,2.22700000,40.30000000,2.145
1749262869,2.22800000,19.50000000,2.145
1749262869,2.22900000,8.80000000,2.145
1749262869,2.23000000,31.50000000,2.145
1749262869,2.23100000,137.10000000,2.145
1749262869,2.23200000,4.50000000,2.145
1749262869,2.23300000,4.10000000,2.145
1749262869,2.23400000,67.60000000,2.145
1749262869,2.23500000,11.20000000,2.145
1749262869,2.23600000,4.50000000,2.145
1749262869,2.23800000,924.10000000,2.145
1749262869,2.23900000,2.50000000,2.145
1749262869,2.24200000,7.60000000,2.145
1749262869,2.24300000,143.90000000,2.145
1749262869,2.24400000,46.70000000,2.145
1749262869,2.24500000,560.20000000,2.145
1749262869,2.24600000,27.10000000,2.145
1749262869,2.24700000,6.70000000,2.145
1749262869,2.24800000,54.90000000,2.145
1749262869,2.25000000,13.90000000,2.145
1749262869,2.25100000,13.40000000,2.145
1749263171,2.15600000,112.50000000,2.157
1749263171,2.15700000,1594.70000000,2.157
1749263171,2.15800000,2324.50000000,2.157
1749263171,2.15900000,2064.20000000,2.157
1749263171,2.16000000,2212.00000000,2.157
1749263171,2.16100000,1280.50000000,2.157
1749263171,2.16200000,1477.90000000,2.157
1749263171,2.16300000,1078.90000000,2.157
1749263171,2.16400000,1477.40000000,2.157
1749263171,2.16500000,1005.10000000,2.157
1749263171,2.16600000,3863.30000000,2.157
1749263171,2.16700000,1527.70000000,2.157
1749263171,2.16800000,889.80000000,2.157
1749263171,2.16900000,120.20000000,2.157
1749263171,2.17000000,1743.70000000,2.157
1749263171,2.17100000,3.50000000,2.157
1749263171,2.17200000,742.10000000,2.157
1749263171,2.17300000,594.60000000,2.157
1749263171,2.17400000,11.40000000,2.157
1749263171,2.17500000,116.00000000,2.157
1749263171,2.17600000,593.20000000,2.157
1749263171,2.17700000,12.70000000,2.157
1749263171,2.17800000,598.90000000,2.157
1749263171,2.17900000,74.20000000,2.157
1749263171,2.18000000,22.40000000,2.157
1749263171,2.18100000,477.20000000,2.157
1749263171,2.18200000,671.30000000,2.157
1749263171,2.18300000,17.00000000,2.157
1749263171,2.18400000,481.90000000,2.157
1749263171,2.18500000,38.00000000,2.157
1749263171,2.18600000,635.00000000,2.157
1749263171,2.18700000,1269.70000000,2.157
1749263171,2.18800000,487.80000000,2.157
1749263171,2.18900000,51.90000000,2.157
1749263171,2.19000000,79.30000000,2.157
1749263171,2.19100000,3016.80000000,2.157
1749263171,2.19200000,18.40000000,2.157
1749263171,2.19300000,57.20000000,2.157
1749263171,2.19400000,18.40000000,2.157
1749263171,2.19500000,61.50000000,2.157
1749263171,2.19600000,24.50000000,2.157
1749263171,2.19700000,4.60000000,2.157
1749263171,2.19800000,4.60000000,2.157
1749263171,2.19900000,4.60000000,2.157
1749263171,2.20000000,58.70000000,2.157
1749263171,2.20100000,82.90000000,2.157
1749263171,2.20200000,4.60000000,2.157
1749263171,2.20300000,10.50000000,2.157
1749263171,2.20400000,4.20000000,2.157
1749263171,2.20500000,9.70000000,2.157
1749263171,2.20600000,23.00000000,2.157
1749263171,2.20700000,4.60000000,2.157
1749263171,2.20800000,18.80000000,2.157
1749263171,2.20900000,676.90000000,2.157
1749263171,2.21000000,2398.00000000,2.157
1749263171,2.21100000,42.70000000,2.157
1749263171,2.21200000,4.20000000,2.157
1749263171,2.21300000,14.70000000,2.157
1749263171,2.21500000,24.60000000,2.157
1749263171,2.21600000,1350.00000000,2.157
1749263171,2.21700000,9.10000000,2.157
1749263171,2.21800000,237.60000000,2.157
1749263171,2.21900000,4.50000000,2.157
1749263171,2.22000000,97.50000000,2.157
1749263171,2.22100000,8.80000000,2.157
1749263171,2.22200000,9.50000000,2.157
1749263171,2.22300000,232.90000000,2.157
1749263171,2.22400000,45.20000000,2.157
1749263171,2.22500000,1932.60000000,2.157
1749263171,2.22600000,19.80000000,2.157
1749263171,2.22700000,53.80000000,2.157
1749263171,2.22800000,19.50000000,2.157
1749263171,2.22900000,8.80000000,2.157
1749263171,2.23000000,31.50000000,2.157
1749263171,2.23100000,4.00000000,2.157
1749263171,2.23200000,4.50000000,2.157
1749263171,2.23300000,4.10000000,2.157
1749263171,2.23400000,67.60000000,2.157
1749263171,2.23500000,11.20000000,2.157
1749263171,2.23600000,4.50000000,2.157
1749263171,2.23700000,102.10000000,2.157
1749263171,2.23800000,924.10000000,2.157
1749263171,2.23900000,2.50000000,2.157
1749263171,2.24200000,7.60000000,2.157
1749263171,2.24300000,143.90000000,2.157
1749263171,2.24400000,77.70000000,2.157
1749263171,2.24500000,139.70000000,2.157
1749263171,2.24600000,27.10000000,2.157
1749263171,2.24700000,6.70000000,2.157
1749263171,2.24800000,54.90000000,2.157
1749263171,2.25000000,13.90000000,2.157
1749263171,2.25100000,433.90000000,2.157
1749263171,2.25300000,113.20000000,2.157
1749263171,2.25400000,8.00000000,2.157
1749263171,2.25500000,14.50000000,2.157
1749263171,2.25700000,4.70000000,2.157
1749263171,2.25800000,35.60000000,2.157
1749263171,2.25900000,9.00000000,2.157
1749263171,2.26000000,345.20000000,2.157
1749263171,2.26100000,16.00000000,2.157
1749263477,2.15100000,225.00000000,2.151
1749263477,2.15200000,1308.60000000,2.151
1749263477,2.15300000,2029.50000000,2.151
1749263477,2.15400000,1603.80000000,2.151
1749263477,2.15500000,2226.50000000,2.151
1749263477,2.15600000,1824.10000000,2.151
1749263477,2.15700000,1504.70000000,2.151
1749263477,2.15800000,1004.80000000,2.151
1749263477,2.15900000,1478.00000000,2.151
1749263477,2.16000000,3387.70000000,2.151
1749263477,2.16100000,1626.50000000,2.151
1749263477,2.16200000,1229.20000000,2.151
1749263477,2.16300000,1057.70000000,2.151
1749263477,2.16400000,1447.70000000,2.151
1749263477,2.16500000,715.60000000,2.151
1749263477,2.16600000,1201.70000000,2.151
1749263477,2.16700000,1188.30000000,2.151
1749263477,2.16800000,777.30000000,2.151
1749263477,2.16900000,719.80000000,2.151
1749263477,2.17000000,1202.20000000,2.151
1749263477,2.17100000,243.20000000,2.151
1749263477,2.17200000,865.80000000,2.151
1749263477,2.17300000,482.10000000,2.151
1749263477,2.17400000,11.40000000,2.151
1749263477,2.17500000,3.50000000,2.151
1749263477,2.17600000,480.70000000,2.151
1749263477,2.17700000,12.70000000,2.151
1749263477,2.17800000,1153.10000000,2.151
1749263477,2.17900000,77.70000000,2.151
1749263477,2.18000000,25.90000000,2.151
1749263477,2.18100000,480.70000000,2.151
1749263477,2.18200000,4.60000000,2.151
1749263477,2.18300000,17.00000000,2.151
1749263477,2.18400000,1481.90000000,2.151
1749263477,2.18500000,38.00000000,2.151
1749263477,2.18600000,635.00000000,2.151
1749263477,2.18700000,2269.70000000,2.151
1749263477,2.18800000,1487.80000000,2.151
1749263477,2.18900000,4.60000000,2.151
1749263477,2.19000000,79.30000000,2.151
1749263477,2.19100000,16.80000000,2.151
1749263477,2.19200000,18.40000000,2.151
1749263477,2.19300000,57.20000000,2.151
1749263477,2.19400000,18.40000000,2.151
1749263477,2.19500000,61.50000000,2.151
1749263477,2.19600000,24.50000000,2.151
1749263477,2.19700000,51.70000000,2.151
1749263477,2.19800000,4.60000000,2.151
1749263477,2.19900000,4.60000000,2.151
1749263477,2.20000000,58.70000000,2.151
1749263477,2.20100000,82.90000000,2.151
1749263477,2.20200000,4.60000000,2.151
1749263477,2.20300000,10.50000000,2.151
1749263477,2.20400000,4.20000000,2.151
1749263477,2.20500000,9.70000000,2.151
1749263477,2.20600000,23.00000000,2.151
1749263477,2.20700000,4.60000000,2.151
1749263477,2.20800000,18.80000000,2.151
1749263477,2.20900000,676.90000000,2.151
1749263477,2.21000000,2398.00000000,2.151
1749263477,2.21100000,42.70000000,2.151
1749263477,2.21200000,4.20000000,2.151
1749263477,2.21300000,14.70000000,2.151
1749263477,2.21500000,24.60000000,2.151
1749263477,2.21600000,1350.00000000,2.151
1749263477,2.21700000,9.10000000,2.151
1749263477,2.21800000,237.60000000,2.151
1749263477,2.21900000,4.50000000,2.151
1749263477,2.22000000,97.50000000,2.151
1749263477,2.22100000,8.80000000,2.151
1749263477,2.22200000,9.50000000,2.151
1749263477,2.22300000,232.90000000,2.151
1749263477,2.22400000,45.20000000,2.151
1749263477,2.22500000,1932.60000000,2.151
1749263477,2.22600000,19.80000000,2.151
1749263477,2.22700000,53.80000000,2.151
1749263477,2.22800000,19.50000000,2.151
1749263477,2.22900000,8.80000000,2.151
1749263477,2.23000000,31.50000000,2.151
1749263477,2.23100000,4.00000000,2.151
1749263477,2.23200000,4.50000000,2.151
1749263477,2.23300000,4.10000000,2.151
1749263477,2.23400000,67.60000000,2.151
1749263477,2.23500000,11.20000000,2.151
1749263477,2.23600000,4.50000000,2.151
1749263477,2.23700000,102.10000000,2.151
1749263477,2.23800000,924.10000000,2.151
1749263477,2.23900000,2.50000000,2.151
1749263477,2.24200000,7.60000000,2.151
1749263477,2.24300000,174.90000000,2.151
1749263477,2.24400000,46.70000000,2.151
1749263477,2.24500000,139.70000000,2.151
1749263477,2.24600000,27.10000000,2.151
1749263477,2.24700000,6.70000000,2.151
1749263477,2.24800000,54.90000000,2.151
1749263477,2.25000000,13.90000000,2.151
1749263477,2.25100000,433.90000000,2.151
1749263477,2.25300000,113.20000000,2.151
1749263477,2.25400000,8.00000000,2.151
1749263477,2.25500000,14.50000000,2.151
1749263784,2.15300000,253.80000000,2.152
1749263784,2.15400000,1457.30000000,2.152
1749263784,2.15500000,2504.70000000,2.152
1749263784,2.15600000,2406.90000000,2.152
1749263784,2.15700000,2129.00000000,2.152
1749263784,2.15800000,1794.70000000,2.152
1749263784,2.15900000,1841.40000000,2.152
1749263784,2.16000000,3387.80000000,2.152
1749263784,2.16100000,1626.50000000,2.152
1749263784,2.16200000,1005.20000000,2.152
1749263784,2.16300000,1051.70000000,2.152
1749263784,2.16400000,1733.30000000,2.152
1749263784,2.16500000,828.10000000,2.152
1749263784,2.16600000,1314.20000000,2.152
1749263784,2.16700000,1351.70000000,2.152
1749263784,2.16800000,777.30000000,2.152
1749263784,2.16900000,719.80000000,2.152
1749263784,2.17000000,1202.20000000,2.152
1749263784,2.17100000,243.20000000,2.152
1749263784,2.17200000,865.80000000,2.152
1749263784,2.17300000,482.10000000,2.152
1749263784,2.17400000,11.40000000,2.152
1749263784,2.17500000,3.50000000,2.152
1749263784,2.17600000,480.70000000,2.152
1749263784,2.17700000,12.70000000,2.152
1749263784,2.17800000,1153.10000000,2.152
1749263784,2.17900000,77.70000000,2.152
1749263784,2.18000000,25.90000000,2.152
1749263784,2.18100000,480.70000000,2.152
1749263784,2.18200000,4.60000000,2.152
1749263784,2.18300000,17.00000000,2.152
1749263784,2.18400000,1481.90000000,2.152
1749263784,2.18500000,38.00000000,2.152
1749263784,2.18600000,635.00000000,2.152
1749263784,2.18700000,269.70000000,2.152
1749263784,2.18800000,3487.80000000,2.152
1749263784,2.18900000,4.60000000,2.152
1749263784,2.19000000,126.60000000,2.152
1749263784,2.19100000,16.80000000,2.152
1749263784,2.19200000,18.40000000,2.152
1749263784,2.19300000,57.20000000,2.152
1749263784,2.19400000,18.40000000,2.152
1749263784,2.19500000,61.50000000,2.152
1749263784,2.19600000,24.50000000,2.152
1749263784,2.19700000,4.60000000,2.152
1749263784,2.19800000,4.60000000,2.152
1749263784,2.19900000,4.60000000,2.152
1749263784,2.20000000,58.70000000,2.152
1749263784,2.20100000,82.90000000,2.152
1749263784,2.20200000,4.60000000,2.152
1749263784,2.20300000,10.50000000,2.152
1749263784,2.20400000,4.20000000,2.152
1749263784,2.20500000,9.70000000,2.152
1749263784,2.20600000,23.00000000,2.152
1749263784,2.20700000,4.60000000,2.152
1749263784,2.20800000,18.80000000,2.152
1749263784,2.20900000,676.90000000,2.152
1749263784,2.21000000,2398.00000000,2.152
1749263784,2.21100000,42.70000000,2.152
1749263784,2.21200000,4.20000000,2.152
1749263784,2.21300000,14.70000000,2.152
1749263784,2.21500000,24.60000000,2.152
1749263784,2.21600000,1350.00000000,2.152
1749263784,2.21700000,9.10000000,2.152
1749263784,2.21800000,237.60000000,2.152
1749263784,2.21900000,4.50000000,2.152
1749263784,2.22000000,97.50000000,2.152
1749263784,2.22100000,8.80000000,2.152
1749263784,2.22200000,9.50000000,2.152
1749263784,2.22300000,232.90000000,2.152
1749263784,2.22400000,45.20000000,2.152
1749263784,2.22500000,1932.60000000,2.152
1749263784,2.22600000,33.30000000,2.152
1749263784,2.22700000,36.70000000,2.152
1749263784,2.22800000,19.50000000,2.152
1749263784,2.22900000,8.80000000,2.152
1749263784,2.23000000,31.50000000,2.152
1749263784,2.23100000,4.00000000,2.152
1749263784,2.23200000,4.50000000,2.152
1749263784,2.23300000,4.10000000,2.152
1749263784,2.23400000,67.60000000,2.152
1749263784,2.23500000,8.10000000,2.152
1749263784,2.23600000,4.50000000,2.152
1749263784,2.23700000,102.10000000,2.152
1749263784,2.23800000,955.10000000,2.152
1749263784,2.23900000,2.50000000,2.152
1749263784,2.24200000,7.60000000,2.152
1749263784,2.24300000,143.90000000,2.152
1749263784,2.24400000,46.70000000,2.152
1749263784,2.24500000,139.70000000,2.152
1749263784,2.24600000,27.10000000,2.152
1749263784,2.24700000,6.70000000,2.152
1749263784,2.24800000,50.50000000,2.152
1749263784,2.25000000,13.90000000,2.152
1749263784,2.25100000,433.90000000,2.152
1749263784,2.25300000,113.20000000,2.152
1749263784,2.25400000,4.50000000,2.152
1749263784,2.25500000,14.50000000,2.152
1749263784,2.25700000,4.70000000,2.152
1749263784,2.25800000,35.60000000,2.152
1749264085,2.15600000,253.80000000,2.158
1749264085,2.15700000,1683.40000000,2.158
1749264085,2.15800000,1954.70000000,2.158
1749264085,2.15900000,2044.90000000,2.158
1749264085,2.16000000,2044.00000000,2.158
1749264085,2.16100000,2202.30000000,2.158
1749264085,2.16200000,1672.90000000,2.158
1749264085,2.16300000,1287.30000000,2.158
1749264085,2.16400000,1616.10000000,2.158
1749264085,2.16500000,1005.00000000,2.158
1749264085,2.16600000,1060.80000000,2.158
1749264085,2.16700000,1477.60000000,2.158
1749264085,2.16800000,3436.70000000,2.158
1749264085,2.16900000,832.30000000,2.158
1749264085,2.17000000,1615.50000000,2.158
1749264085,2.17100000,785.80000000,2.158
1749264085,2.17200000,1316.60000000,2.158
1749264085,2.17300000,482.10000000,2.158
1749264085,2.17400000,247.60000000,2.158
1749264085,2.17500000,3.50000000,2.158
1749264085,2.17600000,480.70000000,2.158
1749264085,2.17700000,12.70000000,2.158
1749264085,2.17800000,941.70000000,2.158
1749264085,2.17900000,77.70000000,2.158
1749264085,2.18000000,25.90000000,2.158
1749264085,2.18100000,480.70000000,2.158
1749264085,2.18200000,674.80000000,2.158
1749264085,2.18300000,17.00000000,2.158
1749264085,2.18400000,481.90000000,2.158
1749264085,2.18500000,14.20000000,2.158
1749264085,2.18600000,490.70000000,2.158
1749264085,2.18700000,1269.70000000,2.158
1749264085,2.18800000,487.80000000,2.158
1749264085,2.18900000,4.60000000,2.158
1749264085,2.19000000,79.30000000,2.158
1749264085,2.19100000,1040.60000000,2.158
1749264085,2.19200000,36.10000000,2.158
1749264085,2.19300000,183.00000000,2.158
1749264085,2.19400000,2018.40000000,2.158
1749264085,2.19500000,108.70000000,2.158
1749264085,2.19600000,9.20000000,2.158
1749264085,2.19700000,4.60000000,2.158
1749264085,2.19800000,4.60000000,2.158
1749264085,2.19900000,4.60000000,2.158
1749264085,2.20000000,58.70000000,2.158
1749264085,2.20100000,82.90000000,2.158
1749264085,2.20200000,19.90000000,2.158
1749264085,2.20300000,10.50000000,2.158
1749264085,2.20400000,4.20000000,2.158
1749264085,2.20500000,9.70000000,2.158
1749264085,2.20600000,23.00000000,2.158
1749264085,2.20700000,4.60000000,2.158
1749264085,2.20800000,18.80000000,2.158
1749264085,2.20900000,9.20000000,2.158
1749264085,2.21000000,2398.00000000,2.158
1749264085,2.21100000,42.70000000,2.158
1749264085,2.21200000,4.20000000,2.158
1749264085,2.21300000,14.70000000,2.158
1749264085,2.21500000,692.30000000,2.158
1749264085,2.21600000,1350.00000000,2.158
1749264085,2.21700000,9.10000000,2.158
1749264085,2.21800000,10.40000000,2.158
1749264085,2.21900000,4.50000000,2.158
1749264085,2.22000000,97.50000000,2.158
1749264085,2.22100000,8.80000000,2.158
1749264085,2.22200000,9.50000000,2.158
1749264085,2.22300000,232.90000000,2.158
1749264085,2.22400000,272.40000000,2.158
1749264085,2.22500000,1932.60000000,2.158
1749264085,2.22600000,19.80000000,2.158
1749264085,2.22700000,36.70000000,2.158
1749264085,2.22800000,19.50000000,2.158
1749264085,2.22900000,8.80000000,2.158
1749264085,2.23000000,31.50000000,2.158
1749264085,2.23100000,4.00000000,2.158
1749264085,2.23200000,4.50000000,2.158
1749264085,2.23300000,4.10000000,2.158
1749264085,2.23400000,67.60000000,2.158
1749264085,2.23500000,8.10000000,2.158
1749264085,2.23600000,4.50000000,2.158
1749264085,2.23700000,102.10000000,2.158
1749264085,2.23800000,924.10000000,2.158
1749264085,2.23900000,2.50000000,2.158
1749264085,2.24200000,7.60000000,2.158
1749264085,2.24300000,143.90000000,2.158
1749264085,2.24400000,77.70000000,2.158
1749264085,2.24500000,139.70000000,2.158
1749264085,2.24600000,27.10000000,2.158
1749264085,2.24700000,6.70000000,2.158
1749264085,2.24800000,50.50000000,2.158
1749264085,2.25000000,13.90000000,2.158
1749264085,2.25100000,433.90000000,2.158
1749264085,2.25300000,113.20000000,2.158
1749264085,2.25400000,4.50000000,2.158
1749264085,2.25500000,14.50000000,2.158
1749264085,2.25700000,4.70000000,2.158
1749264085,2.25800000,35.60000000,2.158
1749264085,2.25900000,4.50000000,2.158
1749264085,2.26000000,345.20000000,2.158
1749264085,2.26100000,16.00000000,2.158
1749264387,2.15800000,225.00000000,2.156
1749264387,2.15900000,1132.40000000,2.156
1749264387,2.16000000,1995.80000000,2.156
1749264387,2.16100000,2339.60000000,2.156
1749264387,2.16200000,1964.30000000,2.156
1749264387,2.16300000,1515.70000000,2.156
1749264387,2.16400000,1504.70000000,2.156
1749264387,2.16500000,3561.80000000,2.156
1749264387,2.16600000,1491.00000000,2.156
1749264387,2.16700000,1477.60000000,2.156
1749264387,2.16800000,1066.30000000,2.156
1749264387,2.16900000,1232.80000000,2.156
1749264387,2.17000000,1503.50000000,2.156
1749264387,2.17100000,898.30000000,2.156
1749264387,2.17200000,1341.70000000,2.156
1749264387,2.17300000,482.10000000,2.156
1749264387,2.17400000,247.60000000,2.156
1749264387,2.17500000,3.50000000,2.156
1749264387,2.17600000,480.70000000,2.156
1749264387,2.17700000,12.70000000,2.156
1749264387,2.17800000,486.40000000,2.156
1749264387,2.17900000,77.70000000,2.156
1749264387,2.18000000,25.90000000,2.156
1749264387,2.18100000,480.70000000,2.156
1749264387,2.18200000,674.80000000,2.156
1749264387,2.18300000,17.00000000,2.156
1749264387,2.18400000,481.90000000,2.156
1749264387,2.18500000,14.20000000,2.156
1749264387,2.18600000,508.40000000,2.156
1749264387,2.18700000,1317.00000000,2.156
1749264387,2.18800000,487.80000000,2.156
1749264387,2.18900000,4.60000000,2.156
1749264387,2.19000000,79.30000000,2.156
1749264387,2.19100000,3040.60000000,2.156
1749264387,2.19200000,18.40000000,2.156
1749264387,2.19300000,183.00000000,2.156
1749264387,2.19400000,18.40000000,2.156
1749264387,2.19500000,61.50000000,2.156
1749264387,2.19600000,9.20000000,2.156
1749264387,2.19700000,4.60000000,2.156
1749264387,2.19800000,4.60000000,2.156
1749264387,2.19900000,8.70000000,2.156
1749264387,2.20000000,58.70000000,2.156
1749264387,2.20100000,82.90000000,2.156
1749264387,2.20200000,19.90000000,2.156
1749264387,2.20300000,10.50000000,2.156
1749264387,2.20400000,4.20000000,2.156
1749264387,2.20500000,9.70000000,2.156
1749264387,2.20600000,23.00000000,2.156
1749264387,2.20700000,4.60000000,2.156
1749264387,2.20800000,18.80000000,2.156
1749264387,2.20900000,676.90000000,2.156
1749264387,2.21000000,2398.00000000,2.156
1749264387,2.21100000,42.70000000,2.156
1749264387,2.21200000,4.20000000,2.156
1749264387,2.21300000,14.70000000,2.156
1749264387,2.21500000,24.60000000,2.156
1749264387,2.21600000,1350.00000000,2.156
1749264387,2.21700000,9.10000000,2.156
1749264387,2.21800000,10.40000000,2.156
1749264387,2.21900000,4.50000000,2.156
1749264387,2.22000000,97.50000000,2.156
1749264387,2.22100000,8.80000000,2.156
1749264387,2.22200000,9.50000000,2.156
1749264387,2.22300000,232.90000000,2.156
1749264387,2.22400000,272.40000000,2.156
1749264387,2.22500000,1932.60000000,2.156
1749264387,2.22600000,19.80000000,2.156
1749264387,2.22700000,36.70000000,2.156
1749264387,2.22800000,19.50000000,2.156
1749264387,2.22900000,8.80000000,2.156
1749264387,2.23000000,45.00000000,2.156
1749264387,2.23100000,4.00000000,2.156
1749264387,2.23200000,4.50000000,2.156
1749264387,2.23300000,4.10000000,2.156
1749264387,2.23400000,67.60000000,2.156
1749264387,2.23500000,8.10000000,2.156
1749264387,2.23600000,4.50000000,2.156
1749264387,2.23700000,102.10000000,2.156
1749264387,2.23800000,924.10000000,2.156
1749264387,2.23900000,2.50000000,2.156
1749264387,2.24200000,44.00000000,2.156
1749264387,2.24300000,143.90000000,2.156
1749264387,2.24400000,46.70000000,2.156
1749264387,2.24500000,139.70000000,2.156
1749264387,2.24600000,27.10000000,2.156
1749264387,2.24700000,6.70000000,2.156
1749264387,2.24800000,50.50000000,2.156
1749264387,2.25000000,13.90000000,2.156
1749264387,2.25100000,433.90000000,2.156
1749264387,2.25300000,113.20000000,2.156
1749264387,2.25400000,4.50000000,2.156
1749264387,2.25500000,14.50000000,2.156
1749264387,2.25700000,4.70000000,2.156
1749264387,2.25800000,35.60000000,2.156
1749264387,2.25900000,4.50000000,2.156
1749264387,2.26000000,345.20000000,2.156
1749264387,2.26100000,16.00000000,2.156
1749264387,2.26300000,135.30000000,2.156
1749264387,2.26400000,13.40000000,2.156
1749264688,2.15800000,225.00000000,2.158
1749264688,2.15900000,1652.20000000,2.158
1749264688,2.16000000,1962.80000000,2.158
1749264688,2.16100000,1961.70000000,2.158
1749264688,2.16200000,2176.00000000,2.158
1749264688,2.16300000,2090.50000000,2.158
1749264688,2.16400000,2040.50000000,2.158
1749264688,2.16500000,1032.20000000,2.158
1749264688,2.16600000,1491.00000000,2.158
1749264688,2.16700000,3848.90000000,2.158
1749264688,2.16800000,1066.30000000,2.158
1749264688,2.16900000,1232.80000000,2.158
1749264688,2.17000000,1629.50000000,2.158
1749264688,2.17100000,898.30000000,2.158
1749264688,2.17200000,1454.20000000,2.158
1749264688,2.17300000,645.50000000,2.158
1749264688,2.17400000,247.60000000,2.158
1749264688,2.17500000,3.50000000,2.158
1749264688,2.17600000,480.70000000,2.158
1749264688,2.17700000,12.70000000,2.158
1749264688,2.17800000,486.40000000,2.158
1749264688,2.17900000,77.70000000,2.158
1749264688,2.18000000,25.90000000,2.158
1749264688,2.18100000,480.70000000,2.158
1749264688,2.18200000,8.10000000,2.158
1749264688,2.18300000,17.00000000,2.158
1749264688,2.18400000,481.90000000,2.158
1749264688,2.18500000,680.90000000,2.158
1749264688,2.18600000,490.70000000,2.158
1749264688,2.18800000,485.10000000,2.158
1749264688,2.18900000,4.60000000,2.158
1749264688,2.19000000,1126.60000000,2.158
1749264688,2.19100000,40.60000000,2.158
1749264688,2.19200000,36.10000000,2.158
1749264688,2.19300000,452.70000000,2.158
1749264688,2.19400000,18.40000000,2.158
1749264688,2.19500000,2045.60000000,2.158
1749264688,2.19600000,9.20000000,2.158
1749264688,2.19700000,4.60000000,2.158
1749264688,2.19800000,4.60000000,2.158
1749264688,2.19900000,8.70000000,2.158
1749264688,2.20000000,58.70000000,2.158
1749264688,2.20100000,98.80000000,2.158
1749264688,2.20200000,19.90000000,2.158
1749264688,2.20300000,10.50000000,2.158
1749264688,2.20400000,4.20000000,2.158
1749264688,2.20500000,9.70000000,2.158
1749264688,2.20600000,23.00000000,2.158
1749264688,2.20700000,4.60000000,2.158
1749264688,2.20800000,18.80000000,2.158
1749264688,2.20900000,676.90000000,2.158
1749264688,2.21000000,2398.00000000,2.158
1749264688,2.21100000,42.70000000,2.158
1749264688,2.21200000,4.20000000,2.158
1749264688,2.21300000,14.70000000,2.158
1749264688,2.21500000,24.60000000,2.158
1749264688,2.21600000,1350.00000000,2.158
1749264688,2.21700000,9.10000000,2.158
1749264688,2.21800000,10.40000000,2.158
1749264688,2.21900000,4.50000000,2.158
1749264688,2.22000000,97.50000000,2.158
1749264688,2.22100000,8.80000000,2.158
1749264688,2.22200000,9.50000000,2.158
1749264688,2.22300000,232.90000000,2.158
1749264688,2.22400000,272.40000000,2.158
1749264688,2.22500000,1932.60000000,2.158
1749264688,2.22600000,19.80000000,2.158
1749264688,2.22700000,50.20000000,2.158
1749264688,2.22800000,19.50000000,2.158
1749264688,2.22900000,8.80000000,2.158
1749264688,2.23000000,31.50000000,2.158
1749264688,2.23200000,4.50000000,2.158
1749264688,2.23300000,4.10000000,2.158
1749264688,2.23400000,67.60000000,2.158
1749264688,2.23500000,8.10000000,2.158
1749264688,2.23600000,4.50000000,2.158
1749264688,2.23700000,102.10000000,2.158
1749264688,2.23800000,924.10000000,2.158
1749264688,2.23900000,2.50000000,2.158
1749264688,2.24200000,13.00000000,2.158
1749264688,2.24300000,143.90000000,2.158
1749264688,2.24400000,46.70000000,2.158
1749264688,2.24500000,170.70000000,2.158
1749264688,2.24600000,27.10000000,2.158
1749264688,2.24700000,6.70000000,2.158
1749264688,2.24800000,50.50000000,2.158
1749264688,2.25000000,13.90000000,2.158
1749264688,2.25100000,429.50000000,2.158
1749264688,2.25300000,113.20000000,2.158
1749264688,2.25400000,4.50000000,2.158
1749264688,2.25500000,14.50000000,2.158
1749264688,2.25700000,4.70000000,2.158
1749264688,2.25800000,35.60000000,2.158
1749264688,2.25900000,4.50000000,2.158
1749264688,2.26000000,345.20000000,2.158
1749264688,2.26100000,16.00000000,2.158
1749264688,2.26300000,135.30000000,2.158
1749264688,2.26400000,13.40000000,2.158
1749264688,2.26500000,5.90000000,2.158
1749264688,2.26600000,494.10000000,2.158
1749264990,2.17700000,484.90000000,2.176
1749264990,2.17800000,2739.20000000,2.176
1749264990,2.17900000,2412.80000000,2.176
1749264990,2.18000000,1537.20000000,2.176
1749264990,2.18100000,1244.10000000,2.176
1749264990,2.18200000,1179.90000000,2.176
1749264990,2.18300000,1186.70000000,2.176
1749264990,2.18400000,1512.30000000,2.176
1749264990,2.18500000,1088.10000000,2.176
1749264990,2.18600000,1494.00000000,2.176
1749264990,2.18700000,891.20000000,2.176
1749264990,2.18800000,1386.30000000,2.176
1749264990,2.18900000,183.20000000,2.176
1749264990,2.19000000,319.00000000,2.176
1749264990,2.19100000,564.50000000,2.176
1749264990,2.19200000,2466.70000000,2.176
1749264990,2.19300000,284.70000000,2.176
1749264990,2.19400000,494.60000000,2.176
1749264990,2.19500000,49.10000000,2.176
1749264990,2.19600000,12.70000000,2.176
1749264990,2.19700000,480.80000000,2.176
1749264990,2.19800000,4.60000000,2.176
1749264990,2.19900000,8.70000000,2.176
1749264990,2.20000000,1198.10000000,2.176
1749264990,2.20100000,82.90000000,2.176
1749264990,2.20200000,4.60000000,2.176
1749264990,2.20300000,483.20000000,2.176
1749264990,2.20400000,4.20000000,2.176
1749264990,2.20500000,9.70000000,2.176
1749264990,2.20600000,789.20000000,2.176
1749264990,2.20700000,146.40000000,2.176
1749264990,2.20800000,1018.80000000,2.176
1749264990,2.20900000,9.20000000,2.176
1749264990,2.21000000,4398.00000000,2.176
1749264990,2.21100000,42.70000000,2.176
1749264990,2.21200000,51.10000000,2.176
1749264990,2.21300000,14.70000000,2.176
1749264990,2.21500000,40.50000000,2.176
1749264990,2.21600000,1365.30000000,2.176
1749264990,2.21700000,9.10000000,2.176
1749264990,2.21800000,10.40000000,2.176
1749264990,2.21900000,4.50000000,2.176
1749264990,2.22000000,97.50000000,2.176
1749264990,2.22100000,676.50000000,2.176
1749264990,2.22200000,9.50000000,2.176
1749264990,2.22400000,45.20000000,2.176
1749264990,2.22500000,1511.70000000,2.176
1749264990,2.22600000,19.80000000,2.176
1749264990,2.22700000,50.20000000,2.176
1749264990,2.22800000,19.50000000,2.176
1749264990,2.22900000,8.80000000,2.176
1749264990,2.23000000,31.50000000,2.176
1749264990,2.23200000,4.50000000,2.176
1749264990,2.23300000,4.10000000,2.176
1749264990,2.23400000,67.60000000,2.176
1749264990,2.23500000,8.10000000,2.176
1749264990,2.23600000,4.50000000,2.176
1749264990,2.23700000,454.80000000,2.176
1749264990,2.23800000,1345.00000000,2.176
1749264990,2.23900000,2.50000000,2.176
1749264990,2.24200000,13.00000000,2.176
1749264990,2.24300000,143.90000000,2.176
1749264990,2.24400000,46.70000000,2.176
1749264990,2.24500000,139.70000000,2.176
1749264990,2.24600000,27.10000000,2.176
1749264990,2.24700000,6.70000000,2.176
1749264990,2.24800000,50.50000000,2.176
1749264990,2.24900000,102.10000000,2.176
1749264990,2.25000000,13.90000000,2.176
1749264990,2.25100000,9.00000000,2.176
1749264990,2.25300000,113.20000000,2.176
1749264990,2.25400000,4.50000000,2.176
1749264990,2.25500000,14.50000000,2.176
1749264990,2.25700000,4.70000000,2.176
1749264990,2.25800000,35.60000000,2.176
1749264990,2.25900000,4.50000000,2.176
1749264990,2.26000000,345.20000000,2.176
1749264990,2.26100000,16.00000000,2.176
1749264990,2.26300000,472.90000000,2.176
1749264990,2.26400000,13.40000000,2.176
1749264990,2.26500000,5.90000000,2.176
1749264990,2.26600000,494.10000000,2.176
1749264990,2.26800000,61.70000000,2.176
1749264990,2.26900000,22.20000000,2.176
1749264990,2.27000000,14.40000000,2.176
1749264990,2.27100000,22.30000000,2.176
1749264990,2.27200000,4.50000000,2.176
1749264990,2.27300000,10.00000000,2.176
1749264990,2.27400000,231.10000000,2.176
1749264990,2.27500000,67.80000000,2.176
1749264990,2.27600000,123.50000000,2.176
1749264990,2.27700000,513.60000000,2.176
1749264990,2.27900000,3.80000000,2.176
1749264990,2.28000000,1930.00000000,2.176
1749264990,2.28100000,10.20000000,2.176
1749264990,2.28300000,207.80000000,2.176
1749264990,2.28400000,650.10000000,2.176
1749264990,2.28500000,12.30000000,2.176
1749264990,2.28600000,13.90000000,2.176
1749264990,2.28800000,5.40000000,2.176
1749265296,2.16800000,112.50000000,2.167
1749265296,2.16900000,2143.00000000,2.167
1749265296,2.17000000,1859.60000000,2.167
1749265296,2.17100000,3290.60000000,2.167
1749265296,2.17200000,10990.70000000,2.167
1749265296,2.17300000,1357.60000000,2.167
1749265296,2.17400000,1577.30000000,2.167
1749265296,2.17500000,1169.00000000,2.167
1749265296,2.17600000,1827.50000000,2.167
1749265296,2.17700000,1184.80000000,2.167
1749265296,2.17800000,1614.10000000,2.167
1749265296,2.17900000,1003.10000000,2.167
1749265296,2.18000000,1527.40000000,2.167
1749265296,2.18100000,3255.20000000,2.167
1749265296,2.18200000,1439.10000000,2.167
1749265296,2.18300000,835.90000000,2.167
1749265296,2.18400000,1300.80000000,2.167
1749265296,2.18500000,842.30000000,2.167
1749265296,2.18600000,1323.40000000,2.167
1749265296,2.18700000,7.00000000,2.167
1749265296,2.18800000,488.60000000,2.167
1749265296,2.18900000,79.60000000,2.167
1749265296,2.19000000,182.10000000,2.167
1749265296,2.19100000,493.00000000,2.167
1749265296,2.19200000,688.60000000,2.167
1749265296,2.19300000,60.70000000,2.167
1749265296,2.19400000,499.20000000,2.167
1749265296,2.19500000,49.10000000,2.167
1749265296,2.19600000,12.70000000,2.167
1749265296,2.19700000,480.80000000,2.167
1749265296,2.19800000,8.10000000,2.167
1749265296,2.19900000,1016.80000000,2.167
1749265296,2.20000000,908.70000000,2.167
1749265296,2.20100000,497.80000000,2.167
1749265296,2.20200000,2008.10000000,2.167
1749265296,2.20300000,486.70000000,2.167
1749265296,2.20400000,22.10000000,2.167
1749265296,2.20500000,17.80000000,2.167
1749265296,2.20600000,500.30000000,2.167
1749265296,2.20700000,4.60000000,2.167
1749265296,2.20800000,18.80000000,2.167
1749265296,2.20900000,497.80000000,2.167
1749265296,2.21000000,2413.30000000,2.167
1749265296,2.21100000,42.70000000,2.167
1749265296,2.21200000,476.90000000,2.167
1749265296,2.21300000,14.70000000,2.167
1749265296,2.21400000,46.80000000,2.167
1749265296,2.21500000,497.30000000,2.167
1749265296,2.21600000,1350.00000000,2.167
1749265296,2.21700000,9.10000000,2.167
1749265296,2.21800000,10.40000000,2.167
1749265296,2.21900000,4.50000000,2.167
1749265296,2.22000000,97.50000000,2.167
1749265296,2.22100000,678.80000000,2.167
1749265296,2.22200000,9.50000000,2.167
1749265296,2.22400000,45.20000000,2.167
1749265296,2.22500000,1507.20000000,2.167
1749265296,2.22600000,19.80000000,2.167
1749265296,2.22700000,36.70000000,2.167
1749265296,2.22800000,19.50000000,2.167
1749265296,2.22900000,8.80000000,2.167
1749265296,2.23000000,31.50000000,2.167
1749265296,2.23100000,227.20000000,2.167
1749265296,2.23200000,4.50000000,2.167
1749265296,2.23300000,4.10000000,2.167
1749265296,2.23400000,67.60000000,2.167
1749265296,2.23500000,8.10000000,2.167
1749265296,2.23600000,4.50000000,2.167
1749265296,2.23700000,230.80000000,2.167
1749265296,2.23800000,1345.00000000,2.167
1749265296,2.23900000,2.50000000,2.167
1749265296,2.24200000,13.00000000,2.167
1749265296,2.24300000,143.90000000,2.167
1749265296,2.24400000,46.70000000,2.167
1749265296,2.24500000,139.70000000,2.167
1749265296,2.24600000,27.10000000,2.167
1749265296,2.24700000,6.70000000,2.167
1749265296,2.24800000,152.60000000,2.167
1749265296,2.25000000,13.90000000,2.167
1749265296,2.25100000,9.00000000,2.167
1749265296,2.25300000,113.20000000,2.167
1749265296,2.25400000,4.50000000,2.167
1749265296,2.25500000,14.50000000,2.167
1749265296,2.25700000,4.70000000,2.167
1749265296,2.25800000,35.60000000,2.167
1749265296,2.26000000,345.20000000,2.167
1749265296,2.26100000,16.00000000,2.167
1749265296,2.26200000,451.50000000,2.167
1749265296,2.26300000,21.40000000,2.167
1749265296,2.26400000,13.40000000,2.167
1749265296,2.26500000,19.20000000,2.167
1749265296,2.26600000,494.10000000,2.167
1749265296,2.26800000,61.70000000,2.167
1749265296,2.26900000,22.20000000,2.167
1749265296,2.27000000,14.40000000,2.167
1749265296,2.27100000,22.30000000,2.167
1749265296,2.27200000,4.50000000,2.167
1749265296,2.27300000,10.00000000,2.167
1749265296,2.27400000,231.10000000,2.167
1749265296,2.27500000,67.80000000,2.167
1749265598,2.17600000,112.50000000,2.177
1749265598,2.17700000,1632.00000000,2.177
1749265598,2.17800000,1967.80000000,2.177
1749265598,2.17900000,1615.40000000,2.177
1749265598,2.18000000,2390.90000000,2.177
1749265598,2.18100000,1969.60000000,2.177
1749265598,2.18200000,1864.70000000,2.177
1749265598,2.18300000,1011.50000000,2.177
1749265598,2.18400000,1503.40000000,2.177
1749265598,2.18500000,1017.60000000,2.177
1749265598,2.18600000,1498.50000000,2.177
1749265598,2.18700000,3354.20000000,2.177
1749265598,2.18800000,1317.80000000,2.177
1749265598,2.18900000,582.70000000,2.177
1749265598,2.19000000,1306.40000000,2.177
1749265598,2.19100000,605.50000000,2.177
1749265598,2.19200000,545.10000000,2.177
1749265598,2.19300000,183.00000000,2.177
1749265598,2.19400000,611.70000000,2.177
1749265598,2.19500000,161.60000000,2.177
1749265598,2.19600000,12.70000000,2.177
1749265598,2.19700000,593.30000000,2.177
1749265598,2.19800000,120.60000000,2.177
1749265598,2.19900000,228.60000000,2.177
1749265598,2.20000000,997.40000000,2.177
1749265598,2.20100000,86.40000000,2.177
1749265598,2.20200000,8.10000000,2.177
1749265598,2.20300000,486.70000000,2.177
1749265598,2.20400000,12.30000000,2.177
1749265598,2.20500000,17.80000000,2.177
1749265598,2.20600000,500.30000000,2.177
1749265598,2.20700000,4.60000000,2.177
1749265598,2.20800000,1413.70000000,2.177
1749265598,2.20900000,552.60000000,2.177
1749265598,2.21000000,2415.70000000,2.177
1749265598,2.21100000,42.70000000,2.177
1749265598,2.21200000,2476.90000000,2.177
1749265598,2.21300000,14.70000000,2.177
1749265598,2.21500000,497.30000000,2.177
1749265598,2.21600000,1350.00000000,2.177
1749265598,2.21700000,25.00000000,2.177
1749265598,2.21800000,10.40000000,2.177
1749265598,2.21900000,19.80000000,2.177
1749265598,2.22000000,97.50000000,2.177
1749265598,2.22100000,11.10000000,2.177
1749265598,2.22200000,9.50000000,2.177
1749265598,2.22400000,45.20000000,2.177
1749265598,2.22500000,1507.20000000,2.177
1749265598,2.22600000,19.80000000,2.177
1749265598,2.22700000,36.70000000,2.177
1749265598,2.22800000,687.20000000,2.177
1749265598,2.22900000,8.80000000,2.177
1749265598,2.23000000,31.50000000,2.177
1749265598,2.23200000,4.50000000,2.177
1749265598,2.23300000,4.10000000,2.177
1749265598,2.23400000,67.60000000,2.177
1749265598,2.23500000,8.10000000,2.177
1749265598,2.23600000,4.50000000,2.177
1749265598,2.23700000,230.80000000,2.177
1749265598,2.23800000,924.10000000,2.177
1749265598,2.23900000,229.70000000,2.177
1749265598,2.24200000,13.00000000,2.177
1749265598,2.24300000,143.90000000,2.177
1749265598,2.24400000,467.60000000,2.177
1749265598,2.24500000,139.70000000,2.177
1749265598,2.24600000,27.10000000,2.177
1749265598,2.24700000,6.70000000,2.177
1749265598,2.24800000,50.50000000,2.177
1749265598,2.25000000,13.90000000,2.177
1749265598,2.25100000,9.00000000,2.177
1749265598,2.25300000,113.20000000,2.177
1749265598,2.25400000,4.50000000,2.177
1749265598,2.25500000,14.50000000,2.177
1749265598,2.25600000,102.10000000,2.177
1749265598,2.25700000,4.70000000,2.177
1749265598,2.25800000,35.60000000,2.177
1749265598,2.26000000,461.40000000,2.177
1749265598,2.26100000,16.00000000,2.177
1749265598,2.26200000,31.00000000,2.177
1749265598,2.26300000,21.40000000,2.177
1749265598,2.26400000,13.40000000,2.177
1749265598,2.26500000,19.20000000,2.177
1749265598,2.26600000,494.10000000,2.177
1749265598,2.26800000,61.70000000,2.177
1749265598,2.26900000,442.70000000,2.177
1749265598,2.27000000,14.40000000,2.177
1749265598,2.27100000,22.30000000,2.177
1749265598,2.27200000,4.50000000,2.177
1749265598,2.27300000,10.00000000,2.177
1749265598,2.27400000,231.10000000,2.177
1749265598,2.27500000,67.80000000,2.177
1749265598,2.27600000,9.60000000,2.177
1749265598,2.27700000,513.60000000,2.177
1749265598,2.27900000,3.80000000,2.177
1749265598,2.28000000,1521.50000000,2.177
1749265598,2.28100000,10.20000000,2.177
1749265598,2.28200000,113.90000000,2.177
1749265598,2.28300000,207.80000000,2.177
1749265598,2.28400000,650.10000000,2.177
1749265598,2.28500000,12.30000000,2.177
1749265899,2.17400000,398.80000000,2.175
1749265899,2.17500000,7510.40000000,2.175
1749265899,2.17600000,1383.70000000,2.175
1749265899,2.17700000,2342.10000000,2.175
1749265899,2.17800000,2175.70000000,2.175
1749265899,2.17900000,2580.30000000,2.175
1749265899,2.18000000,1192.90000000,2.175
1749265899,2.18100000,1003.50000000,2.175
1749265899,2.18200000,1508.30000000,2.175
1749265899,2.18300000,1011.50000000,2.175
1749265899,2.18400000,1700.20000000,2.175
1749265899,2.18500000,1017.50000000,2.175
1749265899,2.18600000,3850.50000000,2.175
1749265899,2.18700000,828.10000000,2.175
1749265899,2.18800000,1317.80000000,2.175
1749265899,2.18900000,457.20000000,2.175
1749265899,2.19000000,907.40000000,2.175
1749265899,2.19100000,605.50000000,2.175
1749265899,2.19200000,843.00000000,2.175
1749265899,2.19300000,183.00000000,2.175
1749265899,2.19400000,1084.10000000,2.175
1749265899,2.19500000,49.10000000,2.175
1749265899,2.19600000,125.20000000,2.175
1749265899,2.19700000,593.30000000,2.175
1749265899,2.19800000,8.10000000,2.175
1749265899,2.19900000,116.10000000,2.175
1749265899,2.20000000,1551.60000000,2.175
1749265899,2.20100000,86.40000000,2.175
1749265899,2.20200000,8.10000000,2.175
1749265899,2.20300000,486.70000000,2.175
1749265899,2.20400000,30.00000000,2.175
1749265899,2.20500000,64.30000000,2.175
1749265899,2.20600000,1500.30000000,2.175
1749265899,2.20700000,4.60000000,2.175
1749265899,2.20800000,413.70000000,2.175
1749265899,2.20900000,2505.70000000,2.175
1749265899,2.21000000,2398.00000000,2.175
1749265899,2.21100000,42.70000000,2.175
1749265899,2.21200000,476.90000000,2.175
1749265899,2.21300000,30.00000000,2.175
1749265899,2.21500000,497.30000000,2.175
1749265899,2.21600000,1350.00000000,2.175
1749265899,2.21700000,25.00000000,2.175
1749265899,2.21800000,10.40000000,2.175
1749265899,2.21900000,4.50000000,2.175
1749265899,2.22000000,97.50000000,2.175
1749265899,2.22100000,11.10000000,2.175
1749265899,2.22200000,9.50000000,2.175
1749265899,2.22400000,45.20000000,2.175
1749265899,2.22500000,1507.20000000,2.175
1749265899,2.22600000,19.80000000,2.175
1749265899,2.22700000,36.70000000,2.175
1749265899,2.22800000,687.20000000,2.175
1749265899,2.22900000,8.80000000,2.175
1749265899,2.23000000,31.50000000,2.175
1749265899,2.23200000,4.50000000,2.175
1749265899,2.23300000,4.10000000,2.175
1749265899,2.23400000,67.60000000,2.175
1749265899,2.23500000,8.10000000,2.175
1749265899,2.23600000,4.50000000,2.175
1749265899,2.23700000,230.80000000,2.175
1749265899,2.23800000,924.10000000,2.175
1749265899,2.23900000,229.70000000,2.175
1749265899,2.24200000,13.00000000,2.175
1749265899,2.24300000,143.90000000,2.175
1749265899,2.24400000,467.60000000,2.175
1749265899,2.24500000,139.70000000,2.175
1749265899,2.24600000,27.10000000,2.175
1749265899,2.24700000,6.70000000,2.175
1749265899,2.24800000,50.50000000,2.175
1749265899,2.25000000,13.90000000,2.175
1749265899,2.25100000,4.50000000,2.175
1749265899,2.25300000,113.20000000,2.175
1749265899,2.25400000,4.50000000,2.175
1749265899,2.25500000,27.80000000,2.175
1749265899,2.25600000,102.10000000,2.175
1749265899,2.25700000,4.70000000,2.175
1749265899,2.25800000,35.60000000,2.175
1749265899,2.26000000,461.40000000,2.175
1749265899,2.26100000,47.00000000,2.175
1749265899,2.26300000,21.40000000,2.175
1749265899,2.26400000,13.40000000,2.175
1749265899,2.26500000,5.90000000,2.175
1749265899,2.26600000,494.10000000,2.175
1749265899,2.26800000,61.70000000,2.175
1749265899,2.26900000,442.70000000,2.175
1749265899,2.27000000,14.40000000,2.175
1749265899,2.27100000,22.30000000,2.175
1749265899,2.27200000,4.50000000,2.175
1749265899,2.27300000,10.00000000,2.175
1749265899,2.27400000,231.10000000,2.175
1749265899,2.27500000,67.80000000,2.175
1749265899,2.27600000,9.60000000,2.175
1749265899,2.27700000,513.60000000,2.175
1749265899,2.27900000,3.80000000,2.175
1749265899,2.28000000,1521.50000000,2.175
1749265899,2.28100000,10.20000000,2.175
1749265899,2.28200000,113.90000000,2.175
1749265899,2.28300000,207.80000000,2.175
1749265899,2.28400000,650.10000000,2.175
1749266201,2.18600000,225.00000000,2.185
1749266201,2.18700000,2084.30000000,2.185
1749266201,2.18800000,2315.00000000,2.185
1749266201,2.18900000,1769.50000000,2.185
1749266201,2.19000000,1750.10000000,2.185
1749266201,2.19100000,1673.60000000,2.185
1749266201,2.19200000,1060.70000000,2.185
1749266201,2.19300000,1069.80000000,2.185
1749266201,2.19400000,3667.60000000,2.185
1749266201,2.19500000,702.00000000,2.185
1749266201,2.19600000,1082.10000000,2.185
1749266201,2.19700000,1480.00000000,2.185
1749266201,2.19800000,1003.80000000,2.185
1749266201,2.19900000,524.50000000,2.185
1749266201,2.20000000,997.40000000,2.185
1749266201,2.20100000,198.90000000,2.185
1749266201,2.20200000,8.10000000,2.185
1749266201,2.20300000,599.20000000,2.185
1749266201,2.20400000,12.30000000,2.185
1749266201,2.20500000,130.30000000,2.185
1749266201,2.20600000,620.90000000,2.185
1749266201,2.20700000,120.60000000,2.185
1749266201,2.20800000,131.30000000,2.185
1749266201,2.20900000,594.40000000,2.185
1749266201,2.21000000,3177.20000000,2.185
1749266201,2.21100000,42.70000000,2.185
1749266201,2.21200000,589.40000000,2.185
1749266201,2.21300000,14.70000000,2.185
1749266201,2.21500000,1053.90000000,2.185
1749266201,2.21600000,1504.00000000,2.185
1749266201,2.21700000,481.80000000,2.185
1749266201,2.21800000,1122.90000000,2.185
1749266201,2.21900000,4.50000000,2.185
1749266201,2.22000000,210.00000000,2.185
1749266201,2.22100000,2011.10000000,2.185
1749266201,2.22200000,9.50000000,2.185
1749266201,2.22300000,15.90000000,2.185
1749266201,2.22400000,45.20000000,2.185
1749266201,2.22500000,1522.50000000,2.185
1749266201,2.22600000,19.80000000,2.185
1749266201,2.22700000,36.70000000,2.185
1749266201,2.22800000,19.50000000,2.185
1749266201,2.22900000,8.80000000,2.185
1749266201,2.23000000,31.50000000,2.185
1749266201,2.23200000,4.50000000,2.185
1749266201,2.23300000,4.10000000,2.185
1749266201,2.23400000,735.30000000,2.185
1749266201,2.23500000,8.10000000,2.185
1749266201,2.23600000,4.50000000,2.185
1749266201,2.23800000,924.10000000,2.185
1749266201,2.23900000,2.50000000,2.185
1749266201,2.24200000,13.00000000,2.185
1749266201,2.24300000,143.90000000,2.185
1749266201,2.24400000,46.70000000,2.185
1749266201,2.24500000,366.90000000,2.185
1749266201,2.24600000,27.10000000,2.185
1749266201,2.24700000,6.70000000,2.185
1749266201,2.24800000,50.50000000,2.185
1749266201,2.25000000,13.90000000,2.185
1749266201,2.25100000,425.40000000,2.185
1749266201,2.25200000,229.30000000,2.185
1749266201,2.25300000,113.20000000,2.185
1749266201,2.25400000,4.50000000,2.185
1749266201,2.25500000,14.50000000,2.185
1749266201,2.25700000,4.70000000,2.185
1749266201,2.25800000,35.60000000,2.185
1749266201,2.26000000,461.40000000,2.185
1749266201,2.26100000,16.00000000,2.185
1749266201,2.26300000,123.50000000,2.185
1749266201,2.26400000,13.40000000,2.185
1749266201,2.26500000,5.90000000,2.185
1749266201,2.26600000,494.10000000,2.185
1749266201,2.26800000,61.70000000,2.185
1749266201,2.26900000,53.20000000,2.185
1749266201,2.27000000,14.40000000,2.185
1749266201,2.27100000,22.30000000,2.185
1749266201,2.27200000,4.50000000,2.185
1749266201,2.27300000,10.00000000,2.185
1749266201,2.27400000,231.10000000,2.185
1749266201,2.27500000,67.80000000,2.185
1749266201,2.27600000,430.10000000,2.185
1749266201,2.27700000,513.60000000,2.185
1749266201,2.27900000,3.80000000,2.185
1749266201,2.28000000,1521.50000000,2.185
1749266201,2.28100000,10.20000000,2.185
1749266201,2.28300000,207.80000000,2.185
1749266201,2.28400000,650.10000000,2.185
1749266201,2.28500000,16.70000000,2.185
1749266201,2.28600000,13.90000000,2.185
1749266201,2.28800000,119.30000000,2.185
1749266201,2.28900000,651.90000000,2.185
1749266201,2.29000000,66.40000000,2.185
1749266201,2.29100000,12.40000000,2.185
1749266201,2.29200000,23.90000000,2.185
1749266201,2.29300000,59.10000000,2.185
1749266201,2.29400000,1063.00000000,2.185
1749266201,2.29600000,26.30000000,2.185
1749266201,2.29700000,5.90000000,2.185
1749266201,2.29800000,654.50000000,2.185
1749266201,2.29900000,4.20000000,2.185
1749266503,2.17900000,243.80000000,2.179
1749266503,2.18000000,1873.60000000,2.179
1749266503,2.18100000,2453.50000000,2.179
1749266503,2.18200000,2076.10000000,2.179
1749266503,2.18300000,2567.90000000,2.179
1749266503,2.18400000,1948.20000000,2.179
1749266503,2.18500000,1776.40000000,2.179
1749266503,2.18600000,1303.10000000,2.179
1749266503,2.18700000,1676.40000000,2.179
1749266503,2.18800000,1019.50000000,2.179
1749266503,2.18900000,1708.20000000,2.179
1749266503,2.19000000,1082.40000000,2.179
1749266503,2.19100000,1492.40000000,2.179
1749266503,2.19200000,3192.30000000,2.179
1749266503,2.19300000,935.50000000,2.179
1749266503,2.19400000,1323.80000000,2.179
1749266503,2.19500000,308.00000000,2.179
1749266503,2.19600000,907.50000000,2.179
1749266503,2.19700000,1305.40000000,2.179
1749266503,2.19800000,829.20000000,2.179
1749266503,2.19900000,1008.70000000,2.179
1749266503,2.20000000,1706.00000000,2.179
1749266503,2.20100000,203.50000000,2.179
1749266503,2.20200000,10.80000000,2.179
1749266503,2.20300000,603.80000000,2.179
1749266503,2.20400000,688.20000000,2.179
1749266503,2.20500000,130.30000000,2.179
1749266503,2.20600000,620.90000000,2.179
1749266503,2.20700000,22.50000000,2.179
1749266503,2.20800000,18.80000000,2.179
1749266503,2.20900000,486.50000000,2.179
1749266503,2.21000000,2398.00000000,2.179
1749266503,2.21100000,42.70000000,2.179
1749266503,2.21200000,1946.10000000,2.179
1749266503,2.21300000,14.70000000,2.179
1749266503,2.21500000,2894.50000000,2.179
1749266503,2.21600000,1391.50000000,2.179
1749266503,2.21700000,481.80000000,2.179
1749266503,2.21800000,10.40000000,2.179
1749266503,2.21900000,4.50000000,2.179
1749266503,2.22000000,97.50000000,2.179
1749266503,2.22100000,11.10000000,2.179
1749266503,2.22200000,9.50000000,2.179
1749266503,2.22300000,15.90000000,2.179
1749266503,2.22400000,45.20000000,2.179
1749266503,2.22500000,1522.50000000,2.179
1749266503,2.22600000,19.80000000,2.179
1749266503,2.22700000,36.70000000,2.179
1749266503,2.22800000,19.50000000,2.179
1749266503,2.22900000,8.80000000,2.179
1749266503,2.23000000,31.50000000,2.179
1749266503,2.23200000,4.50000000,2.179
1749266503,2.23300000,4.10000000,2.179
1749266503,2.23400000,735.30000000,2.179
1749266503,2.23500000,8.10000000,2.179
1749266503,2.23600000,4.50000000,2.179
1749266503,2.23800000,924.10000000,2.179
1749266503,2.23900000,2.50000000,2.179
1749266503,2.24200000,13.00000000,2.179
1749266503,2.24300000,143.90000000,2.179
1749266503,2.24400000,46.70000000,2.179
1749266503,2.24500000,370.50000000,2.179
1749266503,2.24600000,22.60000000,2.179
1749266503,2.24700000,6.70000000,2.179
1749266503,2.24800000,50.50000000,2.179
1749266503,2.25000000,13.90000000,2.179
1749266503,2.25100000,425.40000000,2.179
1749266503,2.25200000,229.30000000,2.179
1749266503,2.25300000,113.20000000,2.179
1749266503,2.25400000,4.50000000,2.179
1749266503,2.25500000,27.80000000,2.179
1749266503,2.25700000,106.80000000,2.179
1749266503,2.25800000,35.60000000,2.179
1749266503,2.26000000,461.40000000,2.179
1749266503,2.26100000,16.00000000,2.179
1749266503,2.26300000,21.40000000,2.179
1749266503,2.26400000,13.40000000,2.179
1749266503,2.26500000,5.90000000,2.179
1749266503,2.26600000,494.10000000,2.179
1749266503,2.26700000,31.00000000,2.179
1749266503,2.26800000,61.70000000,2.179
1749266503,2.26900000,22.20000000,2.179
1749266503,2.27000000,14.40000000,2.179
1749266503,2.27100000,22.30000000,2.179
1749266503,2.27200000,4.50000000,2.179
1749266503,2.27300000,10.00000000,2.179
1749266503,2.27400000,231.10000000,2.179
1749266503,2.27500000,67.80000000,2.179
1749266503,2.27600000,430.10000000,2.179
1749266503,2.27700000,513.60000000,2.179
1749266503,2.27900000,3.80000000,2.179
1749266503,2.28000000,1521.50000000,2.179
1749266503,2.28100000,10.20000000,2.179
1749266503,2.28300000,207.80000000,2.179
1749266503,2.28400000,650.10000000,2.179
1749266503,2.28500000,16.70000000,2.179
1749266503,2.28600000,13.90000000,2.179
1749266503,2.28800000,119.30000000,2.179
1749266503,2.28900000,656.30000000,2.179
1749266503,2.29000000,66.40000000,2.179
1749266804,2.19600000,392.20000000,2.194
1749266804,2.19700000,2089.30000000,2.194
1749266804,2.19800000,2476.00000000,2.194
1749266804,2.19900000,1910.20000000,2.194
1749266804,2.20000000,2193.20000000,2.194
1749266804,2.20100000,571.30000000,2.194
1749266804,2.20200000,1036.70000000,2.194
1749266804,2.20300000,1560.10000000,2.194
1749266804,2.20400000,1020.00000000,2.194
1749266804,2.20500000,1016.30000000,2.194
1749266804,2.20600000,1506.70000000,2.194
1749266804,2.20700000,3174.40000000,2.194
1749266804,2.20800000,1599.70000000,2.194
1749266804,2.20900000,1074.90000000,2.194
1749266804,2.21000000,2514.00000000,2.194
1749266804,2.21100000,46.20000000,2.194
1749266804,2.21200000,592.90000000,2.194
1749266804,2.21300000,130.70000000,2.194
1749266804,2.21400000,3.50000000,2.194
1749266804,2.21500000,617.90000000,2.194
1749266804,2.21600000,1470.60000000,2.194
1749266804,2.21700000,594.30000000,2.194
1749266804,2.21800000,10.40000000,2.194
1749266804,2.21900000,783.70000000,2.194
1749266804,2.22000000,682.70000000,2.194
1749266804,2.22100000,280.80000000,2.194
1749266804,2.22200000,9.50000000,2.194
1749266804,2.22300000,685.30000000,2.194
1749266804,2.22400000,1045.20000000,2.194
1749266804,2.22500000,1507.20000000,2.194
1749266804,2.22600000,492.50000000,2.194
1749266804,2.22700000,36.70000000,2.194
1749266804,2.22800000,19.50000000,2.194
1749266804,2.22900000,24.70000000,2.194
1749266804,2.23000000,2031.50000000,2.194
1749266804,2.23200000,19.80000000,2.194
1749266804,2.23300000,4.10000000,2.194
1749266804,2.23400000,67.60000000,2.194
1749266804,2.23500000,8.10000000,2.194
1749266804,2.23600000,4.50000000,2.194
1749266804,2.23800000,934.20000000,2.194
1749266804,2.23900000,2.50000000,2.194
1749266804,2.24000000,667.70000000,2.194
1749266804,2.24200000,13.00000000,2.194
1749266804,2.24300000,143.90000000,2.194
1749266804,2.24400000,46.70000000,2.194
1749266804,2.24500000,143.30000000,2.194
1749266804,2.24600000,22.60000000,2.194
1749266804,2.24700000,6.70000000,2.194
1749266804,2.24800000,50.50000000,2.194
1749266804,2.25000000,13.90000000,2.194
1749266804,2.25100000,227.20000000,2.194
1749266804,2.25200000,229.30000000,2.194
1749266804,2.25300000,113.20000000,2.194
1749266804,2.25400000,4.50000000,2.194
1749266804,2.25500000,27.80000000,2.194
1749266804,2.25700000,425.60000000,2.194
1749266804,2.25800000,35.60000000,2.194
1749266804,2.26000000,461.40000000,2.194
1749266804,2.26100000,16.00000000,2.194
1749266804,2.26300000,21.40000000,2.194
1749266804,2.26400000,13.40000000,2.194
1749266804,2.26500000,5.90000000,2.194
1749266804,2.26600000,494.10000000,2.194
1749266804,2.26800000,61.70000000,2.194
1749266804,2.26900000,124.30000000,2.194
1749266804,2.27000000,14.40000000,2.194
1749266804,2.27100000,22.30000000,2.194
1749266804,2.27200000,4.50000000,2.194
1749266804,2.27300000,10.00000000,2.194
1749266804,2.27400000,231.10000000,2.194
1749266804,2.27500000,67.80000000,2.194
1749266804,2.27600000,9.60000000,2.194
1749266804,2.27700000,513.60000000,2.194
1749266804,2.27900000,3.80000000,2.194
1749266804,2.28000000,1521.50000000,2.194
1749266804,2.28100000,41.20000000,2.194
1749266804,2.28200000,420.50000000,2.194
1749266804,2.28300000,207.80000000,2.194
1749266804,2.28400000,650.10000000,2.194
1749266804,2.28500000,16.70000000,2.194
1749266804,2.28600000,13.90000000,2.194
1749266804,2.28800000,5.40000000,2.194
1749266804,2.28900000,656.30000000,2.194
1749266804,2.29000000,66.40000000,2.194
1749266804,2.29100000,12.40000000,2.194
1749266804,2.29200000,23.90000000,2.194
1749266804,2.29300000,59.10000000,2.194
1749266804,2.29400000,768.40000000,2.194
1749266804,2.29600000,30.70000000,2.194
1749266804,2.29700000,5.90000000,2.194
1749266804,2.29800000,654.50000000,2.194
1749266804,2.29900000,4.20000000,2.194
1749266804,2.30000000,875.00000000,2.194
1749266804,2.30100000,52.90000000,2.194
1749266804,2.30200000,207.20000000,2.194
1749266804,2.30300000,195.00000000,2.194
1749266804,2.30400000,29.70000000,2.194
1749266804,2.30500000,12.20000000,2.194
1749266804,2.30600000,469.40000000,2.194
1749267106,2.18400000,821.10000000,2.183
1749267106,2.18500000,2216.60000000,2.183
1749267106,2.18600000,3518.90000000,2.183
1749267106,2.18700000,1996.70000000,2.183
1749267106,2.18800000,1978.90000000,2.183
1749267106,2.18900000,1128.70000000,2.183
1749267106,2.19000000,1663.40000000,2.183
1749267106,2.19100000,1203.90000000,2.183
1749267106,2.19200000,1474.70000000,2.183
1749267106,2.19300000,1225.90000000,2.183
1749267106,2.19400000,1647.70000000,2.183
1749267106,2.19500000,1179.10000000,2.183
1749267106,2.19600000,1663.10000000,2.183
1749267106,2.19700000,3243.80000000,2.183
1749267106,2.19800000,1305.40000000,2.183
1749267106,2.19900000,841.40000000,2.183
1749267106,2.20000000,1709.50000000,2.183
1749267106,2.20100000,915.60000000,2.183
1749267106,2.20200000,840.00000000,2.183
1749267106,2.20300000,843.50000000,2.183
1749267106,2.20400000,134.00000000,2.183
1749267106,2.20500000,17.80000000,2.183
1749267106,2.20600000,620.90000000,2.183
1749267106,2.20700000,22.50000000,2.183
1749267106,2.20800000,305.60000000,2.183
1749267106,2.20900000,1156.70000000,2.183
1749267106,2.21000000,2406.10000000,2.183
1749267106,2.21100000,46.20000000,2.183
1749267106,2.21200000,489.60000000,2.183
1749267106,2.21300000,18.20000000,2.183
1749267106,2.21400000,11.70000000,2.183
1749267106,2.21500000,1779.70000000,2.183
1749267106,2.21600000,1482.50000000,2.183
1749267106,2.21700000,509.10000000,2.183
1749267106,2.21800000,2028.10000000,2.183
1749267106,2.21900000,4.50000000,2.183
1749267106,2.22000000,616.90000000,2.183
1749267106,2.22100000,11.10000000,2.183
1749267106,2.22200000,9.50000000,2.183
1749267106,2.22300000,472.70000000,2.183
1749267106,2.22400000,45.20000000,2.183
1749267106,2.22500000,1507.20000000,2.183
1749267106,2.22600000,492.50000000,2.183
1749267106,2.22700000,52.00000000,2.183
1749267106,2.22800000,19.50000000,2.183
1749267106,2.22900000,24.70000000,2.183
1749267106,2.23000000,31.50000000,2.183
1749267106,2.23200000,4.50000000,2.183
1749267106,2.23300000,4.10000000,2.183
1749267106,2.23400000,735.30000000,2.183
1749267106,2.23500000,8.10000000,2.183
1749267106,2.23600000,4.50000000,2.183
1749267106,2.23800000,934.20000000,2.183
1749267106,2.23900000,2.50000000,2.183
1749267106,2.24200000,13.00000000,2.183
1749267106,2.24300000,143.90000000,2.183
1749267106,2.24400000,46.70000000,2.183
1749267106,2.24500000,370.50000000,2.183
1749267106,2.24600000,22.60000000,2.183
1749267106,2.24700000,6.70000000,2.183
1749267106,2.24800000,50.50000000,2.183
1749267106,2.25000000,13.90000000,2.183
1749267106,2.25100000,420.90000000,2.183
1749267106,2.25200000,229.30000000,2.183
1749267106,2.25300000,113.20000000,2.183
1749267106,2.25400000,4.50000000,2.183
1749267106,2.25500000,14.50000000,2.183
1749267106,2.25700000,4.70000000,2.183
1749267106,2.25800000,35.60000000,2.183
1749267106,2.26000000,461.40000000,2.183
1749267106,2.26100000,16.00000000,2.183
1749267106,2.26300000,123.50000000,2.183
1749267106,2.26400000,13.40000000,2.183
1749267106,2.26500000,5.90000000,2.183
1749267106,2.26600000,494.10000000,2.183
1749267106,2.26800000,61.70000000,2.183
1749267106,2.26900000,22.20000000,2.183
1749267106,2.27000000,14.40000000,2.183
1749267106,2.27100000,22.30000000,2.183
1749267106,2.27200000,4.50000000,2.183
1749267106,2.27300000,23.20000000,2.183
1749267106,2.27400000,231.10000000,2.183
1749267106,2.27500000,67.80000000,2.183
1749267106,2.27600000,430.10000000,2.183
1749267106,2.27700000,513.60000000,2.183
1749267106,2.27800000,31.00000000,2.183
1749267106,2.27900000,3.80000000,2.183
1749267106,2.28000000,1521.50000000,2.183
1749267106,2.28100000,10.20000000,2.183
1749267106,2.28300000,207.80000000,2.183
1749267106,2.28400000,650.10000000,2.183
1749267106,2.28500000,16.70000000,2.183
1749267106,2.28600000,13.90000000,2.183
1749267106,2.28800000,119.30000000,2.183
1749267106,2.28900000,656.30000000,2.183
1749267106,2.29000000,66.40000000,2.183
1749267106,2.29100000,12.40000000,2.183
1749267106,2.29200000,23.90000000,2.183
1749267106,2.29300000,59.10000000,2.183
1749267106,2.29400000,1063.00000000,2.183
1749267407,2.18800000,123.20000000,2.188
1749267407,2.18900000,1504.70000000,2.188
1749267407,2.19000000,2069.50000000,2.188
1749267407,2.19100000,2155.60000000,2.188
1749267407,2.19200000,2493.30000000,2.188
1749267407,2.19300000,2220.50000000,2.188
1749267407,2.19400000,1841.20000000,2.188
1749267407,2.19500000,1206.30000000,2.188
1749267407,2.19600000,1613.60000000,2.188
1749267407,2.19700000,1077.30000000,2.188
1749267407,2.19800000,1703.70000000,2.188
1749267407,2.19900000,3354.60000000,2.188
1749267407,2.20000000,1759.80000000,2.188
1749267407,2.20100000,1089.70000000,2.188
1749267407,2.20200000,1014.00000000,2.188
1749267407,2.20300000,843.50000000,2.188
1749267407,2.20400000,134.00000000,2.188
1749267407,2.20500000,17.80000000,2.188
1749267407,2.20600000,620.90000000,2.188
1749267407,2.20700000,22.50000000,2.188
1749267407,2.20800000,305.60000000,2.188
1749267407,2.20900000,602.50000000,2.188
1749267407,2.21000000,2518.60000000,2.188
1749267407,2.21100000,158.70000000,2.188
1749267407,2.21200000,602.10000000,2.188
1749267407,2.21300000,18.20000000,2.188
1749267407,2.21400000,11.70000000,2.188
1749267407,2.21500000,1605.80000000,2.188
1749267407,2.21600000,1595.00000000,2.188
1749267407,2.21700000,621.60000000,2.188
1749267407,2.21800000,140.60000000,2.188
1749267407,2.21900000,4.50000000,2.188
1749267407,2.22000000,570.20000000,2.188
1749267407,2.22100000,1011.10000000,2.188
1749267407,2.22200000,9.50000000,2.188
1749267407,2.22300000,472.70000000,2.188
1749267407,2.22400000,2045.20000000,2.188
1749267407,2.22500000,1507.20000000,2.188
1749267407,2.22600000,492.50000000,2.188
1749267407,2.22700000,52.00000000,2.188
1749267407,2.22800000,19.50000000,2.188
1749267407,2.22900000,24.70000000,2.188
1749267407,2.23000000,31.50000000,2.188
1749267407,2.23200000,4.50000000,2.188
1749267407,2.23300000,4.10000000,2.188
1749267407,2.23400000,735.30000000,2.188
1749267407,2.23500000,8.10000000,2.188
1749267407,2.23600000,4.50000000,2.188
1749267407,2.23800000,934.20000000,2.188
1749267407,2.23900000,2.50000000,2.188
1749267407,2.24200000,13.00000000,2.188
1749267407,2.24300000,143.90000000,2.188
1749267407,2.24400000,46.70000000,2.188
1749267407,2.24500000,143.30000000,2.188
1749267407,2.24600000,22.60000000,2.188
1749267407,2.24700000,6.70000000,2.188
1749267407,2.24800000,50.50000000,2.188
1749267407,2.25000000,13.90000000,2.188
1749267407,2.25100000,648.10000000,2.188
1749267407,2.25200000,229.30000000,2.188
1749267407,2.25300000,113.20000000,2.188
1749267407,2.25400000,4.50000000,2.188
1749267407,2.25500000,14.50000000,2.188
1749267407,2.25700000,4.70000000,2.188
1749267407,2.25800000,48.90000000,2.188
1749267407,2.26000000,461.40000000,2.188
1749267407,2.26100000,16.00000000,2.188
1749267407,2.26300000,123.50000000,2.188
1749267407,2.26400000,13.40000000,2.188
1749267407,2.26500000,5.90000000,2.188
1749267407,2.26600000,494.10000000,2.188
1749267407,2.26800000,61.70000000,2.188
1749267407,2.26900000,22.20000000,2.188
1749267407,2.27000000,14.40000000,2.188
1749267407,2.27100000,22.30000000,2.188
1749267407,2.27200000,4.50000000,2.188
1749267407,2.27300000,41.00000000,2.188
1749267407,2.27400000,231.10000000,2.188
1749267407,2.27500000,67.80000000,2.188
1749267407,2.27600000,430.10000000,2.188
1749267407,2.27700000,513.60000000,2.188
1749267407,2.27900000,3.80000000,2.188
1749267407,2.28000000,1521.50000000,2.188
1749267407,2.28100000,10.20000000,2.188
1749267407,2.28300000,207.80000000,2.188
1749267407,2.28400000,650.10000000,2.188
1749267407,2.28500000,16.70000000,2.188
1749267407,2.28600000,13.90000000,2.188
1749267407,2.28800000,119.30000000,2.188
1749267407,2.28900000,656.30000000,2.188
1749267407,2.29000000,66.40000000,2.188
1749267407,2.29100000,12.40000000,2.188
1749267407,2.29200000,23.90000000,2.188
1749267407,2.29300000,59.10000000,2.188
1749267407,2.29400000,1063.00000000,2.188
1749267407,2.29600000,30.70000000,2.188
1749267407,2.29700000,5.90000000,2.188
1749267407,2.29800000,654.50000000,2.188
1749267407,2.29900000,4.20000000,2.188
1749267407,2.30000000,466.50000000,2.188
1749267709,2.19500000,212.50000000,2.194
1749267709,2.19600000,2442.20000000,2.194
1749267709,2.19700000,2199.90000000,2.194
1749267709,2.19800000,2341.80000000,2.194
1749267709,2.19900000,1547.50000000,2.194
1749267709,2.20000000,2106.20000000,2.194
1749267709,2.20100000,1089.70000000,2.194
1749267709,2.20200000,1041.20000000,2.194
1749267709,2.20300000,1628.00000000,2.194
1749267709,2.20400000,1089.90000000,2.194
1749267709,2.20500000,3573.30000000,2.194
1749267709,2.20600000,845.50000000,2.194
1749267709,2.20700000,843.60000000,2.194
1749267709,2.20800000,479.20000000,2.194
1749267709,2.20900000,1311.10000000,2.194
1749267709,2.21000000,2518.60000000,2.194
1749267709,2.21100000,158.70000000,2.194
1749267709,2.21200000,602.10000000,2.194
1749267709,2.21300000,18.20000000,2.194
1749267709,2.21400000,11.70000000,2.194
1749267709,2.21500000,622.50000000,2.194
1749267709,2.21600000,1470.60000000,2.194
1749267709,2.21700000,597.80000000,2.194
1749267709,2.21800000,789.60000000,2.194
1749267709,2.21900000,51.30000000,2.194
1749267709,2.22000000,682.70000000,2.194
1749267709,2.22100000,393.30000000,2.194
1749267709,2.22200000,9.50000000,2.194
1749267709,2.22300000,736.10000000,2.194
1749267709,2.22400000,1062.90000000,2.194
1749267709,2.22500000,1507.20000000,2.194
1749267709,2.22600000,492.50000000,2.194
1749267709,2.22700000,2036.70000000,2.194
1749267709,2.22800000,19.50000000,2.194
1749267709,2.22900000,8.80000000,2.194
1749267709,2.23000000,31.50000000,2.194
1749267709,2.23200000,4.50000000,2.194
1749267709,2.23300000,19.40000000,2.194
1749267709,2.23400000,67.60000000,2.194
1749267709,2.23500000,24.00000000,2.194
1749267709,2.23600000,4.50000000,2.194
1749267709,2.23800000,934.20000000,2.194
1749267709,2.23900000,2.50000000,2.194
1749267709,2.24000000,667.70000000,2.194
1749267709,2.24200000,13.00000000,2.194
1749267709,2.24300000,143.90000000,2.194
1749267709,2.24400000,46.70000000,2.194
1749267709,2.24500000,143.30000000,2.194
1749267709,2.24600000,22.60000000,2.194
1749267709,2.24700000,6.70000000,2.194
1749267709,2.24800000,50.50000000,2.194
1749267709,2.25000000,13.90000000,2.194
1749267709,2.25100000,227.20000000,2.194
1749267709,2.25200000,229.30000000,2.194
1749267709,2.25300000,113.20000000,2.194
1749267709,2.25400000,4.50000000,2.194
1749267709,2.25500000,14.50000000,2.194
1749267709,2.25700000,425.60000000,2.194
1749267709,2.25800000,48.90000000,2.194
1749267709,2.26000000,461.40000000,2.194
1749267709,2.26100000,16.00000000,2.194
1749267709,2.26300000,21.40000000,2.194
1749267709,2.26400000,13.40000000,2.194
1749267709,2.26500000,5.90000000,2.194
1749267709,2.26600000,494.10000000,2.194
1749267709,2.26800000,61.70000000,2.194
1749267709,2.26900000,124.30000000,2.194
1749267709,2.27000000,14.40000000,2.194
1749267709,2.27100000,22.30000000,2.194
1749267709,2.27200000,4.50000000,2.194
1749267709,2.27300000,10.00000000,2.194
1749267709,2.27400000,231.10000000,2.194
1749267709,2.27500000,67.80000000,2.194
1749267709,2.27600000,9.60000000,2.194
1749267709,2.27700000,513.60000000,2.194
1749267709,2.27900000,3.80000000,2.194
1749267709,2.28000000,1521.50000000,2.194
1749267709,2.28100000,10.20000000,2.194
1749267709,2.28200000,451.50000000,2.194
1749267709,2.28300000,207.80000000,2.194
1749267709,2.28400000,650.10000000,2.194
1749267709,2.28500000,16.70000000,2.194
1749267709,2.28600000,13.90000000,2.194
1749267709,2.28800000,5.40000000,2.194
1749267709,2.28900000,656.30000000,2.194
1749267709,2.29000000,66.40000000,2.194
1749267709,2.29100000,12.40000000,2.194
1749267709,2.29200000,23.90000000,2.194
1749267709,2.29300000,59.10000000,2.194
1749267709,2.29400000,768.40000000,2.194
1749267709,2.29600000,30.70000000,2.194
1749267709,2.29700000,5.90000000,2.194
1749267709,2.29800000,654.50000000,2.194
1749267709,2.29900000,4.20000000,2.194
1749267709,2.30000000,875.00000000,2.194
1749267709,2.30100000,52.90000000,2.194
1749267709,2.30200000,207.20000000,2.194
1749267709,2.30300000,195.00000000,2.194
1749267709,2.30400000,29.70000000,2.194
1749267709,2.30500000,12.20000000,2.194
1749268010,2.19100000,253.80000000,2.192
1749268010,2.19200000,1110.10000000,2.192
1749268010,2.19300000,1542.00000000,2.192
1749268010,2.19400000,1702.60000000,2.192
1749268010,2.19500000,1446.20000000,2.192
1749268010,2.19600000,2000.50000000,2.192
1749268010,2.19700000,1558.80000000,2.192
1749268010,2.19800000,1380.10000000,2.192
1749268010,2.19900000,1028.80000000,2.192
1749268010,2.20000000,2093.70000000,2.192
