timestamp,price,volume,current_price
1749258470,0.02714000,17076.00000000,0.02714
1749258470,0.02715000,41875.50000000,0.02714
1749258470,0.02716000,150757.70000000,0.02714
1749258470,0.02717000,54380.60000000,0.02714
1749258470,0.02718000,17677.40000000,0.02714
1749258470,0.02719000,36227.20000000,0.02714
1749258470,0.02720000,21683.80000000,0.02714
1749258470,0.02721000,227671.60000000,0.02714
1749258470,0.02722000,91219.80000000,0.02714
1749258470,0.02723000,17704.90000000,0.02714
1749258470,0.02724000,12502.90000000,0.02714
1749258470,0.02725000,28593.40000000,0.02714
1749258470,0.02726000,26660.50000000,0.02714
1749258470,0.02727000,22234.40000000,0.02714
1749258470,0.02728000,71955.50000000,0.02714
1749258470,0.02729000,24483.50000000,0.02714
1749258470,0.02730000,31406.90000000,0.02714
1749258470,0.02731000,20112.60000000,0.02714
1749258470,0.02732000,10489.60000000,0.02714
1749258470,0.02733000,290153.40000000,0.02714
1749258470,0.02734000,922.30000000,0.02714
1749258470,0.02737000,74641.70000000,0.02714
1749258470,0.02738000,35024.00000000,0.02714
1749258470,0.02740000,45512.90000000,0.02714
1749258470,0.02742000,215412.70000000,0.02714
1749258470,0.02745000,47302.10000000,0.02714
1749258470,0.02746000,44855.70000000,0.02714
1749258470,0.02748000,87111.90000000,0.02714
1749258470,0.02749000,1237.70000000,0.02714
1749258470,0.02750000,60029.30000000,0.02714
1749258470,0.02758000,152886.10000000,0.02714
1749258470,0.02760000,8346.50000000,0.02714
1749258470,0.02763000,700000.00000000,0.02714
1749258470,0.02771000,1804.50000000,0.02714
1749258470,0.02780000,1215.80000000,0.02714
1749258470,0.02784000,70938.40000000,0.02714
1749258470,0.02786000,287.20000000,0.02714
1749258470,0.02787000,322.90000000,0.02714
1749258470,0.02788000,731.60000000,0.02714
1749258470,0.02792000,2964.60000000,0.02714
1749258470,0.02796000,357.50000000,0.02714
1749258470,0.02799000,34935.00000000,0.02714
1749258470,0.02804000,249.60000000,0.02714
1749258470,0.02805000,8383.70000000,0.02714
1749258470,0.02806000,1424.80000000,0.02714
1749258470,0.02807000,285.00000000,0.02714
1749258470,0.02809000,199.40000000,0.02714
1749258470,0.02810000,256.30000000,0.02714
1749258470,0.02812000,747.60000000,0.02714
1749258470,0.02814000,731.60000000,0.02714
1749258470,0.02816000,248.60000000,0.02714
1749258470,0.02828000,2333.90000000,0.02714
1749258470,0.02831000,33098.60000000,0.02714
1749258470,0.02833000,352.80000000,0.02714
1749258470,0.02835000,352.70000000,0.02714
1749258470,0.02838000,9132.50000000,0.02714
1749258470,0.02840000,352.10000000,0.02714
1749258470,0.02841000,619.50000000,0.02714
1749258470,0.02842000,747.10000000,0.02714
1749258470,0.02846000,389.00000000,0.02714
1749258470,0.02850000,2245.80000000,0.02714
1749258470,0.02854000,33942.10000000,0.02714
1749258470,0.02857000,302.50000000,0.02714
1749258470,0.02859000,279.80000000,0.02714
1749258470,0.02860000,354.80000000,0.02714
1749258470,0.02863000,8886.30000000,0.02714
1749258470,0.02866000,211.50000000,0.02714
1749258470,0.02869000,1463.20000000,0.02714
1749258470,0.02871000,278.60000000,0.02714
1749258470,0.02873000,746.40000000,0.02714
1749258470,0.02879000,7811.70000000,0.02714
1749258470,0.02880000,7945.00000000,0.02714
1749258470,0.02883000,1735.00000000,0.02714
1749258470,0.02884000,2288.50000000,0.02714
1749258470,0.02888000,15435.50000000,0.02714
1749258470,0.02889000,60382.80000000,0.02714
1749258470,0.02890000,2526.90000000,0.02714
1749258470,0.02891000,540.40000000,0.02714
1749258470,0.02897000,3146.10000000,0.02714
1749258470,0.02900000,25129.30000000,0.02714
1749258470,0.02903000,346.50000000,0.02714
1749258470,0.02904000,745.80000000,0.02714
1749258470,0.02905000,1860.50000000,0.02714
1749258470,0.02909000,298.00000000,0.02714
1749258470,0.02910000,348.70000000,0.02714
1749258470,0.02914000,355.80000000,0.02714
1749258470,0.02917000,192.00000000,0.02714
1749258470,0.02924000,2926.40000000,0.02714
1749258470,0.02929000,195.00000000,0.02714
1749258470,0.02933000,238.60000000,0.02714
1749258470,0.02935000,745.30000000,0.02714
1749258470,0.02940000,1889.20000000,0.02714
1749258470,0.02941000,595.40000000,0.02714
1749258470,0.02942000,2243.40000000,0.02714
1749258470,0.02944000,3453.00000000,0.02714
1749258470,0.02948000,7100.90000000,0.02714
1749258470,0.02950000,344.00000000,0.02714
1749258470,0.02953000,271.00000000,0.02714
1749258470,0.02956000,189.40000000,0.02714
1749258470,0.02966000,566.50000000,0.02714
1749258832,0.02718000,23718.70000000,0.02717
1749258832,0.02719000,63469.30000000,0.02717
1749258832,0.02720000,67102.00000000,0.02717
1749258832,0.02721000,108754.00000000,0.02717
1749258832,0.02722000,94811.30000000,0.02717
1749258832,0.02723000,22602.30000000,0.02717
1749258832,0.02724000,21969.50000000,0.02717
1749258832,0.02725000,222220.80000000,0.02717
1749258832,0.02726000,21430.60000000,0.02717
1749258832,0.02727000,22247.20000000,0.02717
1749258832,0.02728000,290399.50000000,0.02717
1749258832,0.02729000,42777.10000000,0.02717
1749258832,0.02730000,32423.30000000,0.02717
1749258832,0.02731000,20112.60000000,0.02717
1749258832,0.02732000,43745.10000000,0.02717
1749258832,0.02733000,49080.40000000,0.02717
1749258832,0.02734000,18409.40000000,0.02717
1749258832,0.02735000,922.50000000,0.02717
1749258832,0.02739000,38728.80000000,0.02717
1749258832,0.02740000,46435.90000000,0.02717
1749258832,0.02741000,34985.70000000,0.02717
1749258832,0.02745000,49187.80000000,0.02717
1749258832,0.02746000,44240.40000000,0.02717
1749258832,0.02747000,261265.80000000,0.02717
1749258832,0.02749000,1237.70000000,0.02717
1749258832,0.02750000,148229.10000000,0.02717
1749258832,0.02753000,10539.60000000,0.02717
1749258832,0.02755000,923.00000000,0.02717
1749258832,0.02760000,150736.40000000,0.02717
1749258832,0.02765000,700922.10000000,0.02717
1749258832,0.02771000,1804.50000000,0.02717
1749258832,0.02780000,1215.80000000,0.02717
1749258832,0.02784000,70938.40000000,0.02717
1749258832,0.02786000,287.20000000,0.02717
1749258832,0.02787000,322.90000000,0.02717
1749258832,0.02788000,731.60000000,0.02717
1749258832,0.02792000,2964.60000000,0.02717
1749258832,0.02796000,357.50000000,0.02717
1749258832,0.02799000,34935.00000000,0.02717
1749258832,0.02804000,249.60000000,0.02717
1749258832,0.02805000,8383.70000000,0.02717
1749258832,0.02806000,1424.80000000,0.02717
1749258832,0.02807000,285.00000000,0.02717
1749258832,0.02809000,199.40000000,0.02717
1749258832,0.02810000,256.30000000,0.02717
1749258832,0.02812000,747.60000000,0.02717
1749258832,0.02814000,731.60000000,0.02717
1749258832,0.02816000,248.60000000,0.02717
1749258832,0.02828000,2333.90000000,0.02717
1749258832,0.02831000,33098.60000000,0.02717
1749258832,0.02833000,352.80000000,0.02717
1749258832,0.02835000,352.70000000,0.02717
1749258832,0.02838000,9132.50000000,0.02717
1749258832,0.02840000,352.10000000,0.02717
1749258832,0.02841000,619.50000000,0.02717
1749258832,0.02842000,747.10000000,0.02717
1749258832,0.02846000,389.00000000,0.02717
1749258832,0.02850000,2245.80000000,0.02717
1749258832,0.02854000,33942.10000000,0.02717
1749258832,0.02857000,302.50000000,0.02717
1749258832,0.02859000,279.80000000,0.02717
1749258832,0.02860000,354.80000000,0.02717
1749258832,0.02863000,8886.30000000,0.02717
1749258832,0.02866000,211.50000000,0.02717
1749258832,0.02869000,1463.20000000,0.02717
1749258832,0.02871000,278.60000000,0.02717
1749258832,0.02873000,746.40000000,0.02717
1749258832,0.02879000,7811.70000000,0.02717
1749258832,0.02880000,7945.00000000,0.02717
1749258832,0.02883000,1735.00000000,0.02717
1749258832,0.02884000,2288.50000000,0.02717
1749258832,0.02888000,15435.50000000,0.02717
1749258832,0.02889000,60382.80000000,0.02717
1749258832,0.02890000,2526.90000000,0.02717
1749258832,0.02891000,540.40000000,0.02717
1749258832,0.02897000,3146.10000000,0.02717
1749258832,0.02900000,25129.30000000,0.02717
1749258832,0.02903000,346.50000000,0.02717
1749258832,0.02904000,745.80000000,0.02717
1749258832,0.02905000,1860.50000000,0.02717
1749258832,0.02909000,298.00000000,0.02717
1749258832,0.02910000,348.70000000,0.02717
1749258832,0.02914000,355.80000000,0.02717
1749258832,0.02917000,192.00000000,0.02717
1749258832,0.02924000,2926.40000000,0.02717
1749258832,0.02929000,195.00000000,0.02717
1749258832,0.02933000,238.60000000,0.02717
1749258832,0.02935000,745.30000000,0.02717
1749258832,0.02940000,1889.20000000,0.02717
1749258832,0.02941000,595.40000000,0.02717
1749258832,0.02942000,2243.40000000,0.02717
1749258832,0.02944000,3453.00000000,0.02717
1749258832,0.02948000,7100.90000000,0.02717
1749258832,0.02950000,344.00000000,0.02717
1749258832,0.02953000,271.00000000,0.02717
1749258832,0.02956000,189.40000000,0.02717
1749258832,0.02966000,566.50000000,0.02717
1749258832,0.02967000,744.70000000,0.02717
1749258832,0.02981000,337.50000000,0.02717
1749258832,0.02982000,417.30000000,0.02717
1749259138,0.02708000,20354.30000000,0.02708
1749259138,0.02709000,10342.70000000,0.02708
1749259138,0.02710000,44034.80000000,0.02708
1749259138,0.02711000,79253.20000000,0.02708
1749259138,0.02712000,106444.80000000,0.02708
1749259138,0.02713000,132586.70000000,0.02708
1749259138,0.02714000,137994.50000000,0.02708
1749259138,0.02715000,249726.50000000,0.02708
1749259138,0.02716000,50485.10000000,0.02708
1749259138,0.02717000,23349.50000000,0.02708
1749259138,0.02718000,11599.50000000,0.02708
1749259138,0.02719000,25800.20000000,0.02708
1749259138,0.02720000,53195.70000000,0.02708
1749259138,0.02721000,359409.50000000,0.02708
1749259138,0.02722000,47271.90000000,0.02708
1749259138,0.02725000,35158.00000000,0.02708
1749259138,0.02727000,10664.80000000,0.02708
1749259138,0.02729000,38919.90000000,0.02708
1749259138,0.02730000,20866.50000000,0.02708
1749259138,0.02732000,20106.20000000,0.02708
1749259138,0.02733000,44236.50000000,0.02708
1749259138,0.02734000,62988.70000000,0.02708
1749259138,0.02735000,247876.00000000,0.02708
1749259138,0.02740000,46435.90000000,0.02708
1749259138,0.02741000,87276.80000000,0.02708
1749259138,0.02745000,4005.30000000,0.02708
1749259138,0.02749000,1237.70000000,0.02708
1749259138,0.02750000,60952.30000000,0.02708
1749259138,0.02751000,149814.30000000,0.02708
1749259138,0.02755000,923.00000000,0.02708
1749259138,0.02757000,700000.00000000,0.02708
1749259138,0.02771000,1804.50000000,0.02708
1749259138,0.02780000,1215.80000000,0.02708
1749259138,0.02784000,70938.40000000,0.02708
1749259138,0.02786000,287.20000000,0.02708
1749259138,0.02787000,322.90000000,0.02708
1749259138,0.02788000,731.60000000,0.02708
1749259138,0.02792000,37714.60000000,0.02708
1749259138,0.02796000,357.50000000,0.02708
1749259138,0.02797000,8383.70000000,0.02708
1749259138,0.02799000,185.00000000,0.02708
1749259138,0.02804000,249.60000000,0.02708
1749259138,0.02806000,1424.80000000,0.02708
1749259138,0.02807000,285.00000000,0.02708
1749259138,0.02809000,199.40000000,0.02708
1749259138,0.02810000,256.30000000,0.02708
1749259138,0.02812000,747.60000000,0.02708
1749259138,0.02814000,731.60000000,0.02708
1749259138,0.02816000,248.60000000,0.02708
1749259138,0.02822000,33098.60000000,0.02708
1749259138,0.02828000,2333.90000000,0.02708
1749259138,0.02833000,352.80000000,0.02708
1749259138,0.02835000,352.70000000,0.02708
1749259138,0.02838000,9132.50000000,0.02708
1749259138,0.02840000,352.10000000,0.02708
1749259138,0.02841000,619.50000000,0.02708
1749259138,0.02842000,747.10000000,0.02708
1749259138,0.02846000,389.00000000,0.02708
1749259138,0.02850000,2245.80000000,0.02708
1749259138,0.02854000,33942.10000000,0.02708
1749259138,0.02857000,302.50000000,0.02708
1749259138,0.02859000,279.80000000,0.02708
1749259138,0.02860000,354.80000000,0.02708
1749259138,0.02863000,8886.30000000,0.02708
1749259138,0.02866000,211.50000000,0.02708
1749259138,0.02869000,1463.20000000,0.02708
1749259138,0.02871000,278.60000000,0.02708
1749259138,0.02873000,746.40000000,0.02708
1749259138,0.02879000,7811.70000000,0.02708
1749259138,0.02880000,7945.00000000,0.02708
1749259138,0.02883000,1735.00000000,0.02708
1749259138,0.02884000,2288.50000000,0.02708
1749259138,0.02888000,15435.50000000,0.02708
1749259138,0.02889000,60382.80000000,0.02708
1749259138,0.02890000,2526.90000000,0.02708
1749259138,0.02891000,540.40000000,0.02708
1749259138,0.02897000,3146.10000000,0.02708
1749259138,0.02900000,25129.30000000,0.02708
1749259138,0.02903000,346.50000000,0.02708
1749259138,0.02904000,745.80000000,0.02708
1749259138,0.02905000,1860.50000000,0.02708
1749259138,0.02909000,298.00000000,0.02708
1749259138,0.02910000,348.70000000,0.02708
1749259138,0.02914000,355.80000000,0.02708
1749259138,0.02917000,192.00000000,0.02708
1749259138,0.02924000,2926.40000000,0.02708
1749259138,0.02929000,195.00000000,0.02708
1749259138,0.02933000,238.60000000,0.02708
1749259138,0.02935000,745.30000000,0.02708
1749259138,0.02940000,1889.20000000,0.02708
1749259138,0.02941000,595.40000000,0.02708
1749259138,0.02942000,2243.40000000,0.02708
1749259138,0.02944000,3453.00000000,0.02708
1749259138,0.02948000,7100.90000000,0.02708
1749259138,0.02950000,344.00000000,0.02708
1749259138,0.02953000,271.00000000,0.02708
1749259138,0.02956000,189.40000000,0.02708
1749259138,0.02966000,566.50000000,0.02708
1749259138,0.02967000,744.70000000,0.02708
1749259138,0.02981000,337.50000000,0.02708
