timestamp,price,volume,current_price
1749260853,0.02710000,764.70000000,0.0271
1749260853,0.02711000,12061.50000000,0.0271
1749260853,0.02712000,10000.00000000,0.0271
1749260853,0.02713000,79422.40000000,0.0271
1749260853,0.02714000,42062.40000000,0.0271
1749260853,0.02715000,101106.80000000,0.0271
1749260853,0.02716000,26545.50000000,0.0271
1749260853,0.02717000,15328.50000000,0.0271
1749260853,0.02718000,209718.00000000,0.0271
1749260853,0.02719000,23490.30000000,0.0271
1749260853,0.02720000,11588.80000000,0.0271
1749260853,0.02721000,28614.80000000,0.0271
1749260853,0.02722000,303107.80000000,0.0271
1749260853,0.02725000,58591.20000000,0.0271
1749260853,0.02726000,34219.50000000,0.0271
1749260853,0.02730000,1538.00000000,0.0271
1749260853,0.02732000,9566.60000000,0.0271
1749260853,0.02733000,34966.50000000,0.0271
1749260853,0.02734000,63410.90000000,0.0271
1749260853,0.02740000,270404.40000000,0.0271
1749260853,0.02742000,82318.20000000,0.0271
1749260853,0.02745000,3082.30000000,0.0271
1749260853,0.02747000,10539.60000000,0.0271
1749260853,0.02750000,60029.30000000,0.0271
1749260853,0.02751000,148176.70000000,0.0271
1749260853,0.02757000,700000.00000000,0.0271
1749260853,0.02771000,1804.50000000,0.0271
1749260853,0.02777000,70938.40000000,0.0271
1749260853,0.02780000,1215.80000000,0.0271
1749260853,0.02786000,287.20000000,0.0271
1749260853,0.02787000,322.90000000,0.0271
1749260853,0.02788000,731.60000000,0.0271
1749260853,0.02792000,37714.60000000,0.0271
1749260853,0.02796000,8741.20000000,0.0271
1749260853,0.02799000,185.00000000,0.0271
1749260853,0.02804000,249.60000000,0.0271
1749260853,0.02806000,1424.80000000,0.0271
1749260853,0.02807000,285.00000000,0.0271
1749260853,0.02809000,199.40000000,0.0271
1749260853,0.02810000,256.30000000,0.0271
1749260853,0.02812000,747.60000000,0.0271
1749260853,0.02814000,731.60000000,0.0271
1749260853,0.02816000,248.60000000,0.0271
1749260853,0.02822000,33098.60000000,0.0271
1749260853,0.02828000,2333.90000000,0.0271
1749260853,0.02830000,9132.50000000,0.0271
1749260853,0.02833000,352.80000000,0.0271
1749260853,0.02835000,352.70000000,0.0271
1749260853,0.02840000,352.10000000,0.0271
1749260853,0.02841000,619.50000000,0.0271
1749260853,0.02842000,747.10000000,0.0271
1749260853,0.02846000,389.00000000,0.0271
1749260853,0.02847000,33942.10000000,0.0271
1749260853,0.02850000,2245.80000000,0.0271
1749260853,0.02855000,8886.30000000,0.0271
1749260853,0.02857000,302.50000000,0.0271
1749260853,0.02859000,279.80000000,0.0271
1749260853,0.02860000,354.80000000,0.0271
1749260853,0.02866000,211.50000000,0.0271
1749260853,0.02869000,1463.20000000,0.0271
1749260853,0.02871000,278.60000000,0.0271
1749260853,0.02873000,746.40000000,0.0271
1749260853,0.02879000,7811.70000000,0.0271
1749260853,0.02880000,7945.00000000,0.0271
1749260853,0.02883000,1735.00000000,0.0271
1749260853,0.02884000,2288.50000000,0.0271
1749260853,0.02888000,15435.50000000,0.0271
1749260853,0.02889000,60382.80000000,0.0271
1749260853,0.02890000,2526.90000000,0.0271
1749260853,0.02891000,540.40000000,0.0271
1749260853,0.02897000,3146.10000000,0.0271
1749260853,0.02900000,25129.30000000,0.0271
1749260853,0.02903000,346.50000000,0.0271
1749260853,0.02904000,745.80000000,0.0271
1749260853,0.02905000,1860.50000000,0.0271
1749260853,0.02909000,298.00000000,0.0271
1749260853,0.02910000,348.70000000,0.0271
1749260853,0.02914000,355.80000000,0.0271
1749260853,0.02917000,192.00000000,0.0271
1749260853,0.02924000,2926.40000000,0.0271
1749260853,0.02929000,195.00000000,0.0271
1749260853,0.02933000,238.60000000,0.0271
1749260853,0.02935000,745.30000000,0.0271
1749260853,0.02940000,1889.20000000,0.0271
1749260853,0.02941000,595.40000000,0.0271
1749260853,0.02942000,2243.40000000,0.0271
1749260853,0.02944000,3453.00000000,0.0271
1749260853,0.02948000,7100.90000000,0.0271
1749260853,0.02950000,344.00000000,0.0271
1749260853,0.02953000,271.00000000,0.0271
1749260853,0.02956000,189.40000000,0.0271
1749260853,0.02966000,566.50000000,0.0271
1749260853,0.02967000,744.70000000,0.0271
1749260853,0.02980000,4000.00000000,0.0271
1749260853,0.02981000,337.50000000,0.0271
1749260853,0.02982000,417.30000000,0.0271
1749260853,0.02989000,216.70000000,0.0271
1749260853,0.02990000,680.80000000,0.0271
1749260853,0.02994000,11041.60000000,0.0271
1749260853,0.02995000,3513.60000000,0.0271
1749261179,0.02710000,5000.00000000,0.0271
1749261179,0.02711000,40356.40000000,0.0271
1749261179,0.02712000,37548.60000000,0.0271
1749261179,0.02713000,44170.00000000,0.0271
1749261179,0.02714000,96614.70000000,0.0271
1749261179,0.02715000,16592.10000000,0.0271
1749261179,0.02716000,72210.80000000,0.0271
1749261179,0.02717000,63155.20000000,0.0271
1749261179,0.02718000,214771.80000000,0.0271
1749261179,0.02719000,11597.40000000,0.0271
1749261179,0.02720000,11601.60000000,0.0271
1749261179,0.02721000,11601.60000000,0.0271
1749261179,0.02722000,28608.30000000,0.0271
1749261179,0.02723000,305085.20000000,0.0271
1749261179,0.02724000,24430.20000000,0.0271
1749261179,0.02725000,78526.40000000,0.0271
1749261179,0.02728000,10664.80000000,0.0271
1749261179,0.02730000,1538.00000000,0.0271
1749261179,0.02732000,9566.60000000,0.0271
1749261179,0.02733000,38996.10000000,0.0271
1749261179,0.02734000,18409.40000000,0.0271
1749261179,0.02735000,44087.40000000,0.0271
1749261179,0.02736000,1235.00000000,0.0271
1749261179,0.02737000,13917.90000000,0.0271
1749261179,0.02739000,273231.80000000,0.0271
1749261179,0.02740000,31595.00000000,0.0271
1749261179,0.02745000,90466.70000000,0.0271
1749261179,0.02750000,60029.30000000,0.0271
1749261179,0.02752000,149999.10000000,0.0271
1749261179,0.02755000,10539.60000000,0.0271
1749261179,0.02757000,700000.00000000,0.0271
1749261179,0.02771000,1804.50000000,0.0271
1749261179,0.02780000,1215.80000000,0.0271
1749261179,0.02786000,71225.60000000,0.0271
1749261179,0.02787000,322.90000000,0.0271
1749261179,0.02788000,731.60000000,0.0271
1749261179,0.02792000,2964.60000000,0.0271
1749261179,0.02793000,34750.00000000,0.0271
1749261179,0.02796000,357.50000000,0.0271
1749261179,0.02799000,185.00000000,0.0271
1749261179,0.02804000,249.60000000,0.0271
1749261179,0.02805000,8383.70000000,0.0271
1749261179,0.02806000,1068.60000000,0.0271
1749261179,0.02807000,285.00000000,0.0271
1749261179,0.02809000,199.40000000,0.0271
1749261179,0.02810000,256.30000000,0.0271
1749261179,0.02812000,747.60000000,0.0271
1749261179,0.02814000,731.60000000,0.0271
1749261179,0.02816000,248.60000000,0.0271
1749261179,0.02828000,2333.90000000,0.0271
1749261179,0.02830000,33098.60000000,0.0271
1749261179,0.02833000,352.80000000,0.0271
1749261179,0.02835000,352.70000000,0.0271
1749261179,0.02838000,9132.50000000,0.0271
1749261179,0.02840000,352.10000000,0.0271
1749261179,0.02841000,619.50000000,0.0271
1749261179,0.02842000,747.10000000,0.0271
1749261179,0.02846000,389.00000000,0.0271
1749261179,0.02848000,351.00000000,0.0271
1749261179,0.02850000,2245.80000000,0.0271
1749261179,0.02855000,33942.10000000,0.0271
1749261179,0.02857000,302.50000000,0.0271
1749261179,0.02859000,279.80000000,0.0271
1749261179,0.02860000,354.80000000,0.0271
1749261179,0.02863000,8886.30000000,0.0271
1749261179,0.02866000,211.50000000,0.0271
1749261179,0.02869000,1463.20000000,0.0271
1749261179,0.02871000,278.60000000,0.0271
1749261179,0.02873000,746.40000000,0.0271
1749261179,0.02879000,7811.70000000,0.0271
1749261179,0.02880000,7945.00000000,0.0271
1749261179,0.02883000,1735.00000000,0.0271
1749261179,0.02884000,2288.50000000,0.0271
1749261179,0.02888000,15435.50000000,0.0271
1749261179,0.02889000,60382.80000000,0.0271
1749261179,0.02890000,2526.90000000,0.0271
1749261179,0.02891000,540.40000000,0.0271
1749261179,0.02897000,3146.10000000,0.0271
1749261179,0.02900000,25129.30000000,0.0271
1749261179,0.02903000,346.50000000,0.0271
1749261179,0.02904000,745.80000000,0.0271
1749261179,0.02905000,1860.50000000,0.0271
1749261179,0.02909000,298.00000000,0.0271
1749261179,0.02910000,348.70000000,0.0271
1749261179,0.02914000,355.80000000,0.0271
1749261179,0.02917000,192.00000000,0.0271
1749261179,0.02924000,2926.40000000,0.0271
1749261179,0.02929000,195.00000000,0.0271
1749261179,0.02933000,238.60000000,0.0271
1749261179,0.02935000,745.30000000,0.0271
1749261179,0.02940000,1889.20000000,0.0271
1749261179,0.02941000,595.40000000,0.0271
1749261179,0.02942000,2243.40000000,0.0271
1749261179,0.02944000,3453.00000000,0.0271
1749261179,0.02948000,7100.90000000,0.0271
1749261179,0.02950000,344.00000000,0.0271
1749261179,0.02953000,271.00000000,0.0271
1749261179,0.02956000,189.40000000,0.0271
1749261179,0.02966000,566.50000000,0.0271
1749261179,0.02967000,744.70000000,0.0271
1749261494,0.02708000,8550.00000000,0.02706
1749261494,0.02709000,51125.10000000,0.02706
1749261494,0.02710000,33719.50000000,0.02706
1749261494,0.02711000,19389.50000000,0.02706
1749261494,0.02712000,410653.60000000,0.02706
1749261494,0.02713000,11635.50000000,0.02706
1749261494,0.02714000,35567.10000000,0.02706
1749261494,0.02715000,226791.40000000,0.02706
1749261494,0.02716000,35480.60000000,0.02706
1749261494,0.02717000,11605.90000000,0.02706
1749261494,0.02718000,25813.60000000,0.02706
1749261494,0.02719000,28614.80000000,0.02706
1749261494,0.02720000,22262.20000000,0.02706
1749261494,0.02721000,44031.00000000,0.02706
1749261494,0.02722000,24470.40000000,0.02706
1749261494,0.02724000,34237.70000000,0.02706
1749261494,0.02729000,38776.60000000,0.02706
1749261494,0.02730000,1538.00000000,0.02706
1749261494,0.02732000,9566.60000000,0.02706
1749261494,0.02733000,44379.50000000,0.02706
1749261494,0.02734000,18409.40000000,0.02706
1749261494,0.02735000,44087.40000000,0.02706
1749261494,0.02736000,238396.70000000,0.02706
1749261494,0.02737000,13917.90000000,0.02706
1749261494,0.02740000,31595.00000000,0.02706
1749261494,0.02741000,87384.40000000,0.02706
1749261494,0.02745000,3082.30000000,0.02706
1749261494,0.02750000,60029.30000000,0.02706
1749261494,0.02751000,10539.60000000,0.02706
1749261494,0.02752000,149999.10000000,0.02706
1749261494,0.02757000,700000.00000000,0.02706
1749261494,0.02771000,1804.50000000,0.02706
1749261494,0.02779000,70938.40000000,0.02706
1749261494,0.02780000,1215.80000000,0.02706
1749261494,0.02786000,287.20000000,0.02706
1749261494,0.02787000,322.90000000,0.02706
1749261494,0.02788000,731.60000000,0.02706
1749261494,0.02792000,2964.60000000,0.02706
1749261494,0.02793000,34750.00000000,0.02706
1749261494,0.02796000,357.50000000,0.02706
1749261494,0.02797000,8383.70000000,0.02706
1749261494,0.02799000,185.00000000,0.02706
1749261494,0.02804000,249.60000000,0.02706
1749261494,0.02806000,1068.60000000,0.02706
1749261494,0.02807000,285.00000000,0.02706
1749261494,0.02809000,199.40000000,0.02706
1749261494,0.02810000,256.30000000,0.02706
1749261494,0.02812000,747.60000000,0.02706
1749261494,0.02814000,731.60000000,0.02706
1749261494,0.02816000,248.60000000,0.02706
1749261494,0.02822000,33098.60000000,0.02706
1749261494,0.02828000,2333.90000000,0.02706
1749261494,0.02830000,9132.50000000,0.02706
1749261494,0.02833000,352.80000000,0.02706
1749261494,0.02835000,352.70000000,0.02706
1749261494,0.02840000,352.10000000,0.02706
1749261494,0.02841000,619.50000000,0.02706
1749261494,0.02842000,747.10000000,0.02706
1749261494,0.02846000,389.00000000,0.02706
1749261494,0.02848000,351.00000000,0.02706
1749261494,0.02850000,2245.80000000,0.02706
1749261494,0.02855000,33942.10000000,0.02706
1749261494,0.02857000,302.50000000,0.02706
1749261494,0.02859000,279.80000000,0.02706
1749261494,0.02860000,354.80000000,0.02706
1749261494,0.02863000,8886.30000000,0.02706
1749261494,0.02866000,211.50000000,0.02706
1749261494,0.02869000,1463.20000000,0.02706
1749261494,0.02871000,278.60000000,0.02706
1749261494,0.02873000,746.40000000,0.02706
1749261494,0.02879000,7811.70000000,0.02706
1749261494,0.02880000,7945.00000000,0.02706
1749261494,0.02883000,1735.00000000,0.02706
1749261494,0.02884000,2288.50000000,0.02706
1749261494,0.02888000,15435.50000000,0.02706
1749261494,0.02889000,60382.80000000,0.02706
1749261494,0.02890000,2526.90000000,0.02706
1749261494,0.02891000,540.40000000,0.02706
1749261494,0.02897000,3146.10000000,0.02706
1749261494,0.02900000,25129.30000000,0.02706
1749261494,0.02903000,346.50000000,0.02706
1749261494,0.02904000,745.80000000,0.02706
1749261494,0.02905000,1860.50000000,0.02706
1749261494,0.02909000,298.00000000,0.02706
1749261494,0.02910000,348.70000000,0.02706
1749261494,0.02914000,355.80000000,0.02706
1749261494,0.02917000,192.00000000,0.02706
1749261494,0.02924000,2926.40000000,0.02706
1749261494,0.02929000,195.00000000,0.02706
1749261494,0.02933000,238.60000000,0.02706
1749261494,0.02935000,745.30000000,0.02706
1749261494,0.02940000,1889.20000000,0.02706
1749261494,0.02941000,595.40000000,0.02706
1749261494,0.02942000,2243.40000000,0.02706
1749261494,0.02944000,3453.00000000,0.02706
1749261494,0.02948000,7100.90000000,0.02706
1749261494,0.02950000,344.00000000,0.02706
1749261494,0.02953000,271.00000000,0.02706
1749261494,0.02956000,189.40000000,0.02706
1749261494,0.02966000,566.50000000,0.02706
1749261804,0.02701000,21428.40000000,0.02702
1749261804,0.02702000,55564.80000000,0.02702
1749261804,0.02703000,57223.00000000,0.02702
1749261804,0.02704000,5548.50000000,0.02702
1749261804,0.02705000,72641.00000000,0.02702
1749261804,0.02706000,69898.90000000,0.02702
1749261804,0.02707000,83170.00000000,0.02702
1749261804,0.02708000,25596.70000000,0.02702
1749261804,0.02709000,23029.50000000,0.02702
1749261804,0.02710000,11614.50000000,0.02702
1749261804,0.02711000,11605.90000000,0.02702
1749261804,0.02712000,28644.80000000,0.02702
1749261804,0.02713000,26309.40000000,0.02702
1749261804,0.02714000,30056.90000000,0.02702
1749261804,0.02715000,31554.10000000,0.02702
1749261804,0.02716000,335654.00000000,0.02702
1749261804,0.02719000,34269.80000000,0.02702
1749261804,0.02720000,10664.80000000,0.02702
1749261804,0.02724000,41495.50000000,0.02702
1749261804,0.02728000,267181.00000000,0.02702
1749261804,0.02730000,46649.10000000,0.02702
1749261804,0.02732000,9566.60000000,0.02702
1749261804,0.02733000,219.50000000,0.02702
1749261804,0.02734000,106613.00000000,0.02702
1749261804,0.02736000,1235.00000000,0.02702
1749261804,0.02737000,13917.90000000,0.02702
1749261804,0.02740000,31595.00000000,0.02702
1749261804,0.02744000,152879.20000000,0.02702
1749261804,0.02745000,3082.30000000,0.02702
1749261804,0.02749000,700000.00000000,0.02702
1749261804,0.02750000,60029.30000000,0.02702
1749261804,0.02751000,10539.60000000,0.02702
1749261804,0.02771000,1804.50000000,0.02702
1749261804,0.02779000,70938.40000000,0.02702
1749261804,0.02780000,1215.80000000,0.02702
1749261804,0.02786000,287.20000000,0.02702
1749261804,0.02787000,322.90000000,0.02702
1749261804,0.02788000,731.60000000,0.02702
1749261804,0.02792000,2964.60000000,0.02702
1749261804,0.02793000,34750.00000000,0.02702
1749261804,0.02796000,357.50000000,0.02702
1749261804,0.02797000,8383.70000000,0.02702
1749261804,0.02799000,185.00000000,0.02702
1749261804,0.02804000,249.60000000,0.02702
1749261804,0.02806000,1068.60000000,0.02702
1749261804,0.02807000,285.00000000,0.02702
1749261804,0.02809000,199.40000000,0.02702
1749261804,0.02810000,256.30000000,0.02702
1749261804,0.02812000,747.60000000,0.02702
1749261804,0.02814000,731.60000000,0.02702
1749261804,0.02816000,248.60000000,0.02702
1749261804,0.02822000,33098.60000000,0.02702
1749261804,0.02828000,2333.90000000,0.02702
1749261804,0.02830000,9132.50000000,0.02702
1749261804,0.02833000,352.80000000,0.02702
1749261804,0.02835000,352.70000000,0.02702
1749261804,0.02840000,352.10000000,0.02702
1749261804,0.02841000,619.50000000,0.02702
1749261804,0.02842000,747.10000000,0.02702
1749261804,0.02846000,389.00000000,0.02702
1749261804,0.02847000,33942.10000000,0.02702
1749261804,0.02848000,351.00000000,0.02702
1749261804,0.02850000,2245.80000000,0.02702
1749261804,0.02855000,8886.30000000,0.02702
1749261804,0.02857000,302.50000000,0.02702
1749261804,0.02859000,279.80000000,0.02702
1749261804,0.02860000,354.80000000,0.02702
1749261804,0.02866000,211.50000000,0.02702
1749261804,0.02869000,1463.20000000,0.02702
1749261804,0.02871000,278.60000000,0.02702
1749261804,0.02873000,746.40000000,0.02702
1749261804,0.02879000,7811.70000000,0.02702
1749261804,0.02880000,7945.00000000,0.02702
1749261804,0.02883000,1735.00000000,0.02702
1749261804,0.02884000,2288.50000000,0.02702
1749261804,0.02888000,15435.50000000,0.02702
1749261804,0.02889000,60382.80000000,0.02702
1749261804,0.02890000,2526.90000000,0.02702
1749261804,0.02891000,540.40000000,0.02702
1749261804,0.02897000,3146.10000000,0.02702
1749261804,0.02900000,25129.30000000,0.02702
1749261804,0.02903000,346.50000000,0.02702
1749261804,0.02904000,745.80000000,0.02702
1749261804,0.02905000,1860.50000000,0.02702
1749261804,0.02909000,298.00000000,0.02702
1749261804,0.02910000,348.70000000,0.02702
1749261804,0.02914000,355.80000000,0.02702
1749261804,0.02917000,192.00000000,0.02702
1749261804,0.02924000,2926.40000000,0.02702
1749261804,0.02929000,195.00000000,0.02702
1749261804,0.02933000,238.60000000,0.02702
1749261804,0.02935000,745.30000000,0.02702
1749261804,0.02940000,1889.20000000,0.02702
1749261804,0.02941000,595.40000000,0.02702
1749261804,0.02942000,2243.40000000,0.02702
1749261804,0.02944000,3453.00000000,0.02702
1749261804,0.02948000,7100.90000000,0.02702
1749261804,0.02950000,344.00000000,0.02702
1749261804,0.02953000,271.00000000,0.02702
1749261804,0.02956000,189.40000000,0.02702
1749262106,0.02699000,21229.00000000,0.02699
1749262106,0.02700000,11116.00000000,0.02699
1749262106,0.02701000,21938.70000000,0.02699
1749262106,0.02702000,2475.20000000,0.02699
1749262106,0.02703000,73542.00000000,0.02699
1749262106,0.02704000,358608.00000000,0.02699
1749262106,0.02705000,71074.60000000,0.02699
1749262106,0.02706000,28015.40000000,0.02699
1749262106,0.02707000,206669.90000000,0.02699
1749262106,0.02708000,11640.40000000,0.02699
1749262106,0.02709000,59919.20000000,0.02699
1749262106,0.02710000,27605.70000000,0.02699
1749262106,0.02711000,11605.90000000,0.02699
1749262106,0.02712000,28644.80000000,0.02699
1749262106,0.02713000,36065.30000000,0.02699
1749262106,0.02714000,18446.70000000,0.02699
1749262106,0.02715000,66169.70000000,0.02699
1749262106,0.02716000,20112.60000000,0.02699
1749262106,0.02720000,10664.80000000,0.02699
1749262106,0.02721000,43991.60000000,0.02699
1749262106,0.02722000,13917.90000000,0.02699
1749262106,0.02726000,211447.00000000,0.02699
1749262106,0.02728000,45165.60000000,0.02699
1749262106,0.02730000,46649.10000000,0.02699
1749262106,0.02731000,91314.60000000,0.02699
1749262106,0.02732000,9566.60000000,0.02699
1749262106,0.02733000,219.50000000,0.02699
1749262106,0.02734000,18409.40000000,0.02699
1749262106,0.02736000,1235.00000000,0.02699
1749262106,0.02740000,31595.00000000,0.02699
1749262106,0.02743000,10539.60000000,0.02699
1749262106,0.02744000,152879.20000000,0.02699
1749262106,0.02745000,3082.30000000,0.02699
1749262106,0.02749000,700000.00000000,0.02699
1749262106,0.02750000,60029.30000000,0.02699
1749262106,0.02771000,1804.50000000,0.02699
1749262106,0.02772000,70938.40000000,0.02699
1749262106,0.02780000,1215.80000000,0.02699
1749262106,0.02785000,34750.00000000,0.02699
1749262106,0.02786000,287.20000000,0.02699
1749262106,0.02787000,322.90000000,0.02699
1749262106,0.02788000,731.60000000,0.02699
1749262106,0.02792000,2964.60000000,0.02699
1749262106,0.02796000,357.50000000,0.02699
1749262106,0.02797000,8383.70000000,0.02699
1749262106,0.02799000,185.00000000,0.02699
1749262106,0.02804000,249.60000000,0.02699
1749262106,0.02806000,1068.60000000,0.02699
1749262106,0.02807000,285.00000000,0.02699
1749262106,0.02809000,199.40000000,0.02699
1749262106,0.02810000,256.30000000,0.02699
1749262106,0.02812000,747.60000000,0.02699
1749262106,0.02814000,731.60000000,0.02699
1749262106,0.02816000,248.60000000,0.02699
1749262106,0.02822000,33098.60000000,0.02699
1749262106,0.02828000,2333.90000000,0.02699
1749262106,0.02830000,9132.50000000,0.02699
1749262106,0.02833000,352.80000000,0.02699
1749262106,0.02835000,352.70000000,0.02699
1749262106,0.02840000,352.10000000,0.02699
1749262106,0.02841000,619.50000000,0.02699
1749262106,0.02842000,747.10000000,0.02699
1749262106,0.02846000,389.00000000,0.02699
1749262106,0.02847000,33942.10000000,0.02699
1749262106,0.02848000,351.00000000,0.02699
1749262106,0.02850000,2245.80000000,0.02699
1749262106,0.02855000,8886.30000000,0.02699
1749262106,0.02857000,302.50000000,0.02699
1749262106,0.02859000,279.80000000,0.02699
1749262106,0.02860000,354.80000000,0.02699
1749262106,0.02866000,211.50000000,0.02699
1749262106,0.02869000,1463.20000000,0.02699
1749262106,0.02871000,278.60000000,0.02699
1749262106,0.02873000,746.40000000,0.02699
1749262106,0.02879000,7811.70000000,0.02699
1749262106,0.02880000,7945.00000000,0.02699
1749262106,0.02883000,1735.00000000,0.02699
1749262106,0.02884000,2288.50000000,0.02699
1749262106,0.02888000,15435.50000000,0.02699
1749262106,0.02889000,60382.80000000,0.02699
1749262106,0.02890000,2526.90000000,0.02699
1749262106,0.02891000,540.40000000,0.02699
1749262106,0.02897000,3146.10000000,0.02699
1749262106,0.02900000,25129.30000000,0.02699
1749262106,0.02903000,346.50000000,0.02699
1749262106,0.02904000,745.80000000,0.02699
1749262106,0.02905000,1860.50000000,0.02699
1749262106,0.02909000,298.00000000,0.02699
1749262106,0.02910000,348.70000000,0.02699
1749262106,0.02914000,355.80000000,0.02699
1749262106,0.02917000,192.00000000,0.02699
1749262106,0.02924000,2926.40000000,0.02699
1749262106,0.02929000,195.00000000,0.02699
1749262106,0.02933000,238.60000000,0.02699
1749262106,0.02935000,745.30000000,0.02699
1749262106,0.02940000,1889.20000000,0.02699
1749262106,0.02941000,595.40000000,0.02699
1749262106,0.02942000,2243.40000000,0.02699
1749262106,0.02944000,3453.00000000,0.02699
1749262106,0.02948000,7100.90000000,0.02699
1749262408,0.02707000,8550.00000000,0.02707
1749262408,0.02708000,13254.90000000,0.02707
1749262408,0.02709000,48761.00000000,0.02707
1749262408,0.02710000,37822.00000000,0.02707
1749262408,0.02711000,129668.80000000,0.02707
1749262408,0.02712000,2477.70000000,0.02707
1749262408,0.02713000,337368.50000000,0.02707
1749262408,0.02714000,44903.70000000,0.02707
1749262408,0.02715000,218804.90000000,0.02707
1749262408,0.02716000,11612.40000000,0.02707
1749262408,0.02717000,11618.80000000,0.02707
1749262408,0.02718000,11612.40000000,0.02707
1749262408,0.02719000,28619.00000000,0.02707
1749262408,0.02720000,46760.00000000,0.02707
1749262408,0.02721000,36070.30000000,0.02707
1749262408,0.02722000,38387.30000000,0.02707
1749262408,0.02724000,34237.70000000,0.02707
1749262408,0.02730000,1538.00000000,0.02707
1749262408,0.02731000,43991.60000000,0.02707
1749262408,0.02732000,9566.60000000,0.02707
1749262408,0.02733000,219.50000000,0.02707
1749262408,0.02734000,62291.80000000,0.02707
1749262408,0.02735000,204974.80000000,0.02707
1749262408,0.02736000,1235.00000000,0.02707
1749262408,0.02740000,31595.00000000,0.02707
1749262408,0.02741000,91314.60000000,0.02707
1749262408,0.02745000,3082.30000000,0.02707
1749262408,0.02747000,10539.60000000,0.02707
1749262408,0.02750000,60029.30000000,0.02707
1749262408,0.02752000,154363.50000000,0.02707
1749262408,0.02757000,700000.00000000,0.02707
1749262408,0.02771000,1804.50000000,0.02707
1749262408,0.02779000,70938.40000000,0.02707
1749262408,0.02780000,1215.80000000,0.02707
1749262408,0.02786000,287.20000000,0.02707
1749262408,0.02787000,322.90000000,0.02707
1749262408,0.02788000,731.60000000,0.02707
1749262408,0.02792000,37714.60000000,0.02707
1749262408,0.02796000,357.50000000,0.02707
1749262408,0.02797000,8383.70000000,0.02707
1749262408,0.02799000,185.00000000,0.02707
1749262408,0.02804000,249.60000000,0.02707
1749262408,0.02806000,1068.60000000,0.02707
1749262408,0.02807000,285.00000000,0.02707
1749262408,0.02809000,199.40000000,0.02707
1749262408,0.02810000,256.30000000,0.02707
1749262408,0.02812000,747.60000000,0.02707
1749262408,0.02814000,731.60000000,0.02707
1749262408,0.02816000,248.60000000,0.02707
1749262408,0.02822000,33098.60000000,0.02707
1749262408,0.02828000,2333.90000000,0.02707
1749262408,0.02830000,9132.50000000,0.02707
1749262408,0.02833000,352.80000000,0.02707
1749262408,0.02835000,352.70000000,0.02707
1749262408,0.02840000,352.10000000,0.02707
1749262408,0.02841000,619.50000000,0.02707
1749262408,0.02842000,747.10000000,0.02707
1749262408,0.02846000,389.00000000,0.02707
1749262408,0.02847000,33942.10000000,0.02707
1749262408,0.02848000,351.00000000,0.02707
1749262408,0.02850000,2245.80000000,0.02707
1749262408,0.02855000,8886.30000000,0.02707
1749262408,0.02857000,302.50000000,0.02707
1749262408,0.02859000,279.80000000,0.02707
1749262408,0.02860000,354.80000000,0.02707
1749262408,0.02866000,211.50000000,0.02707
1749262408,0.02869000,1463.20000000,0.02707
1749262408,0.02871000,278.60000000,0.02707
1749262408,0.02873000,746.40000000,0.02707
1749262408,0.02879000,7811.70000000,0.02707
1749262408,0.02880000,7945.00000000,0.02707
1749262408,0.02883000,1735.00000000,0.02707
1749262408,0.02884000,2288.50000000,0.02707
1749262408,0.02888000,15435.50000000,0.02707
1749262408,0.02889000,60382.80000000,0.02707
1749262408,0.02890000,2526.90000000,0.02707
1749262408,0.02891000,540.40000000,0.02707
1749262408,0.02897000,3146.10000000,0.02707
1749262408,0.02900000,25129.30000000,0.02707
1749262408,0.02903000,346.50000000,0.02707
1749262408,0.02904000,745.80000000,0.02707
1749262408,0.02905000,1860.50000000,0.02707
1749262408,0.02909000,298.00000000,0.02707
1749262408,0.02910000,348.70000000,0.02707
1749262408,0.02914000,355.80000000,0.02707
1749262408,0.02917000,192.00000000,0.02707
1749262408,0.02924000,2926.40000000,0.02707
1749262408,0.02929000,195.00000000,0.02707
1749262408,0.02933000,238.60000000,0.02707
1749262408,0.02935000,745.30000000,0.02707
1749262408,0.02940000,1889.20000000,0.02707
1749262408,0.02941000,595.40000000,0.02707
1749262408,0.02942000,2243.40000000,0.02707
1749262408,0.02944000,3453.00000000,0.02707
1749262408,0.02948000,7100.90000000,0.02707
1749262408,0.02950000,344.00000000,0.02707
1749262408,0.02953000,271.00000000,0.02707
1749262408,0.02956000,189.40000000,0.02707
1749262408,0.02966000,566.50000000,0.02707
1749262408,0.02967000,744.70000000,0.02707
1749262713,0.02714000,65753.00000000,0.02714
1749262713,0.02715000,37892.80000000,0.02714
1749262713,0.02716000,96519.00000000,0.02714
1749262713,0.02717000,23055.20000000,0.02714
1749262713,0.02718000,88399.50000000,0.02714
1749262713,0.02719000,20827.90000000,0.02714
1749262713,0.02720000,57467.50000000,0.02714
1749262713,0.02721000,195960.50000000,0.02714
1749262713,0.02722000,37782.70000000,0.02714
1749262713,0.02723000,11597.40000000,0.02714
1749262713,0.02724000,11573.90000000,0.02714
1749262713,0.02725000,11593.10000000,0.02714
1749262713,0.02726000,28610.50000000,0.02714
1749262713,0.02727000,27421.20000000,0.02714
1749262713,0.02728000,11563.20000000,0.02714
1749262713,0.02729000,12202.80000000,0.02714
1749262713,0.02730000,78379.00000000,0.02714
1749262713,0.02731000,314034.70000000,0.02714
1749262713,0.02732000,9566.60000000,0.02714
1749262713,0.02733000,14137.40000000,0.02714
1749262713,0.02736000,1235.00000000,0.02714
1749262713,0.02738000,43619.20000000,0.02714
1749262713,0.02740000,31595.00000000,0.02714
1749262713,0.02741000,87961.40000000,0.02714
1749262713,0.02743000,124349.20000000,0.02714
1749262713,0.02745000,3082.30000000,0.02714
1749262713,0.02749000,90541.60000000,0.02714
1749262713,0.02750000,60029.30000000,0.02714
1749262713,0.02751000,10539.60000000,0.02714
1749262713,0.02760000,153056.80000000,0.02714
1749262713,0.02765000,700000.00000000,0.02714
1749262713,0.02771000,1804.50000000,0.02714
1749262713,0.02780000,1215.80000000,0.02714
1749262713,0.02786000,71225.60000000,0.02714
1749262713,0.02787000,322.90000000,0.02714
1749262713,0.02788000,731.60000000,0.02714
1749262713,0.02792000,2964.60000000,0.02714
1749262713,0.02796000,357.50000000,0.02714
1749262713,0.02799000,185.00000000,0.02714
1749262713,0.02800000,34750.00000000,0.02714
1749262713,0.02804000,249.60000000,0.02714
1749262713,0.02806000,9452.30000000,0.02714
1749262713,0.02807000,285.00000000,0.02714
1749262713,0.02809000,199.40000000,0.02714
1749262713,0.02810000,256.30000000,0.02714
1749262713,0.02812000,747.60000000,0.02714
1749262713,0.02814000,731.60000000,0.02714
1749262713,0.02816000,248.60000000,0.02714
1749262713,0.02828000,2333.90000000,0.02714
1749262713,0.02831000,33098.60000000,0.02714
1749262713,0.02833000,352.80000000,0.02714
1749262713,0.02835000,352.70000000,0.02714
1749262713,0.02839000,9132.50000000,0.02714
1749262713,0.02840000,352.10000000,0.02714
1749262713,0.02841000,619.50000000,0.02714
1749262713,0.02842000,747.10000000,0.02714
1749262713,0.02846000,389.00000000,0.02714
1749262713,0.02848000,351.00000000,0.02714
1749262713,0.02850000,2245.80000000,0.02714
1749262713,0.02857000,302.50000000,0.02714
1749262713,0.02858000,33942.10000000,0.02714
1749262713,0.02859000,279.80000000,0.02714
1749262713,0.02860000,354.80000000,0.02714
1749262713,0.02865000,8886.30000000,0.02714
1749262713,0.02866000,211.50000000,0.02714
1749262713,0.02869000,1463.20000000,0.02714
1749262713,0.02871000,278.60000000,0.02714
1749262713,0.02873000,746.40000000,0.02714
1749262713,0.02879000,7811.70000000,0.02714
1749262713,0.02880000,7945.00000000,0.02714
1749262713,0.02883000,1735.00000000,0.02714
1749262713,0.02884000,2288.50000000,0.02714
1749262713,0.02888000,15435.50000000,0.02714
1749262713,0.02889000,60382.80000000,0.02714
1749262713,0.02890000,2526.90000000,0.02714
1749262713,0.02891000,540.40000000,0.02714
1749262713,0.02897000,3146.10000000,0.02714
1749262713,0.02900000,25129.30000000,0.02714
1749262713,0.02903000,346.50000000,0.02714
1749262713,0.02904000,745.80000000,0.02714
1749262713,0.02905000,1860.50000000,0.02714
1749262713,0.02909000,298.00000000,0.02714
1749262713,0.02910000,348.70000000,0.02714
1749262713,0.02914000,355.80000000,0.02714
1749262713,0.02917000,192.00000000,0.02714
1749262713,0.02924000,2926.40000000,0.02714
1749262713,0.02929000,195.00000000,0.02714
1749262713,0.02933000,238.60000000,0.02714
1749262713,0.02935000,745.30000000,0.02714
1749262713,0.02940000,1889.20000000,0.02714
1749262713,0.02941000,595.40000000,0.02714
1749262713,0.02942000,2243.40000000,0.02714
1749262713,0.02944000,3453.00000000,0.02714
1749262713,0.02948000,7100.90000000,0.02714
1749262713,0.02950000,344.00000000,0.02714
1749262713,0.02953000,271.00000000,0.02714
1749262713,0.02956000,189.40000000,0.02714
1749262713,0.02966000,566.50000000,0.02714
1749262713,0.02967000,744.70000000,0.02714
1749262713,0.02980000,4000.00000000,0.02714
1749263022,0.02715000,17202.00000000,0.02715
1749263022,0.02716000,29931.50000000,0.02715
1749263022,0.02717000,25894.70000000,0.02715
1749263022,0.02718000,32933.70000000,0.02715
1749263022,0.02719000,106576.10000000,0.02715
1749263022,0.02720000,131935.80000000,0.02715
1749263022,0.02721000,306831.50000000,0.02715
1749263022,0.02722000,34103.80000000,0.02715
1749263022,0.02723000,194988.00000000,0.02715
1749263022,0.02724000,11584.50000000,0.02715
1749263022,0.02725000,28593.40000000,0.02715
1749263022,0.02726000,45822.80000000,0.02715
1749263022,0.02727000,26961.10000000,0.02715
1749263022,0.02728000,24261.70000000,0.02715
1749263022,0.02729000,22232.30000000,0.02715
1749263022,0.02730000,44065.50000000,0.02715
1749263022,0.02732000,9566.60000000,0.02715
1749263022,0.02733000,14137.40000000,0.02715
1749263022,0.02736000,1235.00000000,0.02715
1749263022,0.02738000,42891.80000000,0.02715
1749263022,0.02741000,87961.40000000,0.02715
1749263022,0.02744000,159700.50000000,0.02715
1749263022,0.02745000,3082.30000000,0.02715
1749263022,0.02748000,90541.60000000,0.02715
1749263022,0.02750000,60029.30000000,0.02715
1749263022,0.02751000,10539.60000000,0.02715
1749263022,0.02756000,153056.80000000,0.02715
1749263022,0.02761000,700000.00000000,0.02715
1749263022,0.02771000,1804.50000000,0.02715
1749263022,0.02780000,1215.80000000,0.02715
1749263022,0.02786000,71225.60000000,0.02715
1749263022,0.02787000,322.90000000,0.02715
1749263022,0.02788000,731.60000000,0.02715
1749263022,0.02792000,2964.60000000,0.02715
1749263022,0.02796000,357.50000000,0.02715
1749263022,0.02799000,185.00000000,0.02715
1749263022,0.02800000,34750.00000000,0.02715
1749263022,0.02804000,249.60000000,0.02715
1749263022,0.02806000,9452.30000000,0.02715
1749263022,0.02807000,285.00000000,0.02715
1749263022,0.02809000,199.40000000,0.02715
1749263022,0.02810000,256.30000000,0.02715
1749263022,0.02812000,747.60000000,0.02715
1749263022,0.02814000,731.60000000,0.02715
1749263022,0.02816000,248.60000000,0.02715
1749263022,0.02828000,2333.90000000,0.02715
1749263022,0.02831000,33098.60000000,0.02715
1749263022,0.02832000,1538.00000000,0.02715
1749263022,0.02833000,352.80000000,0.02715
1749263022,0.02835000,352.70000000,0.02715
1749263022,0.02839000,9132.50000000,0.02715
1749263022,0.02840000,352.10000000,0.02715
1749263022,0.02841000,619.50000000,0.02715
1749263022,0.02842000,747.10000000,0.02715
1749263022,0.02843000,31595.00000000,0.02715
1749263022,0.02846000,389.00000000,0.02715
1749263022,0.02848000,351.00000000,0.02715
1749263022,0.02850000,2245.80000000,0.02715
1749263022,0.02857000,302.50000000,0.02715
1749263022,0.02858000,33942.10000000,0.02715
1749263022,0.02859000,279.80000000,0.02715
1749263022,0.02860000,354.80000000,0.02715
1749263022,0.02865000,8886.30000000,0.02715
1749263022,0.02866000,211.50000000,0.02715
1749263022,0.02869000,1463.20000000,0.02715
1749263022,0.02871000,278.60000000,0.02715
1749263022,0.02873000,746.40000000,0.02715
1749263022,0.02879000,7811.70000000,0.02715
1749263022,0.02880000,7945.00000000,0.02715
1749263022,0.02883000,1735.00000000,0.02715
1749263022,0.02884000,2288.50000000,0.02715
1749263022,0.02888000,15435.50000000,0.02715
1749263022,0.02889000,60382.80000000,0.02715
1749263022,0.02890000,2526.90000000,0.02715
1749263022,0.02891000,540.40000000,0.02715
1749263022,0.02897000,3146.10000000,0.02715
1749263022,0.02900000,25129.30000000,0.02715
1749263022,0.02903000,346.50000000,0.02715
1749263022,0.02904000,745.80000000,0.02715
1749263022,0.02905000,1860.50000000,0.02715
1749263022,0.02909000,298.00000000,0.02715
1749263022,0.02910000,348.70000000,0.02715
1749263022,0.02914000,355.80000000,0.02715
1749263022,0.02917000,192.00000000,0.02715
1749263022,0.02924000,2926.40000000,0.02715
1749263022,0.02929000,195.00000000,0.02715
1749263022,0.02933000,238.60000000,0.02715
1749263022,0.02935000,745.30000000,0.02715
1749263022,0.02940000,1889.20000000,0.02715
1749263022,0.02941000,595.40000000,0.02715
1749263022,0.02942000,2243.40000000,0.02715
1749263022,0.02944000,3453.00000000,0.02715
1749263022,0.02948000,7100.90000000,0.02715
1749263022,0.02950000,344.00000000,0.02715
1749263022,0.02953000,271.00000000,0.02715
1749263022,0.02956000,189.40000000,0.02715
1749263022,0.02966000,566.50000000,0.02715
1749263022,0.02967000,744.70000000,0.02715
1749263022,0.02980000,4000.00000000,0.02715
1749263022,0.02981000,337.50000000,0.02715
1749263330,0.02719000,8550.00000000,0.02719
1749263330,0.02720000,18687.40000000,0.02719
1749263330,0.02721000,34213.60000000,0.02719
1749263330,0.02722000,54619.70000000,0.02719
1749263330,0.02723000,45864.90000000,0.02719
1749263330,0.02724000,120080.20000000,0.02719
1749263330,0.02725000,40304.20000000,0.02719
1749263330,0.02726000,23825.10000000,0.02719
1749263330,0.02727000,198757.90000000,0.02719
1749263330,0.02728000,30983.00000000,0.02719
1749263330,0.02729000,11571.70000000,0.02719
1749263330,0.02730000,318849.00000000,0.02719
1749263330,0.02731000,26826.40000000,0.02719
1749263330,0.02732000,21123.40000000,0.02719
1749263330,0.02733000,24695.90000000,0.02719
1749263330,0.02734000,58617.60000000,0.02719
1749263330,0.02735000,20112.60000000,0.02719
1749263330,0.02736000,11899.80000000,0.02719
1749263330,0.02742000,42545.80000000,0.02719
1749263330,0.02744000,13917.90000000,0.02719
1749263330,0.02745000,3082.30000000,0.02719
1749263330,0.02746000,45047.40000000,0.02719
1749263330,0.02747000,44099.10000000,0.02719
1749263330,0.02748000,139786.60000000,0.02719
1749263330,0.02750000,60029.30000000,0.02719
1749263330,0.02752000,89368.60000000,0.02719
1749263330,0.02759000,10539.60000000,0.02719
1749263330,0.02764000,152974.30000000,0.02719
1749263330,0.02769000,700000.00000000,0.02719
1749263330,0.02771000,1804.50000000,0.02719
1749263330,0.02780000,1215.80000000,0.02719
1749263330,0.02786000,71225.60000000,0.02719
1749263330,0.02787000,322.90000000,0.02719
1749263330,0.02788000,731.60000000,0.02719
1749263330,0.02792000,2964.60000000,0.02719
1749263330,0.02796000,357.50000000,0.02719
1749263330,0.02799000,185.00000000,0.02719
1749263330,0.02800000,34750.00000000,0.02719
1749263330,0.02804000,249.60000000,0.02719
1749263330,0.02806000,9452.30000000,0.02719
1749263330,0.02807000,285.00000000,0.02719
1749263330,0.02809000,199.40000000,0.02719
1749263330,0.02810000,256.30000000,0.02719
1749263330,0.02812000,747.60000000,0.02719
1749263330,0.02814000,731.60000000,0.02719
1749263330,0.02816000,248.60000000,0.02719
1749263330,0.02828000,2333.90000000,0.02719
1749263330,0.02831000,33098.60000000,0.02719
1749263330,0.02832000,1538.00000000,0.02719
1749263330,0.02833000,352.80000000,0.02719
1749263330,0.02835000,352.70000000,0.02719
1749263330,0.02839000,9132.50000000,0.02719
1749263330,0.02840000,352.10000000,0.02719
1749263330,0.02841000,619.50000000,0.02719
1749263330,0.02842000,747.10000000,0.02719
1749263330,0.02843000,31595.00000000,0.02719
1749263330,0.02846000,389.00000000,0.02719
1749263330,0.02848000,351.00000000,0.02719
1749263330,0.02850000,2245.80000000,0.02719
1749263330,0.02857000,302.50000000,0.02719
1749263330,0.02858000,33942.10000000,0.02719
1749263330,0.02859000,279.80000000,0.02719
1749263330,0.02860000,354.80000000,0.02719
1749263330,0.02865000,8886.30000000,0.02719
1749263330,0.02866000,211.50000000,0.02719
1749263330,0.02869000,1463.20000000,0.02719
1749263330,0.02871000,278.60000000,0.02719
1749263330,0.02873000,746.40000000,0.02719
1749263330,0.02879000,7811.70000000,0.02719
1749263330,0.02880000,7945.00000000,0.02719
1749263330,0.02883000,1735.00000000,0.02719
1749263330,0.02884000,2288.50000000,0.02719
1749263330,0.02888000,15435.50000000,0.02719
1749263330,0.02889000,60382.80000000,0.02719
1749263330,0.02890000,2526.90000000,0.02719
1749263330,0.02891000,540.40000000,0.02719
1749263330,0.02897000,3146.10000000,0.02719
1749263330,0.02900000,25129.30000000,0.02719
1749263330,0.02903000,346.50000000,0.02719
1749263330,0.02904000,745.80000000,0.02719
1749263330,0.02905000,1860.50000000,0.02719
1749263330,0.02909000,298.00000000,0.02719
1749263330,0.02910000,348.70000000,0.02719
1749263330,0.02914000,355.80000000,0.02719
1749263330,0.02917000,192.00000000,0.02719
1749263330,0.02924000,2926.40000000,0.02719
1749263330,0.02929000,195.00000000,0.02719
1749263330,0.02933000,238.60000000,0.02719
1749263330,0.02935000,745.30000000,0.02719
1749263330,0.02940000,1889.20000000,0.02719
1749263330,0.02941000,595.40000000,0.02719
1749263330,0.02942000,2243.40000000,0.02719
1749263330,0.02944000,3453.00000000,0.02719
1749263330,0.02948000,7100.90000000,0.02719
1749263330,0.02950000,344.00000000,0.02719
1749263330,0.02953000,271.00000000,0.02719
1749263330,0.02956000,189.40000000,0.02719
1749263330,0.02966000,566.50000000,0.02719
1749263330,0.02967000,744.70000000,0.02719
1749263330,0.02980000,4000.00000000,0.02719
1749263632,0.02712000,8550.00000000,0.02711
1749263632,0.02713000,4206.90000000,0.02711
1749263632,0.02714000,22648.90000000,0.02711
1749263632,0.02715000,28741.30000000,0.02711
1749263632,0.02716000,54579.10000000,0.02711
1749263632,0.02717000,58824.10000000,0.02711
1749263632,0.02718000,38543.00000000,0.02711
1749263632,0.02719000,393236.90000000,0.02711
1749263632,0.02720000,233866.20000000,0.02711
1749263632,0.02721000,25995.30000000,0.02711
1749263632,0.02722000,11567.50000000,0.02711
1749263632,0.02723000,11554.70000000,0.02711
1749263632,0.02724000,81273.80000000,0.02711
1749263632,0.02725000,31680.10000000,0.02711
1749263632,0.02726000,11576.00000000,0.02711
1749263632,0.02727000,24013.40000000,0.02711
1749263632,0.02728000,60266.90000000,0.02711
1749263632,0.02729000,10664.80000000,0.02711
1749263632,0.02732000,9566.60000000,0.02711
1749263632,0.02733000,219.50000000,0.02711
1749263632,0.02735000,43679.40000000,0.02711
1749263632,0.02736000,1235.00000000,0.02711
1749263632,0.02739000,31595.00000000,0.02711
1749263632,0.02741000,292804.80000000,0.02711
1749263632,0.02744000,13917.90000000,0.02711
1749263632,0.02745000,3082.30000000,0.02711
1749263632,0.02746000,90666.60000000,0.02711
1749263632,0.02750000,60029.30000000,0.02711
1749263632,0.02756000,153268.20000000,0.02711
1749263632,0.02761000,700000.00000000,0.02711
1749263632,0.02763000,10539.60000000,0.02711
1749263632,0.02771000,1804.50000000,0.02711
1749263632,0.02780000,1215.80000000,0.02711
1749263632,0.02786000,71225.60000000,0.02711
1749263632,0.02787000,322.90000000,0.02711
1749263632,0.02788000,731.60000000,0.02711
1749263632,0.02792000,2964.60000000,0.02711
1749263632,0.02796000,357.50000000,0.02711
1749263632,0.02799000,185.00000000,0.02711
1749263632,0.02800000,34750.00000000,0.02711
1749263632,0.02804000,249.60000000,0.02711
1749263632,0.02806000,9452.30000000,0.02711
1749263632,0.02807000,285.00000000,0.02711
1749263632,0.02809000,199.40000000,0.02711
1749263632,0.02810000,256.30000000,0.02711
1749263632,0.02812000,747.60000000,0.02711
1749263632,0.02814000,731.60000000,0.02711
1749263632,0.02816000,248.60000000,0.02711
1749263632,0.02828000,2333.90000000,0.02711
1749263632,0.02831000,33098.60000000,0.02711
1749263632,0.02833000,352.80000000,0.02711
1749263632,0.02835000,352.70000000,0.02711
1749263632,0.02839000,9132.50000000,0.02711
1749263632,0.02840000,352.10000000,0.02711
1749263632,0.02841000,619.50000000,0.02711
1749263632,0.02842000,747.10000000,0.02711
1749263632,0.02846000,389.00000000,0.02711
1749263632,0.02848000,351.00000000,0.02711
1749263632,0.02850000,2245.80000000,0.02711
1749263632,0.02857000,302.50000000,0.02711
1749263632,0.02858000,33942.10000000,0.02711
1749263632,0.02859000,279.80000000,0.02711
1749263632,0.02860000,354.80000000,0.02711
1749263632,0.02865000,8886.30000000,0.02711
1749263632,0.02866000,211.50000000,0.02711
1749263632,0.02869000,1463.20000000,0.02711
1749263632,0.02871000,278.60000000,0.02711
1749263632,0.02873000,746.40000000,0.02711
1749263632,0.02879000,7811.70000000,0.02711
1749263632,0.02880000,7945.00000000,0.02711
1749263632,0.02883000,1735.00000000,0.02711
1749263632,0.02884000,2288.50000000,0.02711
1749263632,0.02888000,15435.50000000,0.02711
1749263632,0.02889000,60382.80000000,0.02711
1749263632,0.02890000,2526.90000000,0.02711
1749263632,0.02891000,540.40000000,0.02711
1749263632,0.02897000,3146.10000000,0.02711
1749263632,0.02900000,25129.30000000,0.02711
1749263632,0.02903000,346.50000000,0.02711
1749263632,0.02904000,745.80000000,0.02711
1749263632,0.02905000,1860.50000000,0.02711
1749263632,0.02909000,298.00000000,0.02711
1749263632,0.02910000,348.70000000,0.02711
1749263632,0.02914000,355.80000000,0.02711
1749263632,0.02917000,192.00000000,0.02711
1749263632,0.02924000,2926.40000000,0.02711
1749263632,0.02929000,195.00000000,0.02711
1749263632,0.02933000,238.60000000,0.02711
1749263632,0.02935000,745.30000000,0.02711
1749263632,0.02940000,1889.20000000,0.02711
1749263632,0.02941000,595.40000000,0.02711
1749263632,0.02942000,2243.40000000,0.02711
1749263632,0.02944000,3453.00000000,0.02711
1749263632,0.02948000,7100.90000000,0.02711
1749263632,0.02950000,344.00000000,0.02711
1749263632,0.02953000,271.00000000,0.02711
1749263632,0.02956000,189.40000000,0.02711
1749263632,0.02966000,566.50000000,0.02711
1749263632,0.02967000,744.70000000,0.02711
1749263632,0.02980000,4000.00000000,0.02711
1749263939,0.02718000,8550.00000000,0.02718
1749263939,0.02719000,78440.90000000,0.02718
1749263939,0.02720000,100144.40000000,0.02718
1749263939,0.02721000,29387.40000000,0.02718
1749263939,0.02722000,57276.10000000,0.02718
1749263939,0.02723000,2447.40000000,0.02718
1749263939,0.02724000,27799.20000000,0.02718
1749263939,0.02725000,248152.30000000,0.02718
1749263939,0.02726000,31117.00000000,0.02718
1749263939,0.02727000,304660.50000000,0.02718
1749263939,0.02728000,11563.20000000,0.02718
1749263939,0.02729000,11563.20000000,0.02718
1749263939,0.02730000,30484.90000000,0.02718
1749263939,0.02731000,28567.80000000,0.02718
1749263939,0.02732000,20903.80000000,0.02718
1749263939,0.02733000,24565.60000000,0.02718
1749263939,0.02734000,23988.20000000,0.02718
1749263939,0.02735000,20112.60000000,0.02718
1749263939,0.02736000,46069.30000000,0.02718
1749263939,0.02741000,43679.40000000,0.02718
1749263939,0.02744000,13917.90000000,0.02718
1749263939,0.02745000,3082.30000000,0.02718
1749263939,0.02747000,270468.10000000,0.02718
1749263939,0.02750000,60029.30000000,0.02718
1749263939,0.02752000,90666.60000000,0.02718
1749263939,0.02763000,10539.60000000,0.02718
1749263939,0.02764000,153268.20000000,0.02718
1749263939,0.02765000,700000.00000000,0.02718
1749263939,0.02771000,1804.50000000,0.02718
1749263939,0.02780000,1000.00000000,0.02718
1749263939,0.02787000,322.90000000,0.02718
1749263939,0.02788000,731.60000000,0.02718
1749263939,0.02792000,2964.60000000,0.02718
1749263939,0.02793000,70938.40000000,0.02718
1749263939,0.02796000,357.50000000,0.02718
1749263939,0.02799000,185.00000000,0.02718
1749263939,0.02800000,34750.00000000,0.02718
1749263939,0.02806000,9452.30000000,0.02718
1749263939,0.02809000,199.40000000,0.02718
1749263939,0.02810000,256.30000000,0.02718
1749263939,0.02812000,747.60000000,0.02718
1749263939,0.02814000,731.60000000,0.02718
1749263939,0.02828000,2333.90000000,0.02718
1749263939,0.02831000,33098.60000000,0.02718
1749263939,0.02833000,352.80000000,0.02718
1749263939,0.02835000,1538.00000000,0.02718
1749263939,0.02839000,9132.50000000,0.02718
1749263939,0.02841000,619.50000000,0.02718
1749263939,0.02842000,747.10000000,0.02718
1749263939,0.02846000,31984.00000000,0.02718
1749263939,0.02848000,351.00000000,0.02718
1749263939,0.02850000,2245.80000000,0.02718
1749263939,0.02857000,302.50000000,0.02718
1749263939,0.02858000,33942.10000000,0.02718
1749263939,0.02860000,354.80000000,0.02718
1749263939,0.02865000,8886.30000000,0.02718
1749263939,0.02866000,211.50000000,0.02718
1749263939,0.02869000,1463.20000000,0.02718
1749263939,0.02873000,746.40000000,0.02718
1749263939,0.02879000,7811.70000000,0.02718
1749263939,0.02880000,7945.00000000,0.02718
1749263939,0.02883000,1735.00000000,0.02718
1749263939,0.02884000,2288.50000000,0.02718
1749263939,0.02888000,15435.50000000,0.02718
1749263939,0.02889000,60382.80000000,0.02718
1749263939,0.02890000,2526.90000000,0.02718
1749263939,0.02891000,540.40000000,0.02718
1749263939,0.02897000,3146.10000000,0.02718
1749263939,0.02900000,25129.30000000,0.02718
1749263939,0.02903000,346.50000000,0.02718
1749263939,0.02904000,745.80000000,0.02718
1749263939,0.02905000,1860.50000000,0.02718
1749263939,0.02909000,298.00000000,0.02718
1749263939,0.02910000,348.70000000,0.02718
1749263939,0.02914000,355.80000000,0.02718
1749263939,0.02917000,192.00000000,0.02718
1749263939,0.02924000,2926.40000000,0.02718
1749263939,0.02929000,195.00000000,0.02718
1749263939,0.02933000,238.60000000,0.02718
1749263939,0.02935000,745.30000000,0.02718
1749263939,0.02940000,1889.20000000,0.02718
1749263939,0.02941000,595.40000000,0.02718
1749263939,0.02942000,2243.40000000,0.02718
1749263939,0.02944000,3453.00000000,0.02718
1749263939,0.02948000,7100.90000000,0.02718
1749263939,0.02950000,344.00000000,0.02718
1749263939,0.02953000,271.00000000,0.02718
1749263939,0.02956000,189.40000000,0.02718
1749263939,0.02966000,566.50000000,0.02718
1749263939,0.02967000,744.70000000,0.02718
1749263939,0.02980000,4000.00000000,0.02718
1749263939,0.02981000,337.50000000,0.02718
1749263939,0.02982000,417.30000000,0.02718
1749263939,0.02989000,216.70000000,0.02718
1749263939,0.02990000,680.80000000,0.02718
1749263939,0.02994000,11041.60000000,0.02718
1749263939,0.02995000,3513.60000000,0.02718
1749263939,0.02999000,233.40000000,0.02718
1749263939,0.03000000,59068.70000000,0.02718
1749263939,0.03001000,2858.40000000,0.02718
1749264241,0.02711000,12705.00000000,0.02711
1749264241,0.02712000,35282.60000000,0.02711
1749264241,0.02713000,54245.80000000,0.02711
1749264241,0.02714000,35657.60000000,0.02711
1749264241,0.02715000,38866.50000000,0.02711
1749264241,0.02716000,126825.10000000,0.02711
1749264241,0.02717000,125884.50000000,0.02711
1749264241,0.02718000,276385.40000000,0.02711
1749264241,0.02719000,421659.20000000,0.02711
1749264241,0.02720000,46597.90000000,0.02711
1749264241,0.02721000,46192.10000000,0.02711
1749264241,0.02722000,11563.20000000,0.02711
1749264241,0.02723000,28576.30000000,0.02711
1749264241,0.02724000,28726.70000000,0.02711
1749264241,0.02725000,68632.90000000,0.02711
1749264241,0.02726000,11550.40000000,0.02711
1749264241,0.02727000,24593.50000000,0.02711
1749264241,0.02728000,58190.70000000,0.02711
1749264241,0.02729000,10664.80000000,0.02711
1749264241,0.02730000,1538.00000000,0.02711
1749264241,0.02732000,9347.00000000,0.02711
1749264241,0.02733000,219.50000000,0.02711
1749264241,0.02735000,46081.20000000,0.02711
1749264241,0.02736000,1235.00000000,0.02711
1749264241,0.02740000,220007.00000000,0.02711
1749264241,0.02741000,119903.60000000,0.02711
1749264241,0.02744000,13917.90000000,0.02711
1749264241,0.02745000,3082.30000000,0.02711
1749264241,0.02746000,93407.20000000,0.02711
1749264241,0.02750000,60029.30000000,0.02711
1749264241,0.02756000,154002.40000000,0.02711
1749264241,0.02761000,700000.00000000,0.02711
1749264241,0.02763000,10539.60000000,0.02711
1749264241,0.02771000,1804.50000000,0.02711
1749264241,0.02780000,1000.00000000,0.02711
1749264241,0.02786000,70938.40000000,0.02711
1749264241,0.02787000,322.90000000,0.02711
1749264241,0.02788000,731.60000000,0.02711
1749264241,0.02792000,2964.60000000,0.02711
1749264241,0.02796000,357.50000000,0.02711
1749264241,0.02799000,185.00000000,0.02711
1749264241,0.02800000,34750.00000000,0.02711
1749264241,0.02806000,9096.10000000,0.02711
1749264241,0.02809000,199.40000000,0.02711
1749264241,0.02810000,256.30000000,0.02711
1749264241,0.02812000,747.60000000,0.02711
1749264241,0.02814000,731.60000000,0.02711
1749264241,0.02828000,2333.90000000,0.02711
1749264241,0.02831000,33098.60000000,0.02711
1749264241,0.02833000,352.80000000,0.02711
1749264241,0.02839000,9132.50000000,0.02711
1749264241,0.02841000,619.50000000,0.02711
1749264241,0.02842000,747.10000000,0.02711
1749264241,0.02846000,389.00000000,0.02711
1749264241,0.02848000,351.00000000,0.02711
1749264241,0.02850000,2245.80000000,0.02711
1749264241,0.02854000,350.20000000,0.02711
1749264241,0.02857000,302.50000000,0.02711
1749264241,0.02858000,33942.10000000,0.02711
1749264241,0.02860000,354.80000000,0.02711
1749264241,0.02865000,8886.30000000,0.02711
1749264241,0.02866000,211.50000000,0.02711
1749264241,0.02869000,1463.20000000,0.02711
1749264241,0.02873000,746.40000000,0.02711
1749264241,0.02879000,7811.70000000,0.02711
1749264241,0.02880000,7945.00000000,0.02711
1749264241,0.02883000,1735.00000000,0.02711
1749264241,0.02884000,2288.50000000,0.02711
1749264241,0.02888000,15435.50000000,0.02711
1749264241,0.02889000,60382.80000000,0.02711
1749264241,0.02890000,2526.90000000,0.02711
1749264241,0.02891000,540.40000000,0.02711
1749264241,0.02897000,3146.10000000,0.02711
1749264241,0.02900000,25129.30000000,0.02711
1749264241,0.02903000,346.50000000,0.02711
1749264241,0.02904000,745.80000000,0.02711
1749264241,0.02905000,1860.50000000,0.02711
1749264241,0.02909000,298.00000000,0.02711
1749264241,0.02910000,348.70000000,0.02711
1749264241,0.02914000,355.80000000,0.02711
1749264241,0.02917000,192.00000000,0.02711
1749264241,0.02924000,2926.40000000,0.02711
1749264241,0.02929000,195.00000000,0.02711
1749264241,0.02933000,238.60000000,0.02711
1749264241,0.02935000,745.30000000,0.02711
1749264241,0.02940000,1889.20000000,0.02711
1749264241,0.02941000,595.40000000,0.02711
1749264241,0.02942000,2243.40000000,0.02711
1749264241,0.02944000,3453.00000000,0.02711
1749264241,0.02948000,7100.90000000,0.02711
1749264241,0.02950000,344.00000000,0.02711
1749264241,0.02953000,271.00000000,0.02711
1749264241,0.02956000,189.40000000,0.02711
1749264241,0.02966000,566.50000000,0.02711
1749264241,0.02967000,744.70000000,0.02711
1749264241,0.02980000,4000.00000000,0.02711
1749264241,0.02981000,337.50000000,0.02711
1749264241,0.02982000,417.30000000,0.02711
1749264241,0.02989000,216.70000000,0.02711
1749264241,0.02990000,680.80000000,0.02711
1749264547,0.02718000,16415.80000000,0.02717
1749264547,0.02719000,105621.10000000,0.02717
1749264547,0.02720000,56872.70000000,0.02717
1749264547,0.02721000,101071.50000000,0.02717
1749264547,0.02722000,31555.40000000,0.02717
1749264547,0.02723000,110293.50000000,0.02717
1749264547,0.02724000,197769.60000000,0.02717
1749264547,0.02725000,24820.80000000,0.02717
1749264547,0.02726000,25273.20000000,0.02717
1749264547,0.02727000,14649.10000000,0.02717
1749264547,0.02728000,11563.20000000,0.02717
1749264547,0.02729000,39256.10000000,0.02717
1749264547,0.02730000,50370.90000000,0.02717
1749264547,0.02731000,24059.70000000,0.02717
1749264547,0.02732000,20901.70000000,0.02717
1749264547,0.02733000,314419.00000000,0.02717
1749264547,0.02734000,34194.50000000,0.02717
1749264547,0.02735000,10539.60000000,0.02717
1749264547,0.02736000,1235.00000000,0.02717
1749264547,0.02741000,77676.20000000,0.02717
1749264547,0.02742000,44901.80000000,0.02717
1749264547,0.02744000,13917.90000000,0.02717
1749264547,0.02745000,3082.30000000,0.02717
1749264547,0.02747000,250395.80000000,0.02717
1749264547,0.02749000,93407.20000000,0.02717
1749264547,0.02750000,60029.30000000,0.02717
1749264547,0.02761000,154002.40000000,0.02717
1749264547,0.02766000,700000.00000000,0.02717
1749264547,0.02771000,1804.50000000,0.02717
1749264547,0.02780000,1000.00000000,0.02717
1749264547,0.02786000,70938.40000000,0.02717
1749264547,0.02787000,322.90000000,0.02717
1749264547,0.02788000,731.60000000,0.02717
1749264547,0.02792000,2964.60000000,0.02717
1749264547,0.02796000,357.50000000,0.02717
1749264547,0.02799000,185.00000000,0.02717
1749264547,0.02800000,34750.00000000,0.02717
1749264547,0.02806000,9096.10000000,0.02717
1749264547,0.02809000,199.40000000,0.02717
1749264547,0.02810000,256.30000000,0.02717
1749264547,0.02812000,747.60000000,0.02717
1749264547,0.02814000,731.60000000,0.02717
1749264547,0.02828000,2333.90000000,0.02717
1749264547,0.02831000,33098.60000000,0.02717
1749264547,0.02833000,352.80000000,0.02717
1749264547,0.02839000,9132.50000000,0.02717
1749264547,0.02841000,619.50000000,0.02717
1749264547,0.02842000,747.10000000,0.02717
1749264547,0.02846000,389.00000000,0.02717
1749264547,0.02848000,351.00000000,0.02717
1749264547,0.02850000,2245.80000000,0.02717
1749264547,0.02854000,350.20000000,0.02717
1749264547,0.02857000,302.50000000,0.02717
1749264547,0.02858000,33942.10000000,0.02717
1749264547,0.02860000,354.80000000,0.02717
1749264547,0.02865000,8886.30000000,0.02717
1749264547,0.02866000,211.50000000,0.02717
1749264547,0.02869000,1463.20000000,0.02717
1749264547,0.02873000,746.40000000,0.02717
1749264547,0.02879000,7811.70000000,0.02717
1749264547,0.02880000,7945.00000000,0.02717
1749264547,0.02883000,1735.00000000,0.02717
1749264547,0.02884000,2288.50000000,0.02717
1749264547,0.02888000,15435.50000000,0.02717
1749264547,0.02889000,60382.80000000,0.02717
1749264547,0.02890000,2526.90000000,0.02717
1749264547,0.02891000,540.40000000,0.02717
1749264547,0.02897000,3146.10000000,0.02717
1749264547,0.02900000,25129.30000000,0.02717
1749264547,0.02903000,346.50000000,0.02717
1749264547,0.02904000,745.80000000,0.02717
1749264547,0.02905000,1860.50000000,0.02717
1749264547,0.02909000,298.00000000,0.02717
1749264547,0.02910000,348.70000000,0.02717
1749264547,0.02914000,355.80000000,0.02717
1749264547,0.02917000,192.00000000,0.02717
1749264547,0.02924000,2926.40000000,0.02717
1749264547,0.02929000,195.00000000,0.02717
1749264547,0.02933000,238.60000000,0.02717
1749264547,0.02935000,745.30000000,0.02717
1749264547,0.02940000,1889.20000000,0.02717
1749264547,0.02941000,595.40000000,0.02717
1749264547,0.02942000,2243.40000000,0.02717
1749264547,0.02944000,3453.00000000,0.02717
1749264547,0.02948000,7100.90000000,0.02717
1749264547,0.02950000,344.00000000,0.02717
1749264547,0.02953000,271.00000000,0.02717
1749264547,0.02956000,189.40000000,0.02717
1749264547,0.02966000,566.50000000,0.02717
1749264547,0.02967000,744.70000000,0.02717
1749264547,0.02980000,4000.00000000,0.02717
1749264547,0.02981000,337.50000000,0.02717
1749264547,0.02982000,417.30000000,0.02717
1749264547,0.02989000,216.70000000,0.02717
1749264547,0.02990000,680.80000000,0.02717
1749264547,0.02994000,11041.60000000,0.02717
1749264547,0.02995000,3513.60000000,0.02717
1749264547,0.02999000,233.40000000,0.02717
1749264547,0.03000000,59068.70000000,0.02717
1749264547,0.03001000,2858.40000000,0.02717
1749264849,0.02726000,23890.30000000,0.02725
1749264849,0.02727000,75746.00000000,0.02725
1749264849,0.02728000,80524.70000000,0.02725
1749264849,0.02729000,108313.00000000,0.02725
1749264849,0.02730000,53537.80000000,0.02725
1749264849,0.02731000,18511.00000000,0.02725
1749264849,0.02732000,34791.60000000,0.02725
1749264849,0.02733000,34033.70000000,0.02725
1749264849,0.02734000,11554.70000000,0.02725
1749264849,0.02735000,11541.90000000,0.02725
1749264849,0.02736000,42945.00000000,0.02725
1749264849,0.02738000,28095.70000000,0.02725
1749264849,0.02739000,35572.90000000,0.02725
1749264849,0.02740000,56217.30000000,0.02725
1749264849,0.02742000,289121.10000000,0.02725
1749264849,0.02744000,13917.90000000,0.02725
1749264849,0.02745000,37187.40000000,0.02725
1749264849,0.02749000,45032.30000000,0.02725
1749264849,0.02750000,60029.30000000,0.02725
1749264849,0.02753000,44315.70000000,0.02725
1749264849,0.02754000,44447.80000000,0.02725
1749264849,0.02755000,192469.50000000,0.02725
1749264849,0.02759000,92371.40000000,0.02725
1749264849,0.02760000,10539.60000000,0.02725
1749264849,0.02770000,154210.40000000,0.02725
1749264849,0.02771000,1804.50000000,0.02725
1749264849,0.02775000,700000.00000000,0.02725
1749264849,0.02780000,1000.00000000,0.02725
1749264849,0.02788000,731.60000000,0.02725
1749264849,0.02792000,2964.60000000,0.02725
1749264849,0.02793000,70938.40000000,0.02725
1749264849,0.02796000,357.50000000,0.02725
1749264849,0.02799000,185.00000000,0.02725
1749264849,0.02806000,712.40000000,0.02725
1749264849,0.02808000,34750.00000000,0.02725
1749264849,0.02809000,199.40000000,0.02725
1749264849,0.02810000,256.30000000,0.02725
1749264849,0.02812000,747.60000000,0.02725
1749264849,0.02814000,9115.30000000,0.02725
1749264849,0.02828000,2333.90000000,0.02725
1749264849,0.02833000,352.80000000,0.02725
1749264849,0.02836000,1538.00000000,0.02725
1749264849,0.02839000,33098.60000000,0.02725
1749264849,0.02841000,197.10000000,0.02725
1749264849,0.02842000,747.10000000,0.02725
1749264849,0.02846000,389.00000000,0.02725
1749264849,0.02847000,40727.50000000,0.02725
1749264849,0.02848000,351.00000000,0.02725
1749264849,0.02850000,2245.80000000,0.02725
1749264849,0.02854000,350.20000000,0.02725
1749264849,0.02857000,302.50000000,0.02725
1749264849,0.02860000,354.80000000,0.02725
1749264849,0.02866000,34153.60000000,0.02725
1749264849,0.02869000,1463.20000000,0.02725
1749264849,0.02873000,9632.70000000,0.02725
1749264849,0.02879000,7811.70000000,0.02725
1749264849,0.02880000,7945.00000000,0.02725
1749264849,0.02883000,1735.00000000,0.02725
1749264849,0.02884000,2288.50000000,0.02725
1749264849,0.02888000,15435.50000000,0.02725
1749264849,0.02889000,60382.80000000,0.02725
1749264849,0.02890000,2526.90000000,0.02725
1749264849,0.02891000,540.40000000,0.02725
1749264849,0.02897000,3146.10000000,0.02725
1749264849,0.02900000,25129.30000000,0.02725
1749264849,0.02903000,346.50000000,0.02725
1749264849,0.02904000,745.80000000,0.02725
1749264849,0.02905000,1860.50000000,0.02725
1749264849,0.02909000,298.00000000,0.02725
1749264849,0.02910000,348.70000000,0.02725
1749264849,0.02914000,355.80000000,0.02725
1749264849,0.02917000,192.00000000,0.02725
1749264849,0.02924000,2926.40000000,0.02725
1749264849,0.02929000,195.00000000,0.02725
1749264849,0.02933000,238.60000000,0.02725
1749264849,0.02935000,745.30000000,0.02725
1749264849,0.02940000,1889.20000000,0.02725
1749264849,0.02941000,595.40000000,0.02725
1749264849,0.02942000,2243.40000000,0.02725
1749264849,0.02944000,3453.00000000,0.02725
1749264849,0.02948000,7100.90000000,0.02725
1749264849,0.02950000,344.00000000,0.02725
1749264849,0.02953000,271.00000000,0.02725
1749264849,0.02956000,189.40000000,0.02725
1749264849,0.02966000,566.50000000,0.02725
1749264849,0.02967000,744.70000000,0.02725
1749264849,0.02980000,4000.00000000,0.02725
1749264849,0.02981000,337.50000000,0.02725
1749264849,0.02982000,417.30000000,0.02725
1749264849,0.02989000,216.70000000,0.02725
1749264849,0.02990000,680.80000000,0.02725
1749264849,0.02994000,11041.60000000,0.02725
1749264849,0.02995000,3513.60000000,0.02725
1749264849,0.02999000,233.40000000,0.02725
1749264849,0.03000000,59068.70000000,0.02725
1749264849,0.03001000,2858.40000000,0.02725
1749264849,0.03027000,1652.00000000,0.02725
1749264849,0.03030000,175.00000000,0.02725
1749264849,0.03032000,389.00000000,0.02725
1749264849,0.03033000,230.70000000,0.02725
1749265152,0.02727000,34324.30000000,0.02725
1749265152,0.02728000,31461.40000000,0.02725
1749265152,0.02729000,65578.60000000,0.02725
1749265152,0.02730000,48271.10000000,0.02725
1749265152,0.02731000,10884.30000000,0.02725
1749265152,0.02732000,57993.00000000,0.02725
1749265152,0.02733000,125482.30000000,0.02725
1749265152,0.02734000,255396.90000000,0.02725
1749265152,0.02735000,11503.90000000,0.02725
1749265152,0.02736000,14027.80000000,0.02725
1749265152,0.02737000,28533.90000000,0.02725
1749265152,0.02738000,11529.20000000,0.02725
1749265152,0.02739000,28095.70000000,0.02725
1749265152,0.02740000,56227.50000000,0.02725
1749265152,0.02742000,35612.70000000,0.02725
1749265152,0.02743000,289039.40000000,0.02725
1749265152,0.02744000,58710.40000000,0.02725
1749265152,0.02745000,3082.30000000,0.02725
1749265152,0.02750000,105061.60000000,0.02725
1749265152,0.02753000,44315.70000000,0.02725
1749265152,0.02754000,45678.70000000,0.02725
1749265152,0.02755000,213273.90000000,0.02725
1749265152,0.02759000,92371.40000000,0.02725
1749265152,0.02762000,2964.60000000,0.02725
1749265152,0.02770000,154210.40000000,0.02725
1749265152,0.02771000,1804.50000000,0.02725
1749265152,0.02775000,700000.00000000,0.02725
1749265152,0.02780000,1000.00000000,0.02725
1749265152,0.02788000,731.60000000,0.02725
1749265152,0.02796000,357.50000000,0.02725
1749265152,0.02799000,185.00000000,0.02725
1749265152,0.02801000,70938.40000000,0.02725
1749265152,0.02806000,712.40000000,0.02725
1749265152,0.02808000,34750.00000000,0.02725
1749265152,0.02809000,199.40000000,0.02725
1749265152,0.02810000,256.30000000,0.02725
1749265152,0.02812000,747.60000000,0.02725
1749265152,0.02814000,9115.30000000,0.02725
1749265152,0.02828000,2333.90000000,0.02725
1749265152,0.02833000,352.80000000,0.02725
1749265152,0.02836000,1538.00000000,0.02725
1749265152,0.02839000,33098.60000000,0.02725
1749265152,0.02841000,197.10000000,0.02725
1749265152,0.02842000,747.10000000,0.02725
1749265152,0.02846000,389.00000000,0.02725
1749265152,0.02847000,40727.50000000,0.02725
1749265152,0.02848000,351.00000000,0.02725
1749265152,0.02850000,2245.80000000,0.02725
1749265152,0.02854000,350.20000000,0.02725
1749265152,0.02857000,302.50000000,0.02725
1749265152,0.02860000,354.80000000,0.02725
1749265152,0.02866000,34153.60000000,0.02725
1749265152,0.02869000,1463.20000000,0.02725
1749265152,0.02873000,9632.70000000,0.02725
1749265152,0.02879000,7811.70000000,0.02725
1749265152,0.02880000,7945.00000000,0.02725
1749265152,0.02883000,1735.00000000,0.02725
1749265152,0.02884000,2288.50000000,0.02725
1749265152,0.02888000,15435.50000000,0.02725
1749265152,0.02889000,60382.80000000,0.02725
1749265152,0.02890000,2526.90000000,0.02725
1749265152,0.02891000,540.40000000,0.02725
1749265152,0.02897000,3146.10000000,0.02725
1749265152,0.02900000,25129.30000000,0.02725
1749265152,0.02903000,346.50000000,0.02725
1749265152,0.02904000,745.80000000,0.02725
1749265152,0.02905000,1860.50000000,0.02725
1749265152,0.02909000,298.00000000,0.02725
1749265152,0.02910000,348.70000000,0.02725
1749265152,0.02914000,355.80000000,0.02725
1749265152,0.02917000,192.00000000,0.02725
1749265152,0.02924000,2926.40000000,0.02725
1749265152,0.02929000,195.00000000,0.02725
1749265152,0.02933000,238.60000000,0.02725
1749265152,0.02935000,745.30000000,0.02725
1749265152,0.02940000,1889.20000000,0.02725
1749265152,0.02941000,595.40000000,0.02725
1749265152,0.02942000,2243.40000000,0.02725
1749265152,0.02944000,3453.00000000,0.02725
1749265152,0.02948000,7100.90000000,0.02725
1749265152,0.02950000,344.00000000,0.02725
1749265152,0.02953000,271.00000000,0.02725
1749265152,0.02956000,189.40000000,0.02725
1749265152,0.02966000,566.50000000,0.02725
1749265152,0.02967000,744.70000000,0.02725
1749265152,0.02980000,4000.00000000,0.02725
1749265152,0.02981000,337.50000000,0.02725
1749265152,0.02982000,417.30000000,0.02725
1749265152,0.02989000,216.70000000,0.02725
1749265152,0.02990000,680.80000000,0.02725
1749265152,0.02994000,11041.60000000,0.02725
1749265152,0.02995000,3513.60000000,0.02725
1749265152,0.02999000,233.40000000,0.02725
1749265152,0.03000000,59068.70000000,0.02725
1749265152,0.03001000,2858.40000000,0.02725
1749265152,0.03027000,1652.00000000,0.02725
1749265152,0.03030000,175.00000000,0.02725
1749265152,0.03032000,389.00000000,0.02725
1749265152,0.03033000,230.70000000,0.02725
1749265152,0.03034000,9403.00000000,0.02725
1749265453,0.02727000,8550.00000000,0.02726
1749265453,0.02728000,32051.80000000,0.02726
1749265453,0.02729000,24610.00000000,0.02726
1749265453,0.02730000,27530.50000000,0.02726
1749265453,0.02731000,55037.80000000,0.02726
1749265453,0.02732000,147923.80000000,0.02726
1749265453,0.02733000,556075.90000000,0.02726
1749265453,0.02734000,27852.10000000,0.02726
1749265453,0.02735000,30948.90000000,0.02726
1749265453,0.02736000,14024.80000000,0.02726
1749265453,0.02738000,11533.50000000,0.02726
1749265453,0.02739000,27517.40000000,0.02726
1749265453,0.02740000,20112.60000000,0.02726
1749265453,0.02741000,11520.80000000,0.02726
1749265453,0.02742000,36034.20000000,0.02726
1749265453,0.02743000,35617.40000000,0.02726
1749265453,0.02744000,48021.80000000,0.02726
1749265453,0.02745000,3082.30000000,0.02726
1749265453,0.02750000,104036.40000000,0.02726
1749265453,0.02753000,44372.10000000,0.02726
1749265453,0.02754000,1230.90000000,0.02726
1749265453,0.02755000,44159.40000000,0.02726
1749265453,0.02757000,203725.80000000,0.02726
1749265453,0.02760000,91346.80000000,0.02726
1749265453,0.02761000,10539.60000000,0.02726
1749265453,0.02762000,2964.60000000,0.02726
1749265453,0.02771000,156222.50000000,0.02726
1749265453,0.02776000,700000.00000000,0.02726
1749265453,0.02780000,1000.00000000,0.02726
1749265453,0.02788000,731.60000000,0.02726
1749265453,0.02793000,70938.40000000,0.02726
1749265453,0.02796000,357.50000000,0.02726
1749265453,0.02799000,185.00000000,0.02726
1749265453,0.02806000,712.40000000,0.02726
1749265453,0.02808000,34750.00000000,0.02726
1749265453,0.02809000,199.40000000,0.02726
1749265453,0.02810000,256.30000000,0.02726
1749265453,0.02812000,747.60000000,0.02726
1749265453,0.02814000,9115.30000000,0.02726
1749265453,0.02828000,2333.90000000,0.02726
1749265453,0.02833000,352.80000000,0.02726
1749265453,0.02836000,1538.00000000,0.02726
1749265453,0.02839000,33098.60000000,0.02726
1749265453,0.02841000,197.10000000,0.02726
1749265453,0.02842000,747.10000000,0.02726
1749265453,0.02846000,389.00000000,0.02726
1749265453,0.02847000,40727.50000000,0.02726
1749265453,0.02848000,351.00000000,0.02726
1749265453,0.02850000,2245.80000000,0.02726
1749265453,0.02854000,350.20000000,0.02726
1749265453,0.02857000,302.50000000,0.02726
1749265453,0.02860000,354.80000000,0.02726
1749265453,0.02866000,34153.60000000,0.02726
1749265453,0.02869000,1463.20000000,0.02726
1749265453,0.02873000,9632.70000000,0.02726
1749265453,0.02879000,7811.70000000,0.02726
1749265453,0.02880000,7945.00000000,0.02726
1749265453,0.02883000,1735.00000000,0.02726
1749265453,0.02884000,2288.50000000,0.02726
1749265453,0.02888000,15435.50000000,0.02726
1749265453,0.02889000,60382.80000000,0.02726
1749265453,0.02890000,2526.90000000,0.02726
1749265453,0.02891000,540.40000000,0.02726
1749265453,0.02897000,3146.10000000,0.02726
1749265453,0.02900000,25129.30000000,0.02726
1749265453,0.02903000,346.50000000,0.02726
1749265453,0.02904000,745.80000000,0.02726
1749265453,0.02905000,1860.50000000,0.02726
1749265453,0.02909000,298.00000000,0.02726
1749265453,0.02910000,348.70000000,0.02726
1749265453,0.02914000,355.80000000,0.02726
1749265453,0.02917000,192.00000000,0.02726
1749265453,0.02924000,2926.40000000,0.02726
1749265453,0.02929000,195.00000000,0.02726
1749265453,0.02933000,238.60000000,0.02726
1749265453,0.02935000,745.30000000,0.02726
1749265453,0.02940000,1889.20000000,0.02726
1749265453,0.02941000,595.40000000,0.02726
1749265453,0.02942000,2243.40000000,0.02726
1749265453,0.02944000,3453.00000000,0.02726
1749265453,0.02948000,7100.90000000,0.02726
1749265453,0.02950000,344.00000000,0.02726
1749265453,0.02953000,271.00000000,0.02726
1749265453,0.02956000,189.40000000,0.02726
1749265453,0.02966000,566.50000000,0.02726
1749265453,0.02967000,744.70000000,0.02726
1749265453,0.02980000,4000.00000000,0.02726
1749265453,0.02981000,337.50000000,0.02726
1749265453,0.02982000,417.30000000,0.02726
1749265453,0.02989000,216.70000000,0.02726
1749265453,0.02990000,680.80000000,0.02726
1749265453,0.02994000,11041.60000000,0.02726
1749265453,0.02995000,3513.60000000,0.02726
1749265453,0.02999000,233.40000000,0.02726
1749265453,0.03000000,59068.70000000,0.02726
1749265453,0.03001000,2858.40000000,0.02726
1749265453,0.03027000,1652.00000000,0.02726
1749265453,0.03030000,175.00000000,0.02726
1749265453,0.03032000,389.00000000,0.02726
1749265453,0.03033000,230.70000000,0.02726
1749265755,0.02726000,17780.10000000,0.02724
1749265755,0.02727000,86834.40000000,0.02724
1749265755,0.02728000,108920.20000000,0.02724
1749265755,0.02729000,101579.00000000,0.02724
1749265755,0.02730000,87521.30000000,0.02724
1749265755,0.02731000,28938.50000000,0.02724
1749265755,0.02732000,252424.00000000,0.02724
1749265755,0.02733000,33896.00000000,0.02724
1749265755,0.02734000,27955.60000000,0.02724
1749265755,0.02735000,301401.50000000,0.02724
1749265755,0.02736000,14034.80000000,0.02724
1749265755,0.02737000,15988.20000000,0.02724
1749265755,0.02738000,11533.50000000,0.02724
1749265755,0.02739000,53106.50000000,0.02724
1749265755,0.02740000,44546.60000000,0.02724
1749265755,0.02741000,11520.80000000,0.02724
1749265755,0.02742000,10664.80000000,0.02724
1749265755,0.02744000,48035.30000000,0.02724
1749265755,0.02745000,3082.30000000,0.02724
1749265755,0.02748000,44007.10000000,0.02724
1749265755,0.02750000,60029.30000000,0.02724
1749265755,0.02753000,44372.10000000,0.02724
1749265755,0.02754000,11770.50000000,0.02724
1749265755,0.02755000,268312.50000000,0.02724
1749265755,0.02759000,91346.80000000,0.02724
1749265755,0.02762000,2964.60000000,0.02724
1749265755,0.02767000,154418.00000000,0.02724
1749265755,0.02771000,1804.50000000,0.02724
1749265755,0.02772000,700000.00000000,0.02724
1749265755,0.02780000,1000.00000000,0.02724
1749265755,0.02788000,731.60000000,0.02724
1749265755,0.02796000,357.50000000,0.02724
1749265755,0.02799000,185.00000000,0.02724
1749265755,0.02802000,70938.40000000,0.02724
1749265755,0.02806000,712.40000000,0.02724
1749265755,0.02808000,34750.00000000,0.02724
1749265755,0.02809000,199.40000000,0.02724
1749265755,0.02810000,256.30000000,0.02724
1749265755,0.02812000,747.60000000,0.02724
1749265755,0.02814000,9115.30000000,0.02724
1749265755,0.02828000,2333.90000000,0.02724
1749265755,0.02833000,352.80000000,0.02724
1749265755,0.02836000,1538.00000000,0.02724
1749265755,0.02839000,33098.60000000,0.02724
1749265755,0.02841000,197.10000000,0.02724
1749265755,0.02842000,747.10000000,0.02724
1749265755,0.02846000,389.00000000,0.02724
1749265755,0.02847000,40727.50000000,0.02724
1749265755,0.02848000,351.00000000,0.02724
1749265755,0.02850000,2245.80000000,0.02724
1749265755,0.02854000,350.20000000,0.02724
1749265755,0.02857000,302.50000000,0.02724
1749265755,0.02860000,354.80000000,0.02724
1749265755,0.02866000,34153.60000000,0.02724
1749265755,0.02869000,1463.20000000,0.02724
1749265755,0.02873000,9632.70000000,0.02724
1749265755,0.02879000,7811.70000000,0.02724
1749265755,0.02880000,7945.00000000,0.02724
1749265755,0.02883000,1735.00000000,0.02724
1749265755,0.02884000,2288.50000000,0.02724
1749265755,0.02888000,15435.50000000,0.02724
1749265755,0.02889000,60382.80000000,0.02724
1749265755,0.02890000,2526.90000000,0.02724
1749265755,0.02891000,540.40000000,0.02724
1749265755,0.02897000,3146.10000000,0.02724
1749265755,0.02900000,25129.30000000,0.02724
1749265755,0.02903000,346.50000000,0.02724
1749265755,0.02904000,745.80000000,0.02724
1749265755,0.02905000,1860.50000000,0.02724
1749265755,0.02909000,298.00000000,0.02724
1749265755,0.02910000,348.70000000,0.02724
1749265755,0.02914000,355.80000000,0.02724
1749265755,0.02917000,192.00000000,0.02724
1749265755,0.02924000,2926.40000000,0.02724
1749265755,0.02929000,195.00000000,0.02724
1749265755,0.02933000,238.60000000,0.02724
1749265755,0.02935000,745.30000000,0.02724
1749265755,0.02940000,1889.20000000,0.02724
1749265755,0.02941000,595.40000000,0.02724
1749265755,0.02942000,2243.40000000,0.02724
1749265755,0.02944000,3453.00000000,0.02724
1749265755,0.02948000,7100.90000000,0.02724
1749265755,0.02950000,344.00000000,0.02724
1749265755,0.02953000,271.00000000,0.02724
1749265755,0.02956000,189.40000000,0.02724
1749265755,0.02966000,566.50000000,0.02724
1749265755,0.02967000,744.70000000,0.02724
1749265755,0.02980000,4000.00000000,0.02724
1749265755,0.02981000,337.50000000,0.02724
1749265755,0.02982000,417.30000000,0.02724
1749265755,0.02989000,216.70000000,0.02724
1749265755,0.02990000,680.80000000,0.02724
1749265755,0.02994000,11041.60000000,0.02724
1749265755,0.02995000,3513.60000000,0.02724
1749265755,0.02999000,233.40000000,0.02724
1749265755,0.03000000,59068.70000000,0.02724
1749265755,0.03001000,2858.40000000,0.02724
1749265755,0.03027000,1652.00000000,0.02724
1749265755,0.03030000,175.00000000,0.02724
1749265755,0.03032000,389.00000000,0.02724
1749266056,0.02732000,8550.00000000,0.02732
1749266056,0.02733000,127143.40000000,0.02732
1749266056,0.02734000,187352.30000000,0.02732
1749266056,0.02735000,127840.20000000,0.02732
1749266056,0.02736000,100863.90000000,0.02732
1749266056,0.02737000,54014.50000000,0.02732
1749266056,0.02738000,210300.70000000,0.02732
1749266056,0.02739000,82738.10000000,0.02732
1749266056,0.02740000,16487.90000000,0.02732
1749266056,0.02741000,11525.00000000,0.02732
1749266056,0.02742000,14016.70000000,0.02732
1749266056,0.02743000,11499.70000000,0.02732
1749266056,0.02744000,333401.30000000,0.02732
1749266056,0.02745000,34694.60000000,0.02732
1749266056,0.02746000,23919.30000000,0.02732
1749266056,0.02748000,23963.40000000,0.02732
1749266056,0.02750000,70694.10000000,0.02732
1749266056,0.02751000,34078.20000000,0.02732
1749266056,0.02754000,11770.50000000,0.02732
1749266056,0.02755000,43637.90000000,0.02732
1749266056,0.02756000,13917.90000000,0.02732
1749266056,0.02759000,44464.80000000,0.02732
1749266056,0.02761000,45175.30000000,0.02732
1749266056,0.02762000,240592.50000000,0.02732
1749266056,0.02764000,90580.40000000,0.02732
1749266056,0.02771000,1804.50000000,0.02732
1749266056,0.02775000,154418.00000000,0.02732
1749266056,0.02780000,701000.00000000,0.02732
1749266056,0.02788000,731.60000000,0.02732
1749266056,0.02796000,357.50000000,0.02732
1749266056,0.02799000,185.00000000,0.02732
1749266056,0.02802000,70938.40000000,0.02732
1749266056,0.02806000,712.40000000,0.02732
1749266056,0.02809000,199.40000000,0.02732
1749266056,0.02810000,256.30000000,0.02732
1749266056,0.02812000,747.60000000,0.02732
1749266056,0.02814000,731.60000000,0.02732
1749266056,0.02816000,34750.00000000,0.02732
1749266056,0.02822000,8383.70000000,0.02732
1749266056,0.02828000,2333.90000000,0.02732
1749266056,0.02833000,352.80000000,0.02732
1749266056,0.02841000,197.10000000,0.02732
1749266056,0.02842000,747.10000000,0.02732
1749266056,0.02844000,1538.00000000,0.02732
1749266056,0.02846000,389.00000000,0.02732
1749266056,0.02847000,64693.60000000,0.02732
1749266056,0.02848000,351.00000000,0.02732
1749266056,0.02850000,2245.80000000,0.02732
1749266056,0.02854000,350.20000000,0.02732
1749266056,0.02855000,9132.50000000,0.02732
1749266056,0.02857000,302.50000000,0.02732
1749266056,0.02860000,354.80000000,0.02732
1749266056,0.02866000,211.50000000,0.02732
1749266056,0.02869000,1463.20000000,0.02732
1749266056,0.02873000,746.40000000,0.02732
1749266056,0.02874000,33942.10000000,0.02732
1749266056,0.02879000,7811.70000000,0.02732
1749266056,0.02880000,7945.00000000,0.02732
1749266056,0.02881000,8886.30000000,0.02732
1749266056,0.02883000,1735.00000000,0.02732
1749266056,0.02884000,2288.50000000,0.02732
1749266056,0.02888000,15435.50000000,0.02732
1749266056,0.02889000,60382.80000000,0.02732
1749266056,0.02890000,2526.90000000,0.02732
1749266056,0.02891000,540.40000000,0.02732
1749266056,0.02897000,3146.10000000,0.02732
1749266056,0.02900000,25129.30000000,0.02732
1749266056,0.02903000,346.50000000,0.02732
1749266056,0.02904000,745.80000000,0.02732
1749266056,0.02905000,1860.50000000,0.02732
1749266056,0.02909000,298.00000000,0.02732
1749266056,0.02910000,348.70000000,0.02732
1749266056,0.02914000,355.80000000,0.02732
1749266056,0.02917000,192.00000000,0.02732
1749266056,0.02924000,2926.40000000,0.02732
1749266056,0.02929000,195.00000000,0.02732
1749266056,0.02933000,238.60000000,0.02732
1749266056,0.02935000,745.30000000,0.02732
1749266056,0.02940000,1889.20000000,0.02732
1749266056,0.02941000,595.40000000,0.02732
1749266056,0.02942000,2243.40000000,0.02732
1749266056,0.02944000,3453.00000000,0.02732
1749266056,0.02948000,7100.90000000,0.02732
1749266056,0.02950000,344.00000000,0.02732
1749266056,0.02953000,271.00000000,0.02732
1749266056,0.02956000,189.40000000,0.02732
1749266056,0.02966000,566.50000000,0.02732
1749266056,0.02967000,744.70000000,0.02732
1749266056,0.02980000,4000.00000000,0.02732
1749266056,0.02981000,337.50000000,0.02732
1749266056,0.02982000,417.30000000,0.02732
1749266056,0.02989000,216.70000000,0.02732
1749266056,0.02990000,680.80000000,0.02732
1749266056,0.02994000,11041.60000000,0.02732
1749266056,0.02995000,3513.60000000,0.02732
1749266056,0.02999000,233.40000000,0.02732
1749266056,0.03000000,59068.70000000,0.02732
1749266056,0.03001000,2858.40000000,0.02732
1749266056,0.03027000,1652.00000000,0.02732
1749266056,0.03030000,175.00000000,0.02732
1749266358,0.02733000,34405.70000000,0.02732
1749266358,0.02734000,20548.70000000,0.02732
1749266358,0.02735000,30899.00000000,0.02732
1749266358,0.02736000,43194.70000000,0.02732
1749266358,0.02737000,79637.90000000,0.02732
1749266358,0.02738000,7351.80000000,0.02732
1749266358,0.02739000,50604.70000000,0.02732
1749266358,0.02740000,47481.90000000,0.02732
1749266358,0.02741000,194513.40000000,0.02732
1749266358,0.02742000,303222.40000000,0.02732
1749266358,0.02743000,11478.70000000,0.02732
1749266358,0.02744000,28487.70000000,0.02732
1749266358,0.02745000,107154.50000000,0.02732
1749266358,0.02746000,45598.70000000,0.02732
1749266358,0.02747000,11497.60000000,0.02732
1749266358,0.02748000,48917.90000000,0.02732
1749266358,0.02750000,70694.10000000,0.02732
1749266358,0.02754000,1230.90000000,0.02732
1749266358,0.02755000,41305.10000000,0.02732
1749266358,0.02756000,13917.90000000,0.02732
1749266358,0.02761000,258136.90000000,0.02732
1749266358,0.02762000,47069.00000000,0.02732
1749266358,0.02765000,55643.30000000,0.02732
1749266358,0.02766000,87798.80000000,0.02732
1749266358,0.02771000,1804.50000000,0.02732
1749266358,0.02775000,152177.50000000,0.02732
1749266358,0.02780000,701000.00000000,0.02732
1749266358,0.02788000,731.60000000,0.02732
1749266358,0.02790000,322.60000000,0.02732
1749266358,0.02796000,357.50000000,0.02732
1749266358,0.02799000,185.00000000,0.02732
1749266358,0.02806000,712.40000000,0.02732
1749266358,0.02809000,199.40000000,0.02732
1749266358,0.02810000,71194.70000000,0.02732
1749266358,0.02812000,747.60000000,0.02732
1749266358,0.02814000,731.60000000,0.02732
1749266358,0.02816000,34750.00000000,0.02732
1749266358,0.02822000,8383.70000000,0.02732
1749266358,0.02828000,2333.90000000,0.02732
1749266358,0.02833000,352.80000000,0.02732
1749266358,0.02841000,197.10000000,0.02732
1749266358,0.02842000,747.10000000,0.02732
1749266358,0.02844000,1959.90000000,0.02732
1749266358,0.02846000,389.00000000,0.02732
1749266358,0.02847000,64693.60000000,0.02732
1749266358,0.02848000,351.00000000,0.02732
1749266358,0.02850000,2245.80000000,0.02732
1749266358,0.02854000,350.20000000,0.02732
1749266358,0.02855000,9132.50000000,0.02732
1749266358,0.02857000,302.50000000,0.02732
1749266358,0.02860000,354.80000000,0.02732
1749266358,0.02866000,211.50000000,0.02732
1749266358,0.02869000,1463.20000000,0.02732
1749266358,0.02873000,746.40000000,0.02732
1749266358,0.02874000,33942.10000000,0.02732
1749266358,0.02879000,7811.70000000,0.02732
1749266358,0.02880000,7945.00000000,0.02732
1749266358,0.02881000,8886.30000000,0.02732
1749266358,0.02883000,1735.00000000,0.02732
1749266358,0.02884000,2288.50000000,0.02732
1749266358,0.02888000,15435.50000000,0.02732
1749266358,0.02889000,60382.80000000,0.02732
1749266358,0.02890000,2526.90000000,0.02732
1749266358,0.02891000,540.40000000,0.02732
1749266358,0.02897000,3146.10000000,0.02732
1749266358,0.02899000,517.40000000,0.02732
1749266358,0.02900000,25129.30000000,0.02732
1749266358,0.02903000,346.50000000,0.02732
1749266358,0.02904000,745.80000000,0.02732
1749266358,0.02905000,1860.50000000,0.02732
1749266358,0.02909000,298.00000000,0.02732
1749266358,0.02910000,348.70000000,0.02732
1749266358,0.02914000,355.80000000,0.02732
1749266358,0.02917000,192.00000000,0.02732
1749266358,0.02924000,2926.40000000,0.02732
1749266358,0.02929000,195.00000000,0.02732
1749266358,0.02933000,238.60000000,0.02732
1749266358,0.02935000,745.30000000,0.02732
1749266358,0.02940000,1889.20000000,0.02732
1749266358,0.02941000,595.40000000,0.02732
1749266358,0.02942000,2243.40000000,0.02732
1749266358,0.02944000,3453.00000000,0.02732
1749266358,0.02948000,7100.90000000,0.02732
1749266358,0.02950000,344.00000000,0.02732
1749266358,0.02953000,271.00000000,0.02732
1749266358,0.02956000,189.40000000,0.02732
1749266358,0.02966000,566.50000000,0.02732
1749266358,0.02967000,744.70000000,0.02732
1749266358,0.02980000,4000.00000000,0.02732
1749266358,0.02981000,337.50000000,0.02732
1749266358,0.02982000,417.30000000,0.02732
1749266358,0.02989000,216.70000000,0.02732
1749266358,0.02990000,680.80000000,0.02732
1749266358,0.02994000,11041.60000000,0.02732
1749266358,0.02995000,3513.60000000,0.02732
1749266358,0.02999000,233.40000000,0.02732
1749266358,0.03000000,59068.70000000,0.02732
1749266358,0.03001000,2858.40000000,0.02732
1749266358,0.03027000,1652.00000000,0.02732
1749266358,0.03030000,175.00000000,0.02732
1749266661,0.02736000,8550.00000000,0.02733
1749266661,0.02737000,25395.40000000,0.02733
1749266661,0.02738000,38804.60000000,0.02733
1749266661,0.02739000,175573.10000000,0.02733
1749266661,0.02740000,170685.70000000,0.02733
1749266661,0.02741000,364595.90000000,0.02733
1749266661,0.02742000,31164.90000000,0.02733
1749266661,0.02743000,213414.20000000,0.02733
1749266661,0.02744000,11508.10000000,0.02733
1749266661,0.02745000,26196.10000000,0.02733
1749266661,0.02746000,11499.70000000,0.02733
1749266661,0.02747000,11495.50000000,0.02733
1749266661,0.02748000,43148.90000000,0.02733
1749266661,0.02749000,56243.90000000,0.02733
1749266661,0.02750000,104084.00000000,0.02733
1749266661,0.02751000,24037.40000000,0.02733
1749266661,0.02754000,1230.90000000,0.02733
1749266661,0.02756000,13917.90000000,0.02733
1749266661,0.02759000,41305.10000000,0.02733
1749266661,0.02762000,47520.60000000,0.02733
1749266661,0.02764000,10539.60000000,0.02733
1749266661,0.02765000,315079.80000000,0.02733
1749266661,0.02769000,87798.80000000,0.02733
1749266661,0.02771000,1804.50000000,0.02733
1749266661,0.02780000,153177.50000000,0.02733
1749266661,0.02785000,700000.00000000,0.02733
1749266661,0.02788000,731.60000000,0.02733
1749266661,0.02790000,322.60000000,0.02733
1749266661,0.02796000,357.50000000,0.02733
1749266661,0.02799000,185.00000000,0.02733
1749266661,0.02806000,712.40000000,0.02733
1749266661,0.02809000,199.40000000,0.02733
1749266661,0.02810000,71194.70000000,0.02733
1749266661,0.02812000,747.60000000,0.02733
1749266661,0.02814000,731.60000000,0.02733
1749266661,0.02816000,34750.00000000,0.02733
1749266661,0.02822000,8383.70000000,0.02733
1749266661,0.02828000,2333.90000000,0.02733
1749266661,0.02833000,352.80000000,0.02733
1749266661,0.02841000,197.10000000,0.02733
1749266661,0.02842000,747.10000000,0.02733
1749266661,0.02844000,1959.90000000,0.02733
1749266661,0.02846000,389.00000000,0.02733
1749266661,0.02847000,64693.60000000,0.02733
1749266661,0.02848000,351.00000000,0.02733
1749266661,0.02850000,2245.80000000,0.02733
1749266661,0.02854000,350.20000000,0.02733
1749266661,0.02855000,9132.50000000,0.02733
1749266661,0.02857000,302.50000000,0.02733
1749266661,0.02860000,354.80000000,0.02733
1749266661,0.02866000,211.50000000,0.02733
1749266661,0.02869000,1463.20000000,0.02733
1749266661,0.02873000,746.40000000,0.02733
1749266661,0.02874000,33942.10000000,0.02733
1749266661,0.02879000,7811.70000000,0.02733
1749266661,0.02880000,7945.00000000,0.02733
1749266661,0.02881000,8886.30000000,0.02733
1749266661,0.02883000,1735.00000000,0.02733
1749266661,0.02884000,2288.50000000,0.02733
1749266661,0.02888000,15435.50000000,0.02733
1749266661,0.02889000,60382.80000000,0.02733
1749266661,0.02890000,2526.90000000,0.02733
1749266661,0.02891000,540.40000000,0.02733
1749266661,0.02897000,3146.10000000,0.02733
1749266661,0.02899000,517.40000000,0.02733
1749266661,0.02900000,25129.30000000,0.02733
1749266661,0.02903000,346.50000000,0.02733
1749266661,0.02904000,745.80000000,0.02733
1749266661,0.02905000,1860.50000000,0.02733
1749266661,0.02909000,298.00000000,0.02733
1749266661,0.02910000,348.70000000,0.02733
1749266661,0.02914000,355.80000000,0.02733
1749266661,0.02917000,192.00000000,0.02733
1749266661,0.02924000,2926.40000000,0.02733
1749266661,0.02929000,195.00000000,0.02733
1749266661,0.02933000,238.60000000,0.02733
1749266661,0.02935000,745.30000000,0.02733
1749266661,0.02940000,1889.20000000,0.02733
1749266661,0.02941000,595.40000000,0.02733
1749266661,0.02942000,2243.40000000,0.02733
1749266661,0.02944000,3453.00000000,0.02733
1749266661,0.02948000,7100.90000000,0.02733
1749266661,0.02950000,344.00000000,0.02733
1749266661,0.02953000,271.00000000,0.02733
1749266661,0.02956000,189.40000000,0.02733
1749266661,0.02966000,566.50000000,0.02733
1749266661,0.02967000,744.70000000,0.02733
1749266661,0.02980000,4000.00000000,0.02733
1749266661,0.02981000,337.50000000,0.02733
1749266661,0.02982000,417.30000000,0.02733
1749266661,0.02989000,216.70000000,0.02733
1749266661,0.02990000,680.80000000,0.02733
1749266661,0.02994000,11041.60000000,0.02733
1749266661,0.02995000,3513.60000000,0.02733
1749266661,0.02999000,233.40000000,0.02733
1749266661,0.03000000,59068.70000000,0.02733
1749266661,0.03001000,2858.40000000,0.02733
1749266661,0.03027000,1652.00000000,0.02733
1749266661,0.03030000,175.00000000,0.02733
1749266661,0.03032000,389.00000000,0.02733
1749266962,0.02732000,8550.00000000,0.02733
1749266962,0.02733000,25203.50000000,0.02733
1749266962,0.02734000,39768.90000000,0.02733
1749266962,0.02735000,59896.50000000,0.02733
1749266962,0.02736000,32287.20000000,0.02733
1749266962,0.02737000,72999.60000000,0.02733
1749266962,0.02738000,82101.50000000,0.02733
1749266962,0.02739000,222306.30000000,0.02733
1749266962,0.02740000,34430.40000000,0.02733
1749266962,0.02741000,80030.00000000,0.02733
1749266962,0.02742000,11478.70000000,0.02733
1749266962,0.02743000,11478.70000000,0.02733
1749266962,0.02744000,25559.30000000,0.02733
1749266962,0.02745000,312633.40000000,0.02733
1749266962,0.02746000,28517.10000000,0.02733
1749266962,0.02747000,35758.50000000,0.02733
1749266962,0.02748000,23918.00000000,0.02733
1749266962,0.02749000,44781.30000000,0.02733
1749266962,0.02750000,80141.90000000,0.02733
1749266962,0.02754000,1230.90000000,0.02733
1749266962,0.02755000,40273.40000000,0.02733
1749266962,0.02756000,13917.90000000,0.02733
1749266962,0.02761000,201345.40000000,0.02733
1749266962,0.02762000,47413.40000000,0.02733
1749266962,0.02764000,10539.60000000,0.02733
1749266962,0.02765000,130697.10000000,0.02733
1749266962,0.02771000,1804.50000000,0.02733
1749266962,0.02776000,152037.70000000,0.02733
1749266962,0.02780000,1000.00000000,0.02733
1749266962,0.02781000,700000.00000000,0.02733
1749266962,0.02788000,731.60000000,0.02733
1749266962,0.02790000,322.60000000,0.02733
1749266962,0.02796000,357.50000000,0.02733
1749266962,0.02799000,185.00000000,0.02733
1749266962,0.02806000,712.40000000,0.02733
1749266962,0.02809000,199.40000000,0.02733
1749266962,0.02810000,71194.70000000,0.02733
1749266962,0.02812000,747.60000000,0.02733
1749266962,0.02814000,731.60000000,0.02733
1749266962,0.02824000,34750.00000000,0.02733
1749266962,0.02828000,2333.90000000,0.02733
1749266962,0.02830000,8383.70000000,0.02733
1749266962,0.02833000,352.80000000,0.02733
1749266962,0.02841000,197.10000000,0.02733
1749266962,0.02842000,747.10000000,0.02733
1749266962,0.02844000,1959.90000000,0.02733
1749266962,0.02846000,389.00000000,0.02733
1749266962,0.02847000,33098.60000000,0.02733
1749266962,0.02848000,351.00000000,0.02733
1749266962,0.02850000,2245.80000000,0.02733
1749266962,0.02854000,350.20000000,0.02733
1749266962,0.02855000,9132.50000000,0.02733
1749266962,0.02856000,31595.00000000,0.02733
1749266962,0.02857000,302.50000000,0.02733
1749266962,0.02860000,354.80000000,0.02733
1749266962,0.02866000,211.50000000,0.02733
1749266962,0.02869000,1463.20000000,0.02733
1749266962,0.02873000,746.40000000,0.02733
1749266962,0.02874000,33942.10000000,0.02733
1749266962,0.02879000,7811.70000000,0.02733
1749266962,0.02880000,7945.00000000,0.02733
1749266962,0.02881000,8886.30000000,0.02733
1749266962,0.02883000,1735.00000000,0.02733
1749266962,0.02884000,2288.50000000,0.02733
1749266962,0.02888000,15435.50000000,0.02733
1749266962,0.02889000,60382.80000000,0.02733
1749266962,0.02890000,2526.90000000,0.02733
1749266962,0.02891000,540.40000000,0.02733
1749266962,0.02897000,3146.10000000,0.02733
1749266962,0.02899000,517.40000000,0.02733
1749266962,0.02900000,25129.30000000,0.02733
1749266962,0.02903000,346.50000000,0.02733
1749266962,0.02904000,745.80000000,0.02733
1749266962,0.02905000,1860.50000000,0.02733
1749266962,0.02909000,298.00000000,0.02733
1749266962,0.02910000,348.70000000,0.02733
1749266962,0.02914000,355.80000000,0.02733
1749266962,0.02917000,192.00000000,0.02733
1749266962,0.02924000,2926.40000000,0.02733
1749266962,0.02929000,195.00000000,0.02733
1749266962,0.02933000,238.60000000,0.02733
1749266962,0.02935000,745.30000000,0.02733
1749266962,0.02940000,1889.20000000,0.02733
1749266962,0.02941000,595.40000000,0.02733
1749266962,0.02942000,2243.40000000,0.02733
1749266962,0.02944000,3453.00000000,0.02733
1749266962,0.02948000,7100.90000000,0.02733
1749266962,0.02950000,344.00000000,0.02733
1749266962,0.02953000,271.00000000,0.02733
1749266962,0.02956000,189.40000000,0.02733
1749266962,0.02966000,566.50000000,0.02733
1749266962,0.02967000,744.70000000,0.02733
1749266962,0.02980000,4000.00000000,0.02733
1749266962,0.02981000,337.50000000,0.02733
1749266962,0.02982000,417.30000000,0.02733
1749266962,0.02989000,216.70000000,0.02733
1749266962,0.02990000,680.80000000,0.02733
1749266962,0.02994000,11041.60000000,0.02733
1749266962,0.02995000,3513.60000000,0.02733
1749266962,0.02999000,233.40000000,0.02733
1749267264,0.02727000,8550.00000000,0.02726
1749267264,0.02728000,25372.90000000,0.02726
1749267264,0.02729000,51996.90000000,0.02726
1749267264,0.02730000,110776.20000000,0.02726
1749267264,0.02731000,77803.10000000,0.02726
1749267264,0.02732000,29848.50000000,0.02726
1749267264,0.02733000,83478.00000000,0.02726
1749267264,0.02734000,204277.70000000,0.02726
1749267264,0.02735000,323477.70000000,0.02726
1749267264,0.02736000,14007.50000000,0.02726
1749267264,0.02737000,11512.30000000,0.02726
1749267264,0.02738000,25592.90000000,0.02726
1749267264,0.02739000,11491.30000000,0.02726
1749267264,0.02740000,48617.10000000,0.02726
1749267264,0.02741000,84441.00000000,0.02726
1749267264,0.02742000,24014.60000000,0.02726
1749267264,0.02743000,34143.50000000,0.02726
1749267264,0.02745000,12213.00000000,0.02726
1749267264,0.02749000,50938.20000000,0.02726
1749267264,0.02750000,60029.30000000,0.02726
1749267264,0.02754000,1230.90000000,0.02726
1749267264,0.02755000,217.80000000,0.02726
1749267264,0.02756000,58416.80000000,0.02726
1749267264,0.02757000,276246.90000000,0.02726
1749267264,0.02759000,130584.40000000,0.02726
1749267264,0.02762000,2964.60000000,0.02726
1749267264,0.02764000,10539.60000000,0.02726
1749267264,0.02771000,1804.50000000,0.02726
1749267264,0.02772000,152037.70000000,0.02726
1749267264,0.02777000,700000.00000000,0.02726
1749267264,0.02780000,1365.10000000,0.02726
1749267264,0.02788000,731.60000000,0.02726
1749267264,0.02790000,322.60000000,0.02726
1749267264,0.02796000,357.50000000,0.02726
1749267264,0.02799000,185.00000000,0.02726
1749267264,0.02802000,70938.40000000,0.02726
1749267264,0.02806000,712.40000000,0.02726
1749267264,0.02809000,199.40000000,0.02726
1749267264,0.02810000,541.00000000,0.02726
1749267264,0.02812000,747.60000000,0.02726
1749267264,0.02814000,731.60000000,0.02726
1749267264,0.02816000,34750.00000000,0.02726
1749267264,0.02820000,359.90000000,0.02726
1749267264,0.02822000,8383.70000000,0.02726
1749267264,0.02828000,2333.90000000,0.02726
1749267264,0.02833000,352.80000000,0.02726
1749267264,0.02841000,197.10000000,0.02726
1749267264,0.02842000,747.10000000,0.02726
1749267264,0.02844000,1959.90000000,0.02726
1749267264,0.02846000,389.00000000,0.02726
1749267264,0.02847000,33098.60000000,0.02726
1749267264,0.02848000,351.00000000,0.02726
1749267264,0.02850000,2245.80000000,0.02726
1749267264,0.02854000,350.20000000,0.02726
1749267264,0.02855000,9132.50000000,0.02726
1749267264,0.02856000,31595.00000000,0.02726
1749267264,0.02857000,302.50000000,0.02726
1749267264,0.02860000,354.80000000,0.02726
1749267264,0.02864000,349.20000000,0.02726
1749267264,0.02866000,211.50000000,0.02726
1749267264,0.02869000,1463.20000000,0.02726
1749267264,0.02873000,746.40000000,0.02726
1749267264,0.02874000,33942.10000000,0.02726
1749267264,0.02879000,7811.70000000,0.02726
1749267264,0.02880000,7945.00000000,0.02726
1749267264,0.02881000,8886.30000000,0.02726
1749267264,0.02883000,1735.00000000,0.02726
1749267264,0.02884000,2288.50000000,0.02726
1749267264,0.02888000,15435.50000000,0.02726
1749267264,0.02889000,60382.80000000,0.02726
1749267264,0.02890000,2526.90000000,0.02726
1749267264,0.02891000,540.40000000,0.02726
1749267264,0.02897000,3146.10000000,0.02726
1749267264,0.02899000,517.40000000,0.02726
1749267264,0.02900000,25129.30000000,0.02726
1749267264,0.02903000,346.50000000,0.02726
1749267264,0.02904000,745.80000000,0.02726
1749267264,0.02905000,1860.50000000,0.02726
1749267264,0.02909000,298.00000000,0.02726
1749267264,0.02910000,348.70000000,0.02726
1749267264,0.02914000,355.80000000,0.02726
1749267264,0.02917000,192.00000000,0.02726
1749267264,0.02924000,2926.40000000,0.02726
1749267264,0.02929000,195.00000000,0.02726
1749267264,0.02933000,238.60000000,0.02726
1749267264,0.02935000,745.30000000,0.02726
1749267264,0.02940000,1889.20000000,0.02726
1749267264,0.02941000,595.40000000,0.02726
1749267264,0.02942000,2243.40000000,0.02726
1749267264,0.02944000,3453.00000000,0.02726
1749267264,0.02948000,7100.90000000,0.02726
1749267264,0.02950000,344.00000000,0.02726
1749267264,0.02953000,271.00000000,0.02726
1749267264,0.02956000,189.40000000,0.02726
1749267264,0.02966000,566.50000000,0.02726
1749267264,0.02967000,744.70000000,0.02726
1749267264,0.02980000,4000.00000000,0.02726
1749267264,0.02981000,337.50000000,0.02726
1749267264,0.02982000,417.30000000,0.02726
1749267264,0.02989000,216.70000000,0.02726
1749267565,0.02732000,26541.90000000,0.0273
1749267565,0.02733000,54020.80000000,0.0273
1749267565,0.02734000,151917.30000000,0.0273
1749267565,0.02735000,169691.80000000,0.0273
1749267565,0.02736000,75230.10000000,0.0273
1749267565,0.02737000,313095.50000000,0.0273
1749267565,0.02738000,36433.60000000,0.0273
1749267565,0.02739000,41384.40000000,0.0273
1749267565,0.02740000,300912.80000000,0.0273
1749267565,0.02741000,11520.80000000,0.0273
1749267565,0.02742000,45130.70000000,0.0273
1749267565,0.02743000,11508.10000000,0.0273
1749267565,0.02744000,11503.90000000,0.0273
1749267565,0.02745000,56287.10000000,0.0273
1749267565,0.02746000,11503.90000000,0.0273
1749267565,0.02747000,24523.70000000,0.0273
1749267565,0.02749000,44761.00000000,0.0273
1749267565,0.02750000,60029.30000000,0.0273
1749267565,0.02753000,40273.40000000,0.0273
1749267565,0.02754000,1230.90000000,0.0273
1749267565,0.02755000,217.80000000,0.0273
1749267565,0.02756000,58416.80000000,0.0273
1749267565,0.02759000,54495.50000000,0.0273
1749267565,0.02761000,270018.30000000,0.0273
1749267565,0.02762000,2964.60000000,0.0273
