timestamp,price,volume,current_price
1749260788,0.00662700,90580.80000000,0.006626
1749260788,0.00662800,6438.00000000,0.006626
1749260788,0.00662900,51279.30000000,0.006626
1749260788,0.00663000,295713.40000000,0.006626
1749260788,0.00663100,320838.80000000,0.006626
1749260788,0.00663200,129527.90000000,0.006626
1749260788,0.00663300,354784.50000000,0.006626
1749260788,0.00663400,83349.40000000,0.006626
1749260788,0.00663500,159978.10000000,0.006626
1749260788,0.00663600,718019.10000000,0.006626
1749260788,0.00663700,640515.60000000,0.006626
1749260788,0.00663800,116326.90000000,0.006626
1749260788,0.00663900,387902.80000000,0.006626
1749260788,0.00664000,161868.20000000,0.006626
1749260788,0.00664100,235053.30000000,0.006626
1749260788,0.00664200,231024.40000000,0.006626
1749260788,0.00664300,297100.20000000,0.006626
1749260788,0.00664400,83187.90000000,0.006626
1749260788,0.00664500,20200.80000000,0.006626
1749260788,0.00664600,201861.60000000,0.006626
1749260788,0.00664700,133446.70000000,0.006626
1749260788,0.00664800,267400.70000000,0.006626
1749260788,0.00664900,297099.50000000,0.006626
1749260788,0.00665000,83113.70000000,0.006626
1749260788,0.00665100,1502.60000000,0.006626
1749260788,0.00665200,1502.60000000,0.006626
1749260788,0.00665300,195981.30000000,0.006626
1749260788,0.00665400,229781.20000000,0.006626
1749260788,0.00665500,446717.80000000,0.006626
1749260788,0.00665600,2629.10000000,0.006626
1749260788,0.00665700,1501.40000000,0.006626
1749260788,0.00665800,82347.20000000,0.006626
1749260788,0.00665900,214965.80000000,0.006626
1749260788,0.00666000,230120.40000000,0.006626
1749260788,0.00666100,297095.90000000,0.006626
1749260788,0.00666200,158399.40000000,0.006626
1749260788,0.00666300,76750.30000000,0.006626
1749260788,0.00666400,39110.50000000,0.006626
1749260788,0.00666500,83410.70000000,0.006626
1749260788,0.00666600,230033.40000000,0.006626
1749260788,0.00666700,297094.80000000,0.006626
1749260788,0.00666800,2624.60000000,0.006626
1749260788,0.00666900,15722.50000000,0.006626
1749260788,0.00667000,1498.50000000,0.006626
1749260788,0.00667100,431417.90000000,0.006626
1749260788,0.00667200,243979.10000000,0.006626
1749260788,0.00667300,297093.40000000,0.006626
1749260788,0.00667400,2622.00000000,0.006626
1749260788,0.00667500,1497.20000000,0.006626
1749260788,0.00667600,1497.20000000,0.006626
1749260788,0.00667700,2620.80000000,0.006626
1749260788,0.00667800,149294.50000000,0.006626
1749260788,0.00667900,590481.40000000,0.006626
1749260788,0.00668000,2619.70000000,0.006626
1749260788,0.00668100,262433.60000000,0.006626
1749260788,0.00668200,1495.80000000,0.006626
1749260788,0.00668300,8785.60000000,0.006626
1749260788,0.00668400,149293.20000000,0.006626
1749260788,0.00668500,297089.60000000,0.006626
1749260788,0.00668600,2616.50000000,0.006626
1749260788,0.00668700,2914339.60000000,0.006626
1749260788,0.00668800,13973.90000000,0.006626
1749260788,0.00668900,2616.00000000,0.006626
1749260788,0.00669000,5498.60000000,0.006626
1749260788,0.00669100,444887.00000000,0.006626
1749260788,0.00669200,2615.00000000,0.006626
1749260788,0.00669300,42859.50000000,0.006626
1749260788,0.00669400,150788.80000000,0.006626
1749260788,0.00669500,2631.00000000,0.006626
1749260788,0.00669600,1509.80000000,0.006626
1749260788,0.00669700,444903.00000000,0.006626
1749260788,0.00669800,2629.80000000,0.006626
1749260788,0.00669900,1509.10000000,0.006626
1749260788,0.00670000,1509.10000000,0.006626
1749260788,0.00670100,2638.40000000,0.006626
1749260788,0.00670200,1508.50000000,0.006626
1749260788,0.00670300,443393.40000000,0.006626
1749260788,0.00670400,1129.50000000,0.006626
1749260788,0.00670600,887.50000000,0.006626
1749260788,0.00670700,1128.50000000,0.006626
1749260788,0.00670900,147797.80000000,0.006626
1749260788,0.00671000,1128.00000000,0.006626
1749260788,0.00671300,1127.60000000,0.006626
1749260788,0.00671400,295595.60000000,0.006626
1749260788,0.00671500,147797.80000000,0.006626
1749260788,0.00671600,6929.80000000,0.006626
1749260788,0.00671800,5980.50000000,0.006626
1749260788,0.00671900,1126.80000000,0.006626
1749260788,0.00672200,1125.90000000,0.006626
1749260788,0.00672400,147797.80000000,0.006626
1749260788,0.00672500,296720.80000000,0.006626
1749260788,0.00672800,1124.90000000,0.006626
1749260788,0.00673100,1124.40000000,0.006626
1749260788,0.00673300,2484.90000000,0.006626
1749260788,0.00673400,1123.90000000,0.006626
1749260788,0.00673500,147797.80000000,0.006626
1749260788,0.00673600,295595.60000000,0.006626
1749260788,0.00673700,337390.50000000,0.006626
1749260788,0.00674500,230090.80000000,0.006626
1749260788,0.00674600,147797.80000000,0.006626
1749261109,0.00662500,47942.30000000,0.006625
1749261109,0.00662600,85698.30000000,0.006625
1749261109,0.00662700,50147.80000000,0.006625
1749261109,0.00662800,50148.00000000,0.006625
1749261109,0.00662900,38340.80000000,0.006625
1749261109,0.00663000,134855.30000000,0.006625
1749261109,0.00663100,449275.30000000,0.006625
1749261109,0.00663200,162219.70000000,0.006625
1749261109,0.00663300,234429.80000000,0.006625
1749261109,0.00663400,347850.70000000,0.006625
1749261109,0.00663500,88865.80000000,0.006625
1749261109,0.00663600,138479.40000000,0.006625
1749261109,0.00663700,609774.10000000,0.006625
1749261109,0.00663800,824087.60000000,0.006625
1749261109,0.00663900,161849.70000000,0.006625
1749261109,0.00664000,526868.80000000,0.006625
1749261109,0.00664100,182199.70000000,0.006625
1749261109,0.00664200,83200.50000000,0.006625
1749261109,0.00664300,2634.10000000,0.006625
1749261109,0.00664400,121992.50000000,0.006625
1749261109,0.00664500,52895.20000000,0.006625
1749261109,0.00664600,82057.70000000,0.006625
1749261109,0.00664700,2632.70000000,0.006625
1749261109,0.00664800,229867.50000000,0.006625
1749261109,0.00664900,372281.70000000,0.006625
1749261109,0.00665000,83113.70000000,0.006625
1749261109,0.00665100,1502.60000000,0.006625
1749261109,0.00665200,1502.60000000,0.006625
1749261109,0.00665300,195981.30000000,0.006625
1749261109,0.00665400,229781.20000000,0.006625
1749261109,0.00665500,372517.70000000,0.006625
1749261109,0.00665600,83304.60000000,0.006625
1749261109,0.00665700,1501.40000000,0.006625
1749261109,0.00665800,179607.10000000,0.006625
1749261109,0.00665900,2627.70000000,0.006625
1749261109,0.00666000,230120.40000000,0.006625
1749261109,0.00666100,447303.40000000,0.006625
1749261109,0.00666200,2626.80000000,0.006625
1749261109,0.00666300,76750.30000000,0.006625
1749261109,0.00666400,114087.40000000,0.006625
1749261109,0.00666500,2625.50000000,0.006625
1749261109,0.00666600,149297.00000000,0.006625
1749261109,0.00666700,297094.80000000,0.006625
1749261109,0.00666800,2624.60000000,0.006625
1749261109,0.00666900,15722.50000000,0.006625
1749261109,0.00667000,1498.50000000,0.006625
1749261109,0.00667100,2623.20000000,0.006625
1749261109,0.00667200,243979.10000000,0.006625
1749261109,0.00667300,297093.40000000,0.006625
1749261109,0.00667400,2622.00000000,0.006625
1749261109,0.00667500,430035.00000000,0.006625
1749261109,0.00667600,1497.20000000,0.006625
1749261109,0.00667700,2620.80000000,0.006625
1749261109,0.00667800,149294.50000000,0.006625
1749261109,0.00667900,372450.00000000,0.006625
1749261109,0.00668000,2619.70000000,0.006625
1749261109,0.00668100,260654.00000000,0.006625
1749261109,0.00668200,1495.80000000,0.006625
1749261109,0.00668300,8785.60000000,0.006625
1749261109,0.00668400,229139.20000000,0.006625
1749261109,0.00668500,297089.60000000,0.006625
1749261109,0.00668600,2993731.90000000,0.006625
1749261109,0.00668700,1494.00000000,0.006625
1749261109,0.00668800,13973.90000000,0.006625
1749261109,0.00668900,2616.00000000,0.006625
1749261109,0.00669000,5498.60000000,0.006625
1749261109,0.00669100,444887.00000000,0.006625
1749261109,0.00669200,2615.00000000,0.006625
1749261109,0.00669300,42859.50000000,0.006625
1749261109,0.00669400,1510.30000000,0.006625
1749261109,0.00669500,151890.00000000,0.006625
1749261109,0.00669600,1509.80000000,0.006625
1749261109,0.00669700,583088.40000000,0.006625
1749261109,0.00669800,2629.80000000,0.006625
1749261109,0.00669900,1509.10000000,0.006625
1749261109,0.00670000,1509.10000000,0.006625
1749261109,0.00670100,1129.70000000,0.006625
1749261109,0.00670300,443393.40000000,0.006625
1749261109,0.00670400,1129.50000000,0.006625
1749261109,0.00670600,887.50000000,0.006625
1749261109,0.00670700,1128.50000000,0.006625
1749261109,0.00670900,147797.80000000,0.006625
1749261109,0.00671000,1128.00000000,0.006625
1749261109,0.00671300,1127.60000000,0.006625
1749261109,0.00671400,295595.60000000,0.006625
1749261109,0.00671500,147797.80000000,0.006625
1749261109,0.00671600,1127.10000000,0.006625
1749261109,0.00671900,6929.50000000,0.006625
1749261109,0.00672100,5980.50000000,0.006625
1749261109,0.00672200,1125.90000000,0.006625
1749261109,0.00672400,147797.80000000,0.006625
1749261109,0.00672500,296720.80000000,0.006625
1749261109,0.00672800,1124.90000000,0.006625
1749261109,0.00673100,1124.40000000,0.006625
1749261109,0.00673300,2484.90000000,0.006625
1749261109,0.00673400,1123.90000000,0.006625
1749261109,0.00673500,147797.80000000,0.006625
1749261109,0.00673600,295595.60000000,0.006625
1749261109,0.00673700,337390.50000000,0.006625
1749261109,0.00674500,230090.80000000,0.006625
1749261426,0.00663200,55145.40000000,0.006632
1749261426,0.00663300,116959.10000000,0.006632
1749261426,0.00663400,221983.30000000,0.006632
1749261426,0.00663500,43752.50000000,0.006632
1749261426,0.00663600,85293.70000000,0.006632
1749261426,0.00663700,83311.80000000,0.006632
1749261426,0.00663800,76054.20000000,0.006632
1749261426,0.00663900,443979.30000000,0.006632
1749261426,0.00664000,973246.90000000,0.006632
1749261426,0.00664100,269882.60000000,0.006632
1749261426,0.00664200,2636.00000000,0.006632
1749261426,0.00664300,83323.40000000,0.006632
1749261426,0.00664400,15191.70000000,0.006632
1749261426,0.00664500,183608.40000000,0.006632
1749261426,0.00664600,277050.30000000,0.006632
1749261426,0.00664700,156101.70000000,0.006632
1749261426,0.00664800,230001.20000000,0.006632
1749261426,0.00664900,297099.50000000,0.006632
1749261426,0.00665000,83320.10000000,0.006632
1749261426,0.00665100,1502.60000000,0.006632
1749261426,0.00665200,169997.40000000,0.006632
1749261426,0.00665300,115500.00000000,0.006632
1749261426,0.00665400,229975.40000000,0.006632
1749261426,0.00665500,446422.00000000,0.006632
1749261426,0.00665600,2629.10000000,0.006632
1749261426,0.00665700,1501.40000000,0.006632
1749261426,0.00665800,98760.90000000,0.006632
1749261426,0.00665900,83303.20000000,0.006632
1749261426,0.00666000,229974.10000000,0.006632
1749261426,0.00666100,297095.90000000,0.006632
1749261426,0.00666200,83302.30000000,0.006632
1749261426,0.00666300,76750.30000000,0.006632
1749261426,0.00666400,119786.00000000,0.006632
1749261426,0.00666500,77591.80000000,0.006632
1749261426,0.00666600,229972.50000000,0.006632
1749261426,0.00666700,297094.80000000,0.006632
1749261426,0.00666800,2624.60000000,0.006632
1749261426,0.00666900,15722.50000000,0.006632
1749261426,0.00667000,1498.50000000,0.006632
1749261426,0.00667100,83335.20000000,0.006632
1749261426,0.00667200,324691.10000000,0.006632
1749261426,0.00667300,297093.40000000,0.006632
1749261426,0.00667400,2622.00000000,0.006632
1749261426,0.00667500,1497.20000000,0.006632
1749261426,0.00667600,1497.20000000,0.006632
1749261426,0.00667700,2620.80000000,0.006632
1749261426,0.00667800,149294.50000000,0.006632
1749261426,0.00667900,880340.60000000,0.006632
1749261426,0.00668000,2619.70000000,0.006632
1749261426,0.00668100,260654.00000000,0.006632
1749261426,0.00668200,1495.80000000,0.006632
1749261426,0.00668300,8785.60000000,0.006632
1749261426,0.00668400,149293.20000000,0.006632
1749261426,0.00668500,297089.60000000,0.006632
1749261426,0.00668600,2616.50000000,0.006632
1749261426,0.00668700,1494.00000000,0.006632
1749261426,0.00668800,13973.90000000,0.006632
1749261426,0.00668900,2616.00000000,0.006632
1749261426,0.00669000,5498.60000000,0.006632
1749261426,0.00669100,3369495.90000000,0.006632
1749261426,0.00669200,2615.00000000,0.006632
1749261426,0.00669300,42859.50000000,0.006632
1749261426,0.00669400,1510.30000000,0.006632
1749261426,0.00669500,151890.00000000,0.006632
1749261426,0.00669600,1509.80000000,0.006632
1749261426,0.00669700,583088.40000000,0.006632
1749261426,0.00669800,2629.80000000,0.006632
1749261426,0.00669900,1509.40000000,0.006632
1749261426,0.00670000,1508.90000000,0.006632
1749261426,0.00670100,2638.60000000,0.006632
1749261426,0.00670200,1508.50000000,0.006632
1749261426,0.00670300,444901.90000000,0.006632
1749261426,0.00670400,2638.00000000,0.006632
1749261426,0.00670500,1507.80000000,0.006632
1749261426,0.00670600,2395.30000000,0.006632
1749261426,0.00670700,2636.30000000,0.006632
1749261426,0.00670900,147797.80000000,0.006632
1749261426,0.00671000,1128.00000000,0.006632
1749261426,0.00671300,1127.60000000,0.006632
1749261426,0.00671400,295595.60000000,0.006632
1749261426,0.00671500,147797.80000000,0.006632
1749261426,0.00671600,1127.10000000,0.006632
1749261426,0.00671900,6929.50000000,0.006632
1749261426,0.00672100,5980.50000000,0.006632
1749261426,0.00672200,1125.90000000,0.006632
1749261426,0.00672400,147797.80000000,0.006632
1749261426,0.00672500,296720.80000000,0.006632
1749261426,0.00672800,1124.90000000,0.006632
1749261426,0.00673100,1124.40000000,0.006632
1749261426,0.00673300,2484.90000000,0.006632
1749261426,0.00673400,1123.90000000,0.006632
1749261426,0.00673500,147797.80000000,0.006632
1749261426,0.00673600,295595.60000000,0.006632
1749261426,0.00673700,337390.50000000,0.006632
1749261426,0.00674500,230090.80000000,0.006632
1749261426,0.00674600,147797.80000000,0.006632
1749261426,0.00674700,295595.60000000,0.006632
1749261426,0.00675000,5590.90000000,0.006632
1749261426,0.00675700,153542.30000000,0.006632
1749261426,0.00675800,295595.60000000,0.006632
1749261738,0.00662500,1508.70000000,0.006624
1749261738,0.00662600,1508.00000000,0.006624
1749261738,0.00662700,61289.50000000,0.006624
1749261738,0.00662800,95618.60000000,0.006624
1749261738,0.00662900,151569.30000000,0.006624
1749261738,0.00663000,72753.50000000,0.006624
1749261738,0.00663100,90091.10000000,0.006624
1749261738,0.00663200,118208.20000000,0.006624
1749261738,0.00663300,107652.40000000,0.006624
1749261738,0.00663400,383454.10000000,0.006624
1749261738,0.00663500,244211.20000000,0.006624
1749261738,0.00663600,162028.40000000,0.006624
1749261738,0.00663700,433730.50000000,0.006624
1749261738,0.00663800,702479.40000000,0.006624
1749261738,0.00663900,306727.70000000,0.006624
1749261738,0.00664000,767777.20000000,0.006624
1749261738,0.00664100,387746.70000000,0.006624
1749261738,0.00664200,39192.20000000,0.006624
1749261738,0.00664300,119801.30000000,0.006624
1749261738,0.00664400,2633.90000000,0.006624
1749261738,0.00664500,132464.10000000,0.006624
1749261738,0.00664600,152050.30000000,0.006624
1749261738,0.00664700,83332.60000000,0.006624
1749261738,0.00664800,230001.20000000,0.006624
1749261738,0.00664900,371313.20000000,0.006624
1749261738,0.00665000,83320.10000000,0.006624
1749261738,0.00665100,1502.60000000,0.006624
1749261738,0.00665200,82178.10000000,0.006624
1749261738,0.00665300,115500.00000000,0.006624
1749261738,0.00665400,229975.40000000,0.006624
1749261738,0.00665500,372517.70000000,0.006624
1749261738,0.00665600,2629.10000000,0.006624
1749261738,0.00665700,1501.40000000,0.006624
1749261738,0.00665800,213526.70000000,0.006624
1749261738,0.00665900,83303.20000000,0.006624
1749261738,0.00666000,230120.40000000,0.006624
1749261738,0.00666100,726706.10000000,0.006624
1749261738,0.00666200,83436.40000000,0.006624
1749261738,0.00666300,76750.30000000,0.006624
1749261738,0.00666400,1499.60000000,0.006624
1749261738,0.00666500,83410.70000000,0.006624
1749261738,0.00666600,230070.00000000,0.006624
1749261738,0.00666700,297094.80000000,0.006624
1749261738,0.00666800,2624.60000000,0.006624
1749261738,0.00666900,15722.50000000,0.006624
1749261738,0.00667000,1498.50000000,0.006624
1749261738,0.00667100,2623.20000000,0.006624
1749261738,0.00667200,243979.10000000,0.006624
1749261738,0.00667300,297093.40000000,0.006624
1749261738,0.00667400,82468.00000000,0.006624
1749261738,0.00667500,1497.20000000,0.006624
1749261738,0.00667600,1497.20000000,0.006624
1749261738,0.00667700,2620.80000000,0.006624
1749261738,0.00667800,149294.50000000,0.006624
1749261738,0.00667900,372450.00000000,0.006624
1749261738,0.00668000,2619.70000000,0.006624
1749261738,0.00668100,260654.00000000,0.006624
1749261738,0.00668200,1495.80000000,0.006624
1749261738,0.00668300,8785.60000000,0.006624
1749261738,0.00668400,149293.20000000,0.006624
1749261738,0.00668500,3179667.20000000,0.006624
1749261738,0.00668600,2616.50000000,0.006624
1749261738,0.00668700,1494.00000000,0.006624
1749261738,0.00668800,13973.90000000,0.006624
1749261738,0.00668900,2616.00000000,0.006624
1749261738,0.00669000,5498.60000000,0.006624
1749261738,0.00669100,444887.00000000,0.006624
1749261738,0.00669200,2615.00000000,0.006624
1749261738,0.00669300,42859.50000000,0.006624
1749261738,0.00669400,1510.30000000,0.006624
1749261738,0.00669500,151890.00000000,0.006624
1749261738,0.00669600,1509.80000000,0.006624
1749261738,0.00669700,583088.40000000,0.006624
1749261738,0.00669800,2629.80000000,0.006624
1749261738,0.00669900,1509.10000000,0.006624
1749261738,0.00670000,1508.90000000,0.006624
1749261738,0.00670100,1129.70000000,0.006624
1749261738,0.00670300,443393.40000000,0.006624
1749261738,0.00670400,1129.50000000,0.006624
1749261738,0.00670600,887.50000000,0.006624
1749261738,0.00670700,1128.50000000,0.006624
1749261738,0.00670900,147797.80000000,0.006624
1749261738,0.00671000,1128.00000000,0.006624
1749261738,0.00671300,1127.60000000,0.006624
1749261738,0.00671400,295595.60000000,0.006624
1749261738,0.00671500,147797.80000000,0.006624
1749261738,0.00671600,1127.10000000,0.006624
1749261738,0.00671900,6929.50000000,0.006624
1749261738,0.00672100,5980.50000000,0.006624
1749261738,0.00672200,1125.90000000,0.006624
1749261738,0.00672400,147797.80000000,0.006624
1749261738,0.00672500,296720.80000000,0.006624
1749261738,0.00672800,1124.90000000,0.006624
1749261738,0.00673100,1124.40000000,0.006624
1749261738,0.00673300,2484.90000000,0.006624
1749261738,0.00673400,1123.90000000,0.006624
1749261738,0.00673500,147797.80000000,0.006624
1749261738,0.00673600,295595.60000000,0.006624
1749261738,0.00673700,337390.50000000,0.006624
1749261738,0.00674500,230090.80000000,0.006624
1749262045,0.00663000,6381.80000000,0.006629
1749262045,0.00663100,2639.90000000,0.006629
1749262045,0.00663200,12968.60000000,0.006629
1749262045,0.00663300,14595.20000000,0.006629
1749262045,0.00663400,87858.50000000,0.006629
1749262045,0.00663500,339430.80000000,0.006629
1749262045,0.00663600,176665.50000000,0.006629
1749262045,0.00663700,157059.00000000,0.006629
1749262045,0.00663800,428805.70000000,0.006629
1749262045,0.00663900,658239.90000000,0.006629
1749262045,0.00664000,748795.90000000,0.006629
1749262045,0.00664100,705014.30000000,0.006629
1749262045,0.00664200,213080.90000000,0.006629
1749262045,0.00664300,100971.50000000,0.006629
1749262045,0.00664400,15174.70000000,0.006629
1749262045,0.00664500,82204.10000000,0.006629
1749262045,0.00664600,77038.10000000,0.006629
1749262045,0.00664700,120916.30000000,0.006629
1749262045,0.00664800,230001.20000000,0.006629
1749262045,0.00664900,347359.50000000,0.006629
1749262045,0.00665000,83320.10000000,0.006629
1749262045,0.00665100,1502.60000000,0.006629
1749262045,0.00665200,82178.10000000,0.006629
1749262045,0.00665300,16853.90000000,0.006629
1749262045,0.00665400,229975.40000000,0.006629
1749262045,0.00665500,447248.00000000,0.006629
1749262045,0.00665600,2629.10000000,0.006629
1749262045,0.00665700,1501.40000000,0.006629
1749262045,0.00665800,568030.70000000,0.006629
1749262045,0.00665900,83473.90000000,0.006629
1749262045,0.00666000,230120.40000000,0.006629
1749262045,0.00666100,297095.90000000,0.006629
1749262045,0.00666200,83412.00000000,0.006629
1749262045,0.00666300,76750.30000000,0.006629
1749262045,0.00666400,1499.60000000,0.006629
1749262045,0.00666500,83410.70000000,0.006629
1749262045,0.00666600,149297.00000000,0.006629
1749262045,0.00666700,372039.60000000,0.006629
1749262045,0.00666800,83324.50000000,0.006629
1749262045,0.00666900,81345.00000000,0.006629
1749262045,0.00667000,1498.50000000,0.006629
1749262045,0.00667100,2623.20000000,0.006629
1749262045,0.00667200,243979.10000000,0.006629
1749262045,0.00667300,297093.40000000,0.006629
1749262045,0.00667400,2622.00000000,0.006629
1749262045,0.00667500,1497.20000000,0.006629
1749262045,0.00667600,1497.20000000,0.006629
1749262045,0.00667700,2620.80000000,0.006629
1749262045,0.00667800,149294.50000000,0.006629
1749262045,0.00667900,297092.10000000,0.006629
1749262045,0.00668000,140805.10000000,0.006629
1749262045,0.00668100,185296.10000000,0.006629
1749262045,0.00668200,1495.80000000,0.006629
1749262045,0.00668300,8785.60000000,0.006629
1749262045,0.00668400,149293.20000000,0.006629
1749262045,0.00668500,297089.60000000,0.006629
1749262045,0.00668600,2616.50000000,0.006629
1749262045,0.00668700,1494.00000000,0.006629
1749262045,0.00668800,13973.90000000,0.006629
1749262045,0.00668900,2616.00000000,0.006629
1749262045,0.00669000,2946674.00000000,0.006629
1749262045,0.00669100,444887.00000000,0.006629
1749262045,0.00669200,2615.00000000,0.006629
1749262045,0.00669300,42859.50000000,0.006629
1749262045,0.00669400,1510.30000000,0.006629
1749262045,0.00669500,151890.00000000,0.006629
1749262045,0.00669600,1509.80000000,0.006629
1749262045,0.00669700,444903.20000000,0.006629
1749262045,0.00669800,2630.20000000,0.006629
1749262045,0.00669900,1508.90000000,0.006629
1749262045,0.00670000,1508.90000000,0.006629
1749262045,0.00670100,2638.60000000,0.006629
1749262045,0.00670200,1508.50000000,0.006629
1749262045,0.00670300,444901.60000000,0.006629
1749262045,0.00670400,2637.50000000,0.006629
1749262045,0.00670500,1507.80000000,0.006629
1749262045,0.00670600,887.50000000,0.006629
1749262045,0.00670700,1128.50000000,0.006629
1749262045,0.00670900,147797.80000000,0.006629
1749262045,0.00671000,1128.00000000,0.006629
1749262045,0.00671300,1127.60000000,0.006629
1749262045,0.00671400,295595.60000000,0.006629
1749262045,0.00671500,147797.80000000,0.006629
1749262045,0.00671600,1127.10000000,0.006629
1749262045,0.00671900,6929.50000000,0.006629
1749262045,0.00672100,5980.50000000,0.006629
1749262045,0.00672200,1125.90000000,0.006629
1749262045,0.00672400,147797.80000000,0.006629
1749262045,0.00672500,296720.80000000,0.006629
1749262045,0.00672800,1124.90000000,0.006629
1749262045,0.00673100,1124.40000000,0.006629
1749262045,0.00673300,2484.90000000,0.006629
1749262045,0.00673400,1123.90000000,0.006629
1749262045,0.00673500,147797.80000000,0.006629
1749262045,0.00673600,295595.60000000,0.006629
1749262045,0.00673700,337390.50000000,0.006629
1749262045,0.00674500,230090.80000000,0.006629
1749262045,0.00674600,147797.80000000,0.006629
1749262045,0.00674700,295595.60000000,0.006629
1749262045,0.00675000,5590.90000000,0.006629
1749262346,0.00664500,7523.20000000,0.006645
1749262346,0.00664600,6344.20000000,0.006645
1749262346,0.00664700,47761.90000000,0.006645
1749262346,0.00664800,150431.50000000,0.006645
1749262346,0.00664900,2633.70000000,0.006645
1749262346,0.00665000,107473.50000000,0.006645
1749262346,0.00665100,360141.30000000,0.006645
1749262346,0.00665200,236839.60000000,0.006645
1749262346,0.00665300,73091.00000000,0.006645
1749262346,0.00665400,320572.30000000,0.006645
1749262346,0.00665500,373381.90000000,0.006645
1749262346,0.00665600,96937.80000000,0.006645
1749262346,0.00665700,40580.20000000,0.006645
1749262346,0.00665800,126501.00000000,0.006645
1749262346,0.00665900,161905.00000000,0.006645
1749262346,0.00666000,261436.90000000,0.006645
1749262346,0.00666100,297095.90000000,0.006645
1749262346,0.00666200,83412.00000000,0.006645
1749262346,0.00666300,114242.90000000,0.006645
1749262346,0.00666400,1499.60000000,0.006645
1749262346,0.00666500,133670.70000000,0.006645
1749262346,0.00666600,229996.90000000,0.006645
1749262346,0.00666700,297094.80000000,0.006645
1749262346,0.00666800,83361.00000000,0.006645
1749262346,0.00666900,1499.00000000,0.006645
1749262346,0.00667000,15722.00000000,0.006645
1749262346,0.00667100,220121.10000000,0.006645
1749262346,0.00667200,657940.50000000,0.006645
1749262346,0.00667300,371835.70000000,0.006645
1749262346,0.00667400,2622.00000000,0.006645
1749262346,0.00667500,82136.20000000,0.006645
1749262346,0.00667600,1497.20000000,0.006645
1749262346,0.00667700,83247.70000000,0.006645
1749262346,0.00667800,229909.20000000,0.006645
1749262346,0.00667900,297092.10000000,0.006645
1749262346,0.00668000,140805.10000000,0.006645
1749262346,0.00668100,82037.90000000,0.006645
1749262346,0.00668200,82037.70000000,0.006645
1749262346,0.00668300,83550.80000000,0.006645
1749262346,0.00668400,229810.90000000,0.006645
1749262346,0.00668500,297089.60000000,0.006645
1749262346,0.00668600,82462.50000000,0.006645
1749262346,0.00668700,1494.00000000,0.006645
1749262346,0.00668800,13973.90000000,0.006645
1749262346,0.00668900,2616.00000000,0.006645
1749262346,0.00669000,5498.60000000,0.006645
1749262346,0.00669100,444887.00000000,0.006645
1749262346,0.00669200,2615.00000000,0.006645
1749262346,0.00669300,321491.90000000,0.006645
1749262346,0.00669400,1510.30000000,0.006645
1749262346,0.00669500,232722.30000000,0.006645
1749262346,0.00669600,1509.80000000,0.006645
1749262346,0.00669700,444903.20000000,0.006645
1749262346,0.00669800,2630.20000000,0.006645
1749262346,0.00669900,1508.90000000,0.006645
1749262346,0.00670000,1508.90000000,0.006645
1749262346,0.00670100,2638.60000000,0.006645
1749262346,0.00670200,1508.50000000,0.006645
1749262346,0.00670300,444901.60000000,0.006645
1749262346,0.00670400,2637.10000000,0.006645
1749262346,0.00670500,2837555.00000000,0.006645
1749262346,0.00670600,2395.10000000,0.006645
1749262346,0.00670700,2636.10000000,0.006645
1749262346,0.00670800,1507.60000000,0.006645
1749262346,0.00670900,149304.70000000,0.006645
1749262346,0.00671000,151556.80000000,0.006645
1749262346,0.00671100,1506.60000000,0.006645
1749262346,0.00671200,1506.20000000,0.006645
1749262346,0.00671300,2633.60000000,0.006645
1749262346,0.00671400,297101.60000000,0.006645
1749262346,0.00671500,149303.30000000,0.006645
1749262346,0.00671600,2632.60000000,0.006645
1749262346,0.00671700,1505.10000000,0.006645
1749262346,0.00671800,1504.80000000,0.006645
1749262346,0.00671900,2631.40000000,0.006645
1749262346,0.00672000,1504.40000000,0.006645
1749262346,0.00672200,1125.90000000,0.006645
1749262346,0.00672400,147797.80000000,0.006645
1749262346,0.00672500,296720.80000000,0.006645
1749262346,0.00672800,1124.90000000,0.006645
1749262346,0.00673100,1124.40000000,0.006645
1749262346,0.00673300,2484.90000000,0.006645
1749262346,0.00673400,1123.90000000,0.006645
1749262346,0.00673500,147797.80000000,0.006645
1749262346,0.00673600,295595.60000000,0.006645
1749262346,0.00673700,343193.20000000,0.006645
1749262346,0.00673900,5980.50000000,0.006645
1749262346,0.00674500,230090.80000000,0.006645
1749262346,0.00674600,147797.80000000,0.006645
1749262346,0.00674700,295595.60000000,0.006645
1749262346,0.00675700,147797.80000000,0.006645
1749262346,0.00675800,295595.60000000,0.006645
1749262346,0.00676000,10146.80000000,0.006645
1749262346,0.00676700,16991.30000000,0.006645
1749262346,0.00676800,147797.80000000,0.006645
1749262346,0.00676900,301186.50000000,0.006645
1749262346,0.00677300,6554691.70000000,0.006645
1749262346,0.00677400,5744.50000000,0.006645
1749262346,0.00677500,1058.70000000,0.006645
1749262346,0.00677900,147797.80000000,0.006645
1749262648,0.00665000,30738.90000000,0.00665
1749262648,0.00665100,14588.40000000,0.00665
1749262648,0.00665200,14588.10000000,0.00665
1749262648,0.00665300,91547.50000000,0.00665
1749262648,0.00665400,305650.50000000,0.00665
1749262648,0.00665500,345732.20000000,0.00665
1749262648,0.00665600,96701.70000000,0.00665
1749262648,0.00665700,35635.60000000,0.00665
1749262648,0.00665800,87505.80000000,0.00665
1749262648,0.00665900,90158.50000000,0.00665
1749262648,0.00666000,308507.90000000,0.00665
1749262648,0.00666100,298224.00000000,0.00665
1749262648,0.00666200,84539.60000000,0.00665
1749262648,0.00666300,77877.80000000,0.00665
1749262648,0.00666400,15163.00000000,0.00665
1749262648,0.00666500,153875.30000000,0.00665
1749262648,0.00666600,246609.20000000,0.00665
1749262648,0.00666700,315671.60000000,0.00665
1749262648,0.00666800,83361.00000000,0.00665
1749262648,0.00666900,163958.60000000,0.00665
1749262648,0.00667000,51758.50000000,0.00665
1749262648,0.00667100,220121.10000000,0.00665
1749262648,0.00667200,229789.50000000,0.00665
1749262648,0.00667300,297093.40000000,0.00665
1749262648,0.00667400,2622.00000000,0.00665
1749262648,0.00667500,82136.20000000,0.00665
1749262648,0.00667600,1497.20000000,0.00665
1749262648,0.00667700,83247.70000000,0.00665
1749262648,0.00667800,229909.20000000,0.00665
1749262648,0.00667900,370831.70000000,0.00665
1749262648,0.00668000,2619.70000000,0.00665
1749262648,0.00668100,1496.00000000,0.00665
1749262648,0.00668200,1495.80000000,0.00665
1749262648,0.00668300,89327.50000000,0.00665
1749262648,0.00668400,231204.90000000,0.00665
1749262648,0.00668500,297089.60000000,0.00665
1749262648,0.00668600,2616.50000000,0.00665
1749262648,0.00668700,96235.20000000,0.00665
1749262648,0.00668800,13973.90000000,0.00665
1749262648,0.00668900,2616.00000000,0.00665
1749262648,0.00669000,85979.90000000,0.00665
1749262648,0.00669100,444887.00000000,0.00665
1749262648,0.00669200,77280.90000000,0.00665
1749262648,0.00669300,217388.50000000,0.00665
1749262648,0.00669400,1510.30000000,0.00665
1749262648,0.00669500,232722.30000000,0.00665
1749262648,0.00669600,1509.80000000,0.00665
1749262648,0.00669700,1009304.30000000,0.00665
1749262648,0.00669800,2630.20000000,0.00665
1749262648,0.00669900,1508.90000000,0.00665
1749262648,0.00670000,1508.90000000,0.00665
1749262648,0.00670100,2638.60000000,0.00665
1749262648,0.00670200,1508.50000000,0.00665
1749262648,0.00670300,444901.60000000,0.00665
1749262648,0.00670400,2637.10000000,0.00665
1749262648,0.00670500,187701.30000000,0.00665
1749262648,0.00670600,2395.10000000,0.00665
1749262648,0.00670700,2636.10000000,0.00665
1749262648,0.00670800,1507.60000000,0.00665
1749262648,0.00670900,149304.70000000,0.00665
1749262648,0.00671000,2634.60000000,0.00665
1749262648,0.00671100,2928338.00000000,0.00665
1749262648,0.00671200,1506.20000000,0.00665
1749262648,0.00671300,2633.60000000,0.00665
1749262648,0.00671400,297101.60000000,0.00665
1749262648,0.00671500,149303.30000000,0.00665
1749262648,0.00671600,2632.60000000,0.00665
1749262648,0.00671700,1505.10000000,0.00665
1749262648,0.00671800,1504.80000000,0.00665
1749262648,0.00671900,2631.40000000,0.00665
1749262648,0.00672000,1504.00000000,0.00665
1749262648,0.00672100,1504.20000000,0.00665
1749262648,0.00672200,2629.80000000,0.00665
1749262648,0.00672300,1503.70000000,0.00665
1749262648,0.00672400,149301.30000000,0.00665
1749262648,0.00672500,446814.60000000,0.00665
1749262648,0.00672800,1124.90000000,0.00665
1749262648,0.00673100,1124.40000000,0.00665
1749262648,0.00673300,2484.90000000,0.00665
1749262648,0.00673400,1123.90000000,0.00665
1749262648,0.00673500,147797.80000000,0.00665
1749262648,0.00673600,295595.60000000,0.00665
1749262648,0.00673700,6926.30000000,0.00665
1749262648,0.00673900,5980.50000000,0.00665
1749262648,0.00674500,230090.80000000,0.00665
1749262648,0.00674600,147797.80000000,0.00665
1749262648,0.00674700,295595.60000000,0.00665
1749262648,0.00675700,147797.80000000,0.00665
1749262648,0.00675800,295595.60000000,0.00665
1749262648,0.00676000,351150.70000000,0.00665
1749262648,0.00676700,16991.30000000,0.00665
1749262648,0.00676800,147797.80000000,0.00665
1749262648,0.00676900,301186.50000000,0.00665
1749262648,0.00677400,5744.50000000,0.00665
1749262648,0.00677500,1058.70000000,0.00665
1749262648,0.00677700,6319144.00000000,0.00665
1749262648,0.00677900,147797.80000000,0.00665
1749262648,0.00679000,147797.80000000,0.00665
1749262648,0.00680000,183345.40000000,0.00665
1749262648,0.00680200,8000.00000000,0.00665
1749262950,0.00664500,18705.40000000,0.006645
1749262950,0.00664600,1503.70000000,0.006645
1749262950,0.00664700,61434.80000000,0.006645
1749262950,0.00664800,156148.90000000,0.006645
1749262950,0.00664900,2631.30000000,0.006645
1749262950,0.00665000,38256.30000000,0.006645
1749262950,0.00665100,51375.40000000,0.006645
1749262950,0.00665200,100089.30000000,0.006645
1749262950,0.00665300,177818.00000000,0.006645
1749262950,0.00665400,772072.50000000,0.006645
1749262950,0.00665500,681333.90000000,0.006645
1749262950,0.00665600,16280.90000000,0.006645
1749262950,0.00665700,114428.00000000,0.006645
1749262950,0.00665800,120634.70000000,0.006645
1749262950,0.00665900,3755.80000000,0.006645
1749262950,0.00666000,243365.10000000,0.006645
1749262950,0.00666100,298224.00000000,0.006645
1749262950,0.00666200,103022.00000000,0.006645
1749262950,0.00666300,77877.80000000,0.006645
1749262950,0.00666400,163985.60000000,0.006645
1749262950,0.00666500,133670.70000000,0.006645
1749262950,0.00666600,229996.90000000,0.006645
1749262950,0.00666700,297094.80000000,0.006645
1749262950,0.00666800,83361.00000000,0.006645
1749262950,0.00666900,1499.00000000,0.006645
1749262950,0.00667000,1498.50000000,0.006645
1749262950,0.00667100,83140.90000000,0.006645
1749262950,0.00667200,229789.50000000,0.006645
1749262950,0.00667300,370372.00000000,0.006645
1749262950,0.00667400,2622.00000000,0.006645
1749262950,0.00667500,82136.20000000,0.006645
1749262950,0.00667600,1497.20000000,0.006645
1749262950,0.00667700,83247.70000000,0.006645
1749262950,0.00667800,229909.20000000,0.006645
1749262950,0.00667900,297092.10000000,0.006645
1749262950,0.00668000,2619.70000000,0.006645
1749262950,0.00668100,82025.80000000,0.006645
1749262950,0.00668200,219005.80000000,0.006645
1749262950,0.00668300,515807.70000000,0.006645
1749262950,0.00668400,229798.80000000,0.006645
1749262950,0.00668500,297089.60000000,0.006645
1749262950,0.00668600,2616.50000000,0.006645
1749262950,0.00668700,90438.00000000,0.006645
1749262950,0.00668800,13973.90000000,0.006645
1749262950,0.00668900,2616.00000000,0.006645
1749262950,0.00669000,5498.60000000,0.006645
1749262950,0.00669100,444887.00000000,0.006645
1749262950,0.00669200,2615.00000000,0.006645
1749262950,0.00669300,137542.50000000,0.006645
1749262950,0.00669400,1510.30000000,0.006645
1749262950,0.00669500,232722.30000000,0.006645
1749262950,0.00669600,1509.80000000,0.006645
1749262950,0.00669700,583088.60000000,0.006645
1749262950,0.00669800,2630.20000000,0.006645
1749262950,0.00669900,1508.90000000,0.006645
1749262950,0.00670000,1508.90000000,0.006645
1749262950,0.00670100,2638.60000000,0.006645
1749262950,0.00670200,1508.50000000,0.006645
1749262950,0.00670300,444901.60000000,0.006645
1749262950,0.00670400,2637.10000000,0.006645
1749262950,0.00670500,3124574.30000000,0.006645
1749262950,0.00670600,2395.10000000,0.006645
1749262950,0.00670700,2636.10000000,0.006645
1749262950,0.00670800,1507.60000000,0.006645
1749262950,0.00670900,149304.70000000,0.006645
1749262950,0.00671000,2634.60000000,0.006645
1749262950,0.00671100,1506.60000000,0.006645
1749262950,0.00671200,1506.20000000,0.006645
1749262950,0.00671300,2633.60000000,0.006645
1749262950,0.00671400,297101.60000000,0.006645
1749262950,0.00671500,149303.30000000,0.006645
1749262950,0.00671600,2632.60000000,0.006645
1749262950,0.00671700,1505.10000000,0.006645
1749262950,0.00671800,1504.80000000,0.006645
1749262950,0.00671900,2631.40000000,0.006645
1749262950,0.00672000,1504.40000000,0.006645
1749262950,0.00672200,1125.90000000,0.006645
1749262950,0.00672400,147797.80000000,0.006645
1749262950,0.00672500,445311.40000000,0.006645
1749262950,0.00672800,1124.90000000,0.006645
1749262950,0.00673100,1124.40000000,0.006645
1749262950,0.00673300,2484.90000000,0.006645
1749262950,0.00673400,1123.90000000,0.006645
1749262950,0.00673500,147797.80000000,0.006645
1749262950,0.00673600,295595.60000000,0.006645
1749262950,0.00673700,6926.30000000,0.006645
1749262950,0.00673900,5980.50000000,0.006645
1749262950,0.00674500,230090.80000000,0.006645
1749262950,0.00674600,147797.80000000,0.006645
1749262950,0.00674700,295595.60000000,0.006645
1749262950,0.00675700,147797.80000000,0.006645
1749262950,0.00675800,295595.60000000,0.006645
1749262950,0.00676000,341003.90000000,0.006645
1749262950,0.00676700,16991.30000000,0.006645
1749262950,0.00676800,147797.80000000,0.006645
1749262950,0.00676900,301186.50000000,0.006645
1749262950,0.00677400,5744.50000000,0.006645
1749262950,0.00677500,6335368.90000000,0.006645
1749262950,0.00677900,147797.80000000,0.006645
1749262950,0.00678000,10146.80000000,0.006645
1749263256,0.00665900,5377.60000000,0.006659
1749263256,0.00666000,2627.20000000,0.006659
1749263256,0.00666100,51769.30000000,0.006659
1749263256,0.00666200,253915.50000000,0.006659
1749263256,0.00666300,451775.00000000,0.006659
1749263256,0.00666400,752740.10000000,0.006659
1749263256,0.00666500,514827.80000000,0.006659
1749263256,0.00666600,416360.20000000,0.006659
1749263256,0.00666700,437052.80000000,0.006659
1749263256,0.00666800,134485.80000000,0.006659
1749263256,0.00666900,2625.70000000,0.006659
1749263256,0.00667000,127624.90000000,0.006659
1749263256,0.00667100,83140.90000000,0.006659
1749263256,0.00667200,242308.50000000,0.006659
1749263256,0.00667300,315900.70000000,0.006659
1749263256,0.00667400,2622.00000000,0.006659
1749263256,0.00667500,82136.20000000,0.006659
1749263256,0.00667600,1497.20000000,0.006659
1749263256,0.00667700,98728.20000000,0.006659
1749263256,0.00667800,229909.20000000,0.006659
1749263256,0.00667900,384758.80000000,0.006659
1749263256,0.00668000,2619.70000000,0.006659
1749263256,0.00668100,82025.80000000,0.006659
1749263256,0.00668200,219005.80000000,0.006659
1749263256,0.00668300,8785.60000000,0.006659
1749263256,0.00668400,229823.00000000,0.006659
1749263256,0.00668500,372437.10000000,0.006659
1749263256,0.00668600,83109.90000000,0.006659
1749263256,0.00668700,15717.50000000,0.006659
1749263256,0.00668800,81939.00000000,0.006659
1749263256,0.00668900,2616.00000000,0.006659
1749263256,0.00669000,81878.60000000,0.006659
1749263256,0.00669100,871383.70000000,0.006659
1749263256,0.00669200,2615.00000000,0.006659
1749263256,0.00669300,81870.90000000,0.006659
1749263256,0.00669400,81894.90000000,0.006659
1749263256,0.00669500,387198.60000000,0.006659
1749263256,0.00669600,1509.80000000,0.006659
1749263256,0.00669700,583088.60000000,0.006659
1749263256,0.00669800,2630.20000000,0.006659
1749263256,0.00669900,1508.90000000,0.006659
1749263256,0.00670000,1508.90000000,0.006659
1749263256,0.00670100,2638.60000000,0.006659
1749263256,0.00670200,1508.50000000,0.006659
1749263256,0.00670300,444901.60000000,0.006659
1749263256,0.00670400,2637.10000000,0.006659
1749263256,0.00670500,187701.30000000,0.006659
1749263256,0.00670600,2395.10000000,0.006659
1749263256,0.00670700,2636.10000000,0.006659
1749263256,0.00670800,1507.60000000,0.006659
1749263256,0.00670900,243987.70000000,0.006659
1749263256,0.00671000,2634.60000000,0.006659
1749263256,0.00671100,1506.60000000,0.006659
1749263256,0.00671200,1506.20000000,0.006659
1749263256,0.00671300,2633.60000000,0.006659
1749263256,0.00671400,297101.60000000,0.006659
1749263256,0.00671500,161783.20000000,0.006659
1749263256,0.00671600,2632.60000000,0.006659
1749263256,0.00671700,1505.10000000,0.006659
1749263256,0.00671800,2893245.20000000,0.006659
1749263256,0.00671900,2631.40000000,0.006659
1749263256,0.00672000,1504.40000000,0.006659
1749263256,0.00672100,1504.20000000,0.006659
1749263256,0.00672200,2629.80000000,0.006659
1749263256,0.00672300,1503.50000000,0.006659
1749263256,0.00672400,149301.30000000,0.006659
1749263256,0.00672500,450823.40000000,0.006659
1749263256,0.00672600,1503.00000000,0.006659
1749263256,0.00672700,1502.80000000,0.006659
1749263256,0.00672800,2627.70000000,0.006659
1749263256,0.00672900,42851.30000000,0.006659
1749263256,0.00673000,1502.10000000,0.006659
1749263256,0.00673100,2626.50000000,0.006659
1749263256,0.00673200,1501.70000000,0.006659
1749263256,0.00673300,3986.30000000,0.006659
1749263256,0.00673400,2625.10000000,0.006659
1749263256,0.00673500,147797.80000000,0.006659
1749263256,0.00673600,295595.60000000,0.006659
1749263256,0.00673700,1123.60000000,0.006659
1749263256,0.00674500,230090.80000000,0.006659
1749263256,0.00674600,147797.80000000,0.006659
1749263256,0.00674700,295595.60000000,0.006659
1749263256,0.00675400,5802.70000000,0.006659
1749263256,0.00675600,5980.50000000,0.006659
1749263256,0.00675700,147797.80000000,0.006659
1749263256,0.00675800,295595.60000000,0.006659
1749263256,0.00676000,341003.90000000,0.006659
1749263256,0.00676700,10109.20000000,0.006659
1749263256,0.00676800,147797.80000000,0.006659
1749263256,0.00676900,295595.60000000,0.006659
1749263256,0.00677400,5744.50000000,0.006659
1749263256,0.00677500,1058.70000000,0.006659
1749263256,0.00677900,147797.80000000,0.006659
1749263256,0.00678000,10146.80000000,0.006659
1749263256,0.00678600,5590.90000000,0.006659
1749263256,0.00678700,6523048.40000000,0.006659
1749263256,0.00679000,147797.80000000,0.006659
1749263256,0.00680000,183345.40000000,0.006659
1749263256,0.00680200,8000.00000000,0.006659
1749263256,0.00680900,61533.20000000,0.006659
1749263563,0.00666400,1499.90000000,0.006663
1749263563,0.00666500,22683.50000000,0.006663
1749263563,0.00666600,2625.30000000,0.006663
1749263563,0.00666700,2624.60000000,0.006663
1749263563,0.00666800,3751.30000000,0.006663
1749263563,0.00666900,25103.00000000,0.006663
1749263563,0.00667000,82900.90000000,0.006663
1749263563,0.00667100,84256.70000000,0.006663
1749263563,0.00667200,373007.30000000,0.006663
1749263563,0.00667300,605761.20000000,0.006663
1749263563,0.00667400,109996.80000000,0.006663
1749263563,0.00667500,261569.70000000,0.006663
1749263563,0.00667600,126497.20000000,0.006663
1749263563,0.00667700,155971.70000000,0.006663
1749263563,0.00667800,337052.70000000,0.006663
1749263563,0.00667900,315464.90000000,0.006663
1749263563,0.00668000,2619.70000000,0.006663
1749263563,0.00668100,82025.80000000,0.006663
1749263563,0.00668200,82025.60000000,0.006663
1749263563,0.00668300,55480.80000000,0.006663
1749263563,0.00668400,280083.00000000,0.006663
1749263563,0.00668500,309612.40000000,0.006663
1749263563,0.00668600,83109.90000000,0.006663
1749263563,0.00668700,15717.50000000,0.006663
1749263563,0.00668800,81939.00000000,0.006663
1749263563,0.00668900,2616.00000000,0.006663
1749263563,0.00669000,81878.60000000,0.006663
1749263563,0.00669100,519970.80000000,0.006663
1749263563,0.00669200,15124.60000000,0.006663
1749263563,0.00669300,81870.90000000,0.006663
1749263563,0.00669400,634051.80000000,0.006663
1749263563,0.00669500,232722.30000000,0.006663
1749263563,0.00669600,76128.20000000,0.006663
1749263563,0.00669700,583088.60000000,0.006663
1749263563,0.00669800,82918.30000000,0.006663
1749263563,0.00669900,81354.90000000,0.006663
1749263563,0.00670000,1508.90000000,0.006663
1749263563,0.00670100,82950.80000000,0.006663
1749263563,0.00670200,81820.70000000,0.006663
1749263563,0.00670300,444901.60000000,0.006663
1749263563,0.00670400,2637.10000000,0.006663
1749263563,0.00670500,1507.60000000,0.006663
1749263563,0.00670600,2395.10000000,0.006663
1749263563,0.00670700,2636.10000000,0.006663
1749263563,0.00670800,1507.60000000,0.006663
1749263563,0.00670900,243987.70000000,0.006663
1749263563,0.00671000,2634.60000000,0.006663
1749263563,0.00671100,1506.60000000,0.006663
1749263563,0.00671200,1506.20000000,0.006663
1749263563,0.00671300,2633.60000000,0.006663
1749263563,0.00671400,297101.60000000,0.006663
1749263563,0.00671500,161783.20000000,0.006663
1749263563,0.00671600,2632.60000000,0.006663
1749263563,0.00671700,187152.10000000,0.006663
1749263563,0.00671800,1504.80000000,0.006663
1749263563,0.00671900,2631.40000000,0.006663
1749263563,0.00672000,1504.40000000,0.006663
1749263563,0.00672100,1504.20000000,0.006663
1749263563,0.00672200,2629.80000000,0.006663
1749263563,0.00672300,2862404.20000000,0.006663
1749263563,0.00672400,149301.30000000,0.006663
1749263563,0.00672500,450823.40000000,0.006663
1749263563,0.00672600,1503.00000000,0.006663
1749263563,0.00672700,1502.80000000,0.006663
1749263563,0.00672800,2627.70000000,0.006663
1749263563,0.00672900,42851.30000000,0.006663
1749263563,0.00673000,1502.10000000,0.006663
1749263563,0.00673100,2626.30000000,0.006663
1749263563,0.00673200,1501.70000000,0.006663
1749263563,0.00673300,3986.60000000,0.006663
1749263563,0.00673400,2625.10000000,0.006663
1749263563,0.00673500,149298.80000000,0.006663
1749263563,0.00673600,297096.60000000,0.006663
1749263563,0.00673700,2624.10000000,0.006663
1749263563,0.00673800,1500.10000000,0.006663
1749263563,0.00673900,1500.10000000,0.006663
1749263563,0.00674500,230090.80000000,0.006663
1749263563,0.00674600,147797.80000000,0.006663
1749263563,0.00674700,295595.60000000,0.006663
1749263563,0.00675400,5802.70000000,0.006663
1749263563,0.00675600,5980.50000000,0.006663
1749263563,0.00675700,147797.80000000,0.006663
1749263563,0.00675800,295595.60000000,0.006663
1749263563,0.00676000,341003.90000000,0.006663
1749263563,0.00676800,147797.80000000,0.006663
1749263563,0.00676900,295595.60000000,0.006663
1749263563,0.00677500,1058.70000000,0.006663
1749263563,0.00677900,147797.80000000,0.006663
1749263563,0.00678000,10146.80000000,0.006663
1749263563,0.00678600,5590.90000000,0.006663
1749263563,0.00679000,164074.50000000,0.006663
1749263563,0.00679100,6613427.00000000,0.006663
1749263563,0.00680000,183345.40000000,0.006663
1749263563,0.00680200,8000.00000000,0.006663
1749263563,0.00681000,230090.00000000,0.006663
1749263563,0.00681200,880.80000000,0.006663
1749263563,0.00681800,3759.40000000,0.006663
1749263563,0.00682300,5117.40000000,0.006663
1749263563,0.00682400,1172.30000000,0.006663
1749263563,0.00682700,61533.20000000,0.006663
1749263865,0.00667200,54929.50000000,0.006671
1749263865,0.00667300,2623.70000000,0.006671
1749263865,0.00667400,3747.80000000,0.006671
1749263865,0.00667500,29535.30000000,0.006671
1749263865,0.00667600,111627.80000000,0.006671
1749263865,0.00667700,353980.20000000,0.006671
1749263865,0.00667800,517885.80000000,0.006671
1749263865,0.00667900,458622.70000000,0.006671
1749263865,0.00668000,76690.70000000,0.006671
1749263865,0.00668100,145258.40000000,0.006671
1749263865,0.00668200,207025.60000000,0.006671
1749263865,0.00668300,77141.10000000,0.006671
1749263865,0.00668400,341293.00000000,0.006671
1749263865,0.00668500,309612.40000000,0.006671
1749263865,0.00668600,83109.90000000,0.006671
1749263865,0.00668700,1494.00000000,0.006671
1749263865,0.00668800,81939.00000000,0.006671
1749263865,0.00668900,55440.30000000,0.006671
1749263865,0.00669000,81878.60000000,0.006671
1749263865,0.00669100,444887.00000000,0.006671
1749263865,0.00669200,65379.00000000,0.006671
1749263865,0.00669300,81870.90000000,0.006671
1749263865,0.00669400,207847.30000000,0.006671
1749263865,0.00669500,232722.30000000,0.006671
1749263865,0.00669600,81809.90000000,0.006671
1749263865,0.00669700,656294.00000000,0.006671
1749263865,0.00669800,2630.20000000,0.006671
1749263865,0.00669900,14001.70000000,0.006671
1749263865,0.00670000,81772.90000000,0.006671
1749263865,0.00670100,428094.80000000,0.006671
1749263865,0.00670200,1508.50000000,0.006671
1749263865,0.00670300,444901.60000000,0.006671
1749263865,0.00670400,77165.00000000,0.006671
1749263865,0.00670500,15731.10000000,0.006671
1749263865,0.00670600,2395.10000000,0.006671
1749263865,0.00670700,82839.90000000,0.006671
1749263865,0.00670800,81353.60000000,0.006671
1749263865,0.00670900,243987.70000000,0.006671
1749263865,0.00671000,2634.60000000,0.006671
1749263865,0.00671100,1506.60000000,0.006671
1749263865,0.00671200,1506.20000000,0.006671
1749263865,0.00671300,2633.60000000,0.006671
1749263865,0.00671400,297101.60000000,0.006671
1749263865,0.00671500,161783.20000000,0.006671
1749263865,0.00671600,2632.60000000,0.006671
1749263865,0.00671700,187152.10000000,0.006671
1749263865,0.00671800,1504.80000000,0.006671
1749263865,0.00671900,2631.40000000,0.006671
1749263865,0.00672000,1504.40000000,0.006671
1749263865,0.00672100,1504.20000000,0.006671
1749263865,0.00672200,2629.80000000,0.006671
1749263865,0.00672300,1503.50000000,0.006671
1749263865,0.00672400,162350.70000000,0.006671
1749263865,0.00672500,302232.80000000,0.006671
1749263865,0.00672600,1503.00000000,0.006671
1749263865,0.00672700,1502.80000000,0.006671
1749263865,0.00672800,2627.70000000,0.006671
1749263865,0.00672900,42851.30000000,0.006671
1749263865,0.00673000,1502.10000000,0.006671
1749263865,0.00673100,2967665.30000000,0.006671
1749263865,0.00673200,1501.70000000,0.006671
1749263865,0.00673300,3986.60000000,0.006671
1749263865,0.00673400,2625.10000000,0.006671
1749263865,0.00673500,149298.80000000,0.006671
1749263865,0.00673600,297096.40000000,0.006671
1749263865,0.00673700,2624.40000000,0.006671
1749263865,0.00673800,1500.30000000,0.006671
1749263865,0.00673900,1500.10000000,0.006671
1749263865,0.00674000,149763.00000000,0.006671
1749263865,0.00674100,1499.60000000,0.006671
1749263865,0.00674200,1499.40000000,0.006671
1749263865,0.00674300,1499.40000000,0.006671
1749263865,0.00674400,1499.40000000,0.006671
1749263865,0.00674500,231590.20000000,0.006671
1749263865,0.00674600,149297.20000000,0.006671
1749263865,0.00674700,297093.90000000,0.006671
1749263865,0.00675400,5802.70000000,0.006671
1749263865,0.00675600,5980.50000000,0.006671
1749263865,0.00675700,147797.80000000,0.006671
1749263865,0.00675800,295595.60000000,0.006671
1749263865,0.00676800,147797.80000000,0.006671
1749263865,0.00676900,295595.60000000,0.006671
1749263865,0.00677500,1058.70000000,0.006671
1749263865,0.00677900,147797.80000000,0.006671
1749263865,0.00678300,335524.60000000,0.006671
1749263865,0.00678600,5590.90000000,0.006671
1749263865,0.00679000,168053.90000000,0.006671
1749263865,0.00679100,5744.50000000,0.006671
1749263865,0.00679900,6407931.20000000,0.006671
1749263865,0.00680000,183345.40000000,0.006671
1749263865,0.00680200,8000.00000000,0.006671
1749263865,0.00681000,230090.00000000,0.006671
1749263865,0.00681800,3759.40000000,0.006671
1749263865,0.00682300,5117.40000000,0.006671
1749263865,0.00682700,61533.20000000,0.006671
1749263865,0.00682800,7071.30000000,0.006671
1749263865,0.00682900,561545.60000000,0.006671
1749263865,0.00683100,887.50000000,0.006671
1749263865,0.00683400,162126.60000000,0.006671
1749263865,0.00685000,945565.60000000,0.006671
1749264166,0.00666800,20872.80000000,0.006667
1749264166,0.00666900,7564.90000000,0.006667
1749264166,0.00667000,36580.20000000,0.006667
1749264166,0.00667100,79230.60000000,0.006667
1749264166,0.00667200,298379.90000000,0.006667
1749264166,0.00667300,483921.20000000,0.006667
1749264166,0.00667400,373611.80000000,0.006667
1749264166,0.00667500,90453.90000000,0.006667
1749264166,0.00667600,269206.50000000,0.006667
1749264166,0.00667700,180104.30000000,0.006667
1749264166,0.00667800,778313.90000000,0.006667
1749264166,0.00667900,458091.00000000,0.006667
1749264166,0.00668000,383728.50000000,0.006667
1749264166,0.00668100,77566.50000000,0.006667
1749264166,0.00668200,127620.00000000,0.006667
1749264166,0.00668300,83898.30000000,0.006667
1749264166,0.00668400,279475.10000000,0.006667
1749264166,0.00668500,423089.00000000,0.006667
1749264166,0.00668600,84233.60000000,0.006667
1749264166,0.00668700,38949.90000000,0.006667
1749264166,0.00668800,281952.40000000,0.006667
1749264166,0.00668900,77561.60000000,0.006667
1749264166,0.00669000,81878.60000000,0.006667
1749264166,0.00669100,519866.30000000,0.006667
1749264166,0.00669200,164976.50000000,0.006667
1749264166,0.00669300,97344.50000000,0.006667
1749264166,0.00669400,119379.80000000,0.006667
1749264166,0.00669500,232722.30000000,0.006667
1749264166,0.00669600,81809.90000000,0.006667
1749264166,0.00669700,444903.20000000,0.006667
1749264166,0.00669800,231001.10000000,0.006667
1749264166,0.00669900,76454.50000000,0.006667
1749264166,0.00670000,119256.90000000,0.006667
1749264166,0.00670100,2638.60000000,0.006667
1749264166,0.00670200,464239.30000000,0.006667
1749264166,0.00670300,444901.60000000,0.006667
1749264166,0.00670400,214596.60000000,0.006667
1749264166,0.00670500,325229.60000000,0.006667
1749264166,0.00670600,77307.00000000,0.006667
1749264166,0.00670700,77548.00000000,0.006667
1749264166,0.00670800,81771.60000000,0.006667
1749264166,0.00670900,243987.70000000,0.006667
1749264166,0.00671000,2634.60000000,0.006667
1749264166,0.00671100,1506.60000000,0.006667
1749264166,0.00671200,1506.20000000,0.006667
1749264166,0.00671300,77579.20000000,0.006667
1749264166,0.00671400,435287.00000000,0.006667
1749264166,0.00671500,161783.20000000,0.006667
1749264166,0.00671600,2632.60000000,0.006667
1749264166,0.00671700,1505.10000000,0.006667
1749264166,0.00671800,1504.80000000,0.006667
1749264166,0.00671900,2631.40000000,0.006667
1749264166,0.00672000,1504.40000000,0.006667
1749264166,0.00672100,1504.20000000,0.006667
1749264166,0.00672200,2629.80000000,0.006667
1749264166,0.00672300,76471.60000000,0.006667
1749264166,0.00672400,162350.70000000,0.006667
1749264166,0.00672500,302232.80000000,0.006667
1749264166,0.00672600,76448.60000000,0.006667
1749264166,0.00672700,1502.80000000,0.006667
1749264166,0.00672800,2906534.30000000,0.006667
1749264166,0.00672900,226721.20000000,0.006667
1749264166,0.00673000,1502.10000000,0.006667
1749264166,0.00673100,2626.30000000,0.006667
1749264166,0.00673200,1501.70000000,0.006667
1749264166,0.00673300,3986.60000000,0.006667
1749264166,0.00673400,2625.10000000,0.006667
1749264166,0.00673500,149298.80000000,0.006667
1749264166,0.00673600,297096.40000000,0.006667
1749264166,0.00673700,2624.40000000,0.006667
1749264166,0.00673800,1500.30000000,0.006667
1749264166,0.00673900,1500.10000000,0.006667
1749264166,0.00674000,149763.00000000,0.006667
1749264166,0.00674100,1499.60000000,0.006667
1749264166,0.00674200,1499.40000000,0.006667
1749264166,0.00674300,1499.20000000,0.006667
1749264166,0.00674500,230090.80000000,0.006667
1749264166,0.00674600,147797.80000000,0.006667
1749264166,0.00674700,295595.60000000,0.006667
1749264166,0.00675700,147797.80000000,0.006667
1749264166,0.00675800,295595.60000000,0.006667
1749264166,0.00676800,147797.80000000,0.006667
1749264166,0.00676900,295595.60000000,0.006667
1749264166,0.00677300,5802.70000000,0.006667
1749264166,0.00677500,7039.20000000,0.006667
1749264166,0.00677900,147797.80000000,0.006667
1749264166,0.00678300,335524.60000000,0.006667
1749264166,0.00679000,147797.80000000,0.006667
1749264166,0.00679100,5744.50000000,0.006667
1749264166,0.00679500,10109.30000000,0.006667
1749264166,0.00679600,6444449.80000000,0.006667
1749264166,0.00680000,183345.40000000,0.006667
1749264166,0.00680200,8000.00000000,0.006667
1749264166,0.00680500,5590.90000000,0.006667
1749264166,0.00681000,230090.00000000,0.006667
1749264166,0.00681800,3759.40000000,0.006667
1749264166,0.00682300,5117.40000000,0.006667
1749264166,0.00682700,61533.20000000,0.006667
1749264166,0.00682800,7071.30000000,0.006667
1749264166,0.00682900,1317.90000000,0.006667
1749264468,0.00666800,10414.20000000,0.006668
1749264468,0.00666900,1498.70000000,0.006668
1749264468,0.00667000,42374.40000000,0.006668
1749264468,0.00667100,84106.00000000,0.006668
1749264468,0.00667200,223918.00000000,0.006668
1749264468,0.00667300,203584.50000000,0.006668
1749264468,0.00667400,183232.00000000,0.006668
1749264468,0.00667500,270962.30000000,0.006668
1749264468,0.00667600,263153.50000000,0.006668
1749264468,0.00667700,78894.10000000,0.006668
1749264468,0.00667800,456147.80000000,0.006668
1749264468,0.00667900,536775.80000000,0.006668
1749264468,0.00668000,281894.30000000,0.006668
1749264468,0.00668100,2620.90000000,0.006668
1749264468,0.00668200,2620.00000000,0.006668
1749264468,0.00668300,83898.30000000,0.006668
1749264468,0.00668400,259787.70000000,0.006668
1749264468,0.00668500,477816.50000000,0.006668
1749264468,0.00668600,83109.90000000,0.006668
1749264468,0.00668700,38949.90000000,0.006668
1749264468,0.00668800,244600.50000000,0.006668
1749264468,0.00668900,77561.60000000,0.006668
1749264468,0.00669000,81878.60000000,0.006668
1749264468,0.00669100,521236.10000000,0.006668
1749264468,0.00669200,239190.90000000,0.006668
1749264468,0.00669300,97299.60000000,0.006668
1749264468,0.00669400,545280.90000000,0.006668
1749264468,0.00669500,232722.30000000,0.006668
1749264468,0.00669600,81809.90000000,0.006668
1749264468,0.00669700,583088.60000000,0.006668
1749264468,0.00669800,157767.60000000,0.006668
1749264468,0.00669900,76454.50000000,0.006668
1749264468,0.00670000,38992.90000000,0.006668
1749264468,0.00670100,2638.60000000,0.006668
1749264468,0.00670200,38981.30000000,0.006668
1749264468,0.00670300,444901.60000000,0.006668
1749264468,0.00670400,214596.60000000,0.006668
1749264468,0.00670500,250796.30000000,0.006668
1749264468,0.00670600,151813.60000000,0.006668
1749264468,0.00670700,77548.00000000,0.006668
1749264468,0.00670800,81759.60000000,0.006668
1749264468,0.00670900,243987.70000000,0.006668
1749264468,0.00671000,2634.60000000,0.006668
1749264468,0.00671100,1506.60000000,0.006668
1749264468,0.00671200,1506.20000000,0.006668
1749264468,0.00671300,77579.20000000,0.006668
1749264468,0.00671400,297101.60000000,0.006668
1749264468,0.00671500,161783.20000000,0.006668
1749264468,0.00671600,2632.60000000,0.006668
1749264468,0.00671700,1505.10000000,0.006668
1749264468,0.00671800,1504.80000000,0.006668
1749264468,0.00671900,2631.40000000,0.006668
1749264468,0.00672000,1504.40000000,0.006668
1749264468,0.00672100,1504.20000000,0.006668
1749264468,0.00672200,2629.80000000,0.006668
1749264468,0.00672300,76471.60000000,0.006668
1749264468,0.00672400,162350.70000000,0.006668
1749264468,0.00672500,302232.80000000,0.006668
1749264468,0.00672600,76448.60000000,0.006668
1749264468,0.00672700,2849350.40000000,0.006668
1749264468,0.00672800,2627.70000000,0.006668
1749264468,0.00672900,226721.20000000,0.006668
1749264468,0.00673000,1502.10000000,0.006668
1749264468,0.00673100,2626.30000000,0.006668
1749264468,0.00673200,1501.70000000,0.006668
1749264468,0.00673300,3986.60000000,0.006668
1749264468,0.00673400,2625.10000000,0.006668
1749264468,0.00673500,149298.80000000,0.006668
1749264468,0.00673600,297096.40000000,0.006668
1749264468,0.00673700,2624.40000000,0.006668
1749264468,0.00673800,1500.30000000,0.006668
1749264468,0.00673900,1500.10000000,0.006668
1749264468,0.00674000,149762.80000000,0.006668
1749264468,0.00674100,1499.60000000,0.006668
1749264468,0.00674200,1499.40000000,0.006668
1749264468,0.00674300,1499.20000000,0.006668
1749264468,0.00674500,230090.80000000,0.006668
1749264468,0.00674600,147797.80000000,0.006668
1749264468,0.00674700,295595.60000000,0.006668
1749264468,0.00675700,147797.80000000,0.006668
1749264468,0.00675800,295595.60000000,0.006668
1749264468,0.00676800,147797.80000000,0.006668
1749264468,0.00676900,295595.60000000,0.006668
1749264468,0.00677300,5802.70000000,0.006668
1749264468,0.00677500,7039.20000000,0.006668
1749264468,0.00677900,147797.80000000,0.006668
1749264468,0.00678300,335524.60000000,0.006668
1749264468,0.00679000,147797.80000000,0.006668
1749264468,0.00679100,5744.50000000,0.006668
1749264468,0.00679500,6494923.60000000,0.006668
1749264468,0.00680000,183345.40000000,0.006668
1749264468,0.00680200,8000.00000000,0.006668
1749264468,0.00680500,5590.90000000,0.006668
1749264468,0.00681000,230090.00000000,0.006668
1749264468,0.00681800,3759.40000000,0.006668
1749264468,0.00682300,5117.40000000,0.006668
1749264468,0.00682700,61533.20000000,0.006668
1749264468,0.00682800,7071.30000000,0.006668
1749264468,0.00682900,1317.90000000,0.006668
1749264468,0.00683100,887.50000000,0.006668
1749264769,0.00668700,16983.90000000,0.006687
1749264769,0.00668800,23616.30000000,0.006687
1749264769,0.00668900,39289.10000000,0.006687
1749264769,0.00669000,51804.60000000,0.006687
1749264769,0.00669100,217272.90000000,0.006687
1749264769,0.00669200,239479.30000000,0.006687
1749264769,0.00669300,312018.70000000,0.006687
1749264769,0.00669400,294559.40000000,0.006687
1749264769,0.00669500,269916.40000000,0.006687
1749264769,0.00669600,273068.20000000,0.006687
1749264769,0.00669700,512851.60000000,0.006687
1749264769,0.00669800,207822.00000000,0.006687
1749264769,0.00669900,14005.40000000,0.006687
1749264769,0.00670000,81616.70000000,0.006687
1749264769,0.00670100,32664.00000000,0.006687
1749264769,0.00670200,100084.80000000,0.006687
1749264769,0.00670300,482173.70000000,0.006687
1749264769,0.00670400,2637.10000000,0.006687
1749264769,0.00670500,95971.00000000,0.006687
1749264769,0.00670600,95032.40000000,0.006687
1749264769,0.00670700,127808.00000000,0.006687
1749264769,0.00670800,155951.60000000,0.006687
1749264769,0.00670900,149304.70000000,0.006687
1749264769,0.00671000,82706.40000000,0.006687
1749264769,0.00671100,75146.00000000,0.006687
1749264769,0.00671200,1506.20000000,0.006687
1749264769,0.00671300,95259.70000000,0.006687
1749264769,0.00671400,377209.40000000,0.006687
1749264769,0.00671500,299968.60000000,0.006687
1749264769,0.00671600,2632.60000000,0.006687
1749264769,0.00671700,1505.10000000,0.006687
1749264769,0.00671800,1504.80000000,0.006687
1749264769,0.00671900,162609.20000000,0.006687
1749264769,0.00672000,425455.40000000,0.006687
1749264769,0.00672100,81612.00000000,0.006687
1749264769,0.00672200,251714.70000000,0.006687
1749264769,0.00672300,76471.60000000,0.006687
1749264769,0.00672400,229361.10000000,0.006687
1749264769,0.00672500,302232.80000000,0.006687
1749264769,0.00672600,76448.60000000,0.006687
1749264769,0.00672700,1502.80000000,0.006687
1749264769,0.00672800,2627.70000000,0.006687
1749264769,0.00672900,42851.30000000,0.006687
1749264769,0.00673000,1502.10000000,0.006687
1749264769,0.00673100,2626.30000000,0.006687
1749264769,0.00673200,1501.70000000,0.006687
1749264769,0.00673300,3986.60000000,0.006687
1749264769,0.00673400,2625.10000000,0.006687
1749264769,0.00673500,149298.80000000,0.006687
1749264769,0.00673600,297096.40000000,0.006687
1749264769,0.00673700,2624.40000000,0.006687
1749264769,0.00673800,1500.30000000,0.006687
1749264769,0.00673900,1500.10000000,0.006687
1749264769,0.00674000,2623.00000000,0.006687
1749264769,0.00674100,185913.70000000,0.006687
1749264769,0.00674200,1499.40000000,0.006687
1749264769,0.00674300,2621.60000000,0.006687
1749264769,0.00674400,1499.20000000,0.006687
1749264769,0.00674500,231589.50000000,0.006687
1749264769,0.00674600,150418.90000000,0.006687
1749264769,0.00674700,297094.30000000,0.006687
1749264769,0.00674800,2900666.90000000,0.006687
1749264769,0.00674900,1497.80000000,0.006687
1749264769,0.00675000,1497.60000000,0.006687
1749264769,0.00675100,1497.40000000,0.006687
1749264769,0.00675200,1497.20000000,0.006687
1749264769,0.00675300,1496.90000000,0.006687
1749264769,0.00675400,1496.90000000,0.006687
1749264769,0.00675500,149429.70000000,0.006687
1749264769,0.00675600,1496.90000000,0.006687
1749264769,0.00675700,149293.60000000,0.006687
1749264769,0.00675800,297091.40000000,0.006687
1749264769,0.00675900,1495.60000000,0.006687
1749264769,0.00676000,1495.40000000,0.006687
1749264769,0.00676100,1495.20000000,0.006687
1749264769,0.00676200,1495.20000000,0.006687
1749264769,0.00676800,147797.80000000,0.006687
1749264769,0.00676900,295595.60000000,0.006687
1749264769,0.00677300,5802.70000000,0.006687
1749264769,0.00677500,7039.20000000,0.006687
1749264769,0.00677900,147797.80000000,0.006687
1749264769,0.00678000,295595.60000000,0.006687
1749264769,0.00678300,335524.60000000,0.006687
1749264769,0.00679000,147797.80000000,0.006687
1749264769,0.00679100,295595.60000000,0.006687
1749264769,0.00679500,10109.30000000,0.006687
1749264769,0.00679800,17028.90000000,0.006687
1749264769,0.00680000,183345.40000000,0.006687
1749264769,0.00680200,8000.00000000,0.006687
1749264769,0.00680500,5590.90000000,0.006687
1749264769,0.00680900,5744.50000000,0.006687
1749264769,0.00681000,230090.00000000,0.006687
1749264769,0.00681600,6440854.90000000,0.006687
1749264769,0.00681800,3759.40000000,0.006687
1749264769,0.00682300,5117.40000000,0.006687
1749264769,0.00682800,7071.30000000,0.006687
1749264769,0.00683100,887.50000000,0.006687
1749264769,0.00684700,61533.20000000,0.006687
1749264769,0.00684800,6167.40000000,0.006687
1749264769,0.00684900,560227.70000000,0.006687
1749265071,0.00670400,103088.60000000,0.006704
1749265071,0.00670500,101050.10000000,0.006704
1749265071,0.00670600,70711.70000000,0.006704
1749265071,0.00670700,109257.20000000,0.006704
1749265071,0.00670800,127533.30000000,0.006704
1749265071,0.00670900,150423.10000000,0.006704
1749265071,0.00671000,39304.10000000,0.006704
1749265071,0.00671100,82399.30000000,0.006704
1749265071,0.00671200,183016.10000000,0.006704
1749265071,0.00671300,508062.30000000,0.006704
1749265071,0.00671400,423191.90000000,0.006704
1749265071,0.00671500,150422.20000000,0.006704
1749265071,0.00671600,83751.50000000,0.006704
1749265071,0.00671700,40575.20000000,0.006704
1749265071,0.00671800,157945.40000000,0.006704
1749265071,0.00671900,83881.60000000,0.006704
1749265071,0.00672000,32777.80000000,0.006704
1749265071,0.00672100,81612.00000000,0.006704
1749265071,0.00672200,135296.10000000,0.006704
1749265071,0.00672300,1503.50000000,0.006704
1749265071,0.00672400,279621.10000000,0.006704
1749265071,0.00672500,298224.00000000,0.006704
1749265071,0.00672600,81312.00000000,0.006704
1749265071,0.00672700,13941.50000000,0.006704
1749265071,0.00672800,82627.70000000,0.006704
1749265071,0.00672900,75944.70000000,0.006704
1749265071,0.00673000,1502.10000000,0.006704
1749265071,0.00673100,82399.60000000,0.006704
1749265071,0.00673200,139687.10000000,0.006704
1749265071,0.00673300,83938.70000000,0.006704
1749265071,0.00673400,82487.70000000,0.006704
1749265071,0.00673500,149298.80000000,0.006704
1749265071,0.00673600,297096.40000000,0.006704
1749265071,0.00673700,82481.10000000,0.006704
1749265071,0.00673800,89878.70000000,0.006704
1749265071,0.00673900,1500.10000000,0.006704
1749265071,0.00674000,82420.10000000,0.006704
1749265071,0.00674100,93825.50000000,0.006704
1749265071,0.00674200,81272.70000000,0.006704
1749265071,0.00674300,2621.60000000,0.006704
1749265071,0.00674400,1499.20000000,0.006704
1749265071,0.00674500,231589.50000000,0.006704
1749265071,0.00674600,150418.90000000,0.006704
1749265071,0.00674700,391777.30000000,0.006704
1749265071,0.00674800,1497.80000000,0.006704
1749265071,0.00674900,2619.30000000,0.006704
1749265071,0.00675000,1497.60000000,0.006704
1749265071,0.00675100,1497.40000000,0.006704
1749265071,0.00675200,2618.60000000,0.006704
1749265071,0.00675300,1496.90000000,0.006704
1749265071,0.00675400,1496.90000000,0.006704
1749265071,0.00675500,2617.60000000,0.006704
1749265071,0.00675600,42845.90000000,0.006704
1749265071,0.00675700,569988.00000000,0.006704
1749265071,0.00675800,298211.10000000,0.006704
1749265071,0.00675900,1495.60000000,0.006704
1749265071,0.00676000,1495.40000000,0.006704
1749265071,0.00676100,2614.60000000,0.006704
1749265071,0.00676200,1495.20000000,0.006704
1749265071,0.00676300,1494.70000000,0.006704
1749265071,0.00676400,2911899.80000000,0.006704
1749265071,0.00676500,283652.30000000,0.006704
1749265071,0.00676600,1494.50000000,0.006704
1749265071,0.00676700,2613.20000000,0.006704
1749265071,0.00676800,149291.40000000,0.006704
1749265071,0.00676900,297089.00000000,0.006704
1749265071,0.00677000,149097.20000000,0.006704
1749265071,0.00677100,1492.90000000,0.006704
1749265071,0.00677200,5492.70000000,0.006704
1749265071,0.00677300,1492.90000000,0.006704
1749265071,0.00677400,1492.90000000,0.006704
1749265071,0.00677500,2550.70000000,0.006704
1749265071,0.00677600,1491.80000000,0.006704
1749265071,0.00677700,1491.60000000,0.006704
1749265071,0.00677800,1491.60000000,0.006704
1749265071,0.00677900,149289.40000000,0.006704
1749265071,0.00678000,295595.60000000,0.006704
1749265071,0.00679000,147797.80000000,0.006704
1749265071,0.00679100,301398.30000000,0.006704
1749265071,0.00679300,5980.50000000,0.006704
1749265071,0.00679500,10109.30000000,0.006704
1749265071,0.00679800,10146.80000000,0.006704
1749265071,0.00680000,183345.40000000,0.006704
1749265071,0.00680200,303595.60000000,0.006704
1749265071,0.00680600,340445.20000000,0.006704
1749265071,0.00681000,230090.00000000,0.006704
1749265071,0.00681100,147797.80000000,0.006704
1749265071,0.00681300,295595.60000000,0.006704
1749265071,0.00681800,3759.40000000,0.006704
1749265071,0.00682300,10708.30000000,0.006704
1749265071,0.00682700,5744.50000000,0.006704
1749265071,0.00682800,7071.30000000,0.006704
1749265071,0.00683100,7769.60000000,0.006704
1749265071,0.00683200,6242600.30000000,0.006704
1749265071,0.00684800,6167.40000000,0.006704
1749265071,0.00685000,945565.60000000,0.006704
1749265071,0.00685300,867.90000000,0.006704
1749265071,0.00686500,61533.20000000,0.006704
1749265071,0.00686800,116482.20000000,0.006704
1749265071,0.00686900,560227.70000000,0.006704
1749265376,0.00669800,55030.80000000,0.006698
1749265376,0.00669900,90555.80000000,0.006698
1749265376,0.00670000,81082.70000000,0.006698
1749265376,0.00670100,51238.80000000,0.006698
1749265376,0.00670200,121175.60000000,0.006698
1749265376,0.00670300,166614.90000000,0.006698
1749265376,0.00670400,188061.10000000,0.006698
1749265376,0.00670500,339999.00000000,0.006698
1749265376,0.00670600,92921.20000000,0.006698
1749265376,0.00670700,117493.70000000,0.006698
1749265376,0.00670800,416461.40000000,0.006698
1749265376,0.00670900,318482.80000000,0.006698
1749265376,0.00671000,308978.60000000,0.006698
1749265376,0.00671100,168757.10000000,0.006698
1749265376,0.00671200,379287.40000000,0.006698
1749265376,0.00671300,409440.10000000,0.006698
1749265376,0.00671400,547856.20000000,0.006698
1749265376,0.00671500,149303.30000000,0.006698
1749265376,0.00671600,138445.80000000,0.006698
1749265376,0.00671700,38697.40000000,0.006698
1749265376,0.00671800,51764.80000000,0.006698
1749265376,0.00671900,82763.20000000,0.006698
1749265376,0.00672000,1504.40000000,0.006698
1749265376,0.00672100,81612.00000000,0.006698
1749265376,0.00672200,82701.60000000,0.006698
1749265376,0.00672300,75015.00000000,0.006698
1749265376,0.00672400,229361.10000000,0.006698
1749265376,0.00672500,298224.00000000,0.006698
1749265376,0.00672600,81312.00000000,0.006698
1749265376,0.00672700,1502.80000000,0.006698
1749265376,0.00672800,82627.70000000,0.006698
1749265376,0.00672900,1502.30000000,0.006698
1749265376,0.00673000,504034.40000000,0.006698
1749265376,0.00673100,82399.60000000,0.006698
1749265376,0.00673200,213909.00000000,0.006698
1749265376,0.00673300,83938.70000000,0.006698
1749265376,0.00673400,82553.30000000,0.006698
1749265376,0.00673500,149298.80000000,0.006698
1749265376,0.00673600,297096.40000000,0.006698
1749265376,0.00673700,2624.40000000,0.006698
1749265376,0.00673800,15723.80000000,0.006698
1749265376,0.00673900,1500.10000000,0.006698
1749265376,0.00674000,2623.00000000,0.006698
1749265376,0.00674100,13979.50000000,0.006698
1749265376,0.00674200,1499.40000000,0.006698
1749265376,0.00674300,2621.60000000,0.006698
1749265376,0.00674400,1499.20000000,0.006698
1749265376,0.00674500,231589.50000000,0.006698
1749265376,0.00674600,150418.90000000,0.006698
1749265376,0.00674700,391777.30000000,0.006698
1749265376,0.00674800,1497.80000000,0.006698
1749265376,0.00674900,2619.30000000,0.006698
1749265376,0.00675000,96176.60000000,0.006698
1749265376,0.00675100,1497.40000000,0.006698
1749265376,0.00675200,2618.60000000,0.006698
1749265376,0.00675300,189075.70000000,0.006698
1749265376,0.00675400,1496.90000000,0.006698
1749265376,0.00675500,2617.60000000,0.006698
1749265376,0.00675600,42845.90000000,0.006698
1749265376,0.00675700,149293.60000000,0.006698
1749265376,0.00675800,3180778.70000000,0.006698
1749265376,0.00675900,1495.60000000,0.006698
1749265376,0.00676000,1495.40000000,0.006698
1749265376,0.00676100,2614.60000000,0.006698
1749265376,0.00676200,1495.20000000,0.006698
1749265376,0.00676300,1494.70000000,0.006698
1749265376,0.00676400,2613.40000000,0.006698
1749265376,0.00676500,1494.50000000,0.006698
1749265376,0.00676600,1494.50000000,0.006698
1749265376,0.00676700,2613.20000000,0.006698
1749265376,0.00676800,149291.40000000,0.006698
1749265376,0.00676900,297089.00000000,0.006698
1749265376,0.00677000,150215.60000000,0.006698
1749265376,0.00677100,1493.10000000,0.006698
1749265376,0.00677200,5492.50000000,0.006698
1749265376,0.00677300,1492.70000000,0.006698
1749265376,0.00677500,1058.70000000,0.006698
1749265376,0.00677900,147797.80000000,0.006698
1749265376,0.00678000,295595.60000000,0.006698
1749265376,0.00679000,147797.80000000,0.006698
1749265376,0.00679100,301398.30000000,0.006698
1749265376,0.00679300,5980.50000000,0.006698
1749265376,0.00679500,10109.30000000,0.006698
1749265376,0.00680000,183345.40000000,0.006698
1749265376,0.00680200,303595.60000000,0.006698
1749265376,0.00680600,340445.20000000,0.006698
1749265376,0.00681000,230090.00000000,0.006698
1749265376,0.00681100,147797.80000000,0.006698
1749265376,0.00681300,295595.60000000,0.006698
1749265376,0.00681800,3759.40000000,0.006698
1749265376,0.00682300,10708.30000000,0.006698
1749265376,0.00682600,6297111.00000000,0.006698
1749265376,0.00682700,5744.50000000,0.006698
1749265376,0.00682800,7071.30000000,0.006698
1749265376,0.00683100,887.50000000,0.006698
1749265376,0.00684800,6167.40000000,0.006698
1749265376,0.00684900,17028.90000000,0.006698
1749265376,0.00685000,945565.60000000,0.006698
1749265376,0.00685300,867.90000000,0.006698
1749265376,0.00686500,61533.20000000,0.006698
1749265678,0.00671200,47507.60000000,0.00671
1749265678,0.00671300,34000.50000000,0.00671
1749265678,0.00671400,68343.00000000,0.00671
1749265678,0.00671500,141702.20000000,0.00671
1749265678,0.00671600,125430.30000000,0.00671
1749265678,0.00671700,117856.90000000,0.00671
1749265678,0.00671800,141794.90000000,0.00671
1749265678,0.00671900,163394.70000000,0.00671
1749265678,0.00672000,26976.00000000,0.00671
1749265678,0.00672100,154351.50000000,0.00671
1749265678,0.00672200,178366.70000000,0.00671
1749265678,0.00672300,392787.20000000,0.00671
1749265678,0.00672400,445917.00000000,0.00671
1749265678,0.00672500,121621.10000000,0.00671
1749265678,0.00672600,127604.70000000,0.00671
1749265678,0.00672700,94629.00000000,0.00671
1749265678,0.00672800,83339.90000000,0.00671
1749265678,0.00672900,149300.10000000,0.00671
1749265678,0.00673000,315861.00000000,0.00671
1749265678,0.00673100,82399.60000000,0.00671
1749265678,0.00673200,227060.10000000,0.00671
1749265678,0.00673300,83938.70000000,0.00671
1749265678,0.00673400,94984.60000000,0.00671
1749265678,0.00673500,224318.20000000,0.00671
1749265678,0.00673600,297096.40000000,0.00671
1749265678,0.00673700,2624.40000000,0.00671
1749265678,0.00673800,1500.30000000,0.00671
1749265678,0.00673900,81344.80000000,0.00671
1749265678,0.00674000,82360.60000000,0.00671
1749265678,0.00674100,1499.60000000,0.00671
1749265678,0.00674200,15722.90000000,0.00671
1749265678,0.00674300,583538.60000000,0.00671
1749265678,0.00674400,1499.20000000,0.00671
1749265678,0.00674500,311327.10000000,0.00671
1749265678,0.00674600,230216.00000000,0.00671
1749265678,0.00674700,391777.30000000,0.00671
1749265678,0.00674800,1497.80000000,0.00671
1749265678,0.00674900,2619.30000000,0.00671
1749265678,0.00675000,75520.40000000,0.00671
1749265678,0.00675100,1497.40000000,0.00671
1749265678,0.00675200,2618.60000000,0.00671
1749265678,0.00675300,1496.90000000,0.00671
1749265678,0.00675400,1496.90000000,0.00671
1749265678,0.00675500,2617.60000000,0.00671
1749265678,0.00675600,81163.30000000,0.00671
1749265678,0.00675700,243972.60000000,0.00671
1749265678,0.00675800,298211.10000000,0.00671
1749265678,0.00675900,1495.60000000,0.00671
1749265678,0.00676000,1495.40000000,0.00671
1749265678,0.00676100,2614.60000000,0.00671
1749265678,0.00676200,1495.20000000,0.00671
1749265678,0.00676300,1494.70000000,0.00671
1749265678,0.00676400,2613.40000000,0.00671
1749265678,0.00676500,189115.90000000,0.00671
1749265678,0.00676600,1494.50000000,0.00671
1749265678,0.00676700,2613.20000000,0.00671
1749265678,0.00676800,149291.40000000,0.00671
1749265678,0.00676900,309568.90000000,0.00671
1749265678,0.00677000,2611.50000000,0.00671
1749265678,0.00677100,1493.10000000,0.00671
1749265678,0.00677200,5492.30000000,0.00671
1749265678,0.00677300,2811085.40000000,0.00671
1749265678,0.00677400,1492.50000000,0.00671
1749265678,0.00677500,2551.20000000,0.00671
1749265678,0.00677600,2609.60000000,0.00671
1749265678,0.00677700,1491.60000000,0.00671
1749265678,0.00677800,1491.40000000,0.00671
1749265678,0.00677900,150405.40000000,0.00671
1749265678,0.00678000,297086.50000000,0.00671
1749265678,0.00678100,1490.70000000,0.00671
1749265678,0.00678200,2606.60000000,0.00671
1749265678,0.00678300,1490.20000000,0.00671
1749265678,0.00678400,1490.00000000,0.00671
1749265678,0.00678500,149889.50000000,0.00671
1749265678,0.00678600,1489.60000000,0.00671
1749265678,0.00678700,42838.60000000,0.00671
1749265678,0.00679000,147797.80000000,0.00671
1749265678,0.00679100,295595.60000000,0.00671
1749265678,0.00680000,183345.40000000,0.00671
1749265678,0.00680200,303595.60000000,0.00671
1749265678,0.00681000,230090.00000000,0.00671
1749265678,0.00681100,147797.80000000,0.00671
1749265678,0.00681200,5802.70000000,0.00671
1749265678,0.00681300,295595.60000000,0.00671
1749265678,0.00681500,5980.50000000,0.00671
1749265678,0.00681800,3759.40000000,0.00671
1749265678,0.00682200,147797.80000000,0.00671
1749265678,0.00682300,5117.40000000,0.00671
1749265678,0.00682400,295595.60000000,0.00671
1749265678,0.00682700,5744.50000000,0.00671
1749265678,0.00682800,7071.30000000,0.00671
1749265678,0.00682900,339169.60000000,0.00671
1749265678,0.00683100,887.50000000,0.00671
1749265678,0.00683300,147797.80000000,0.00671
1749265678,0.00683500,305742.40000000,0.00671
1749265678,0.00684000,6404603.20000000,0.00671
1749265678,0.00684300,5590.90000000,0.00671
1749265678,0.00684800,6167.40000000,0.00671
1749265678,0.00684900,16991.30000000,0.00671
1749265678,0.00685000,945565.60000000,0.00671
1749265979,0.00672700,38552.00000000,0.006727
1749265979,0.00672800,121159.20000000,0.006727
1749265979,0.00672900,220291.20000000,0.006727
1749265979,0.00673000,24889.00000000,0.006727
1749265979,0.00673100,36332.10000000,0.006727
1749265979,0.00673200,138204.30000000,0.006727
1749265979,0.00673300,204441.20000000,0.006727
1749265979,0.00673400,182001.40000000,0.006727
1749265979,0.00673500,449856.60000000,0.006727
1749265979,0.00673600,298211.70000000,0.006727
1749265979,0.00673700,121356.10000000,0.006727
1749265979,0.00673800,127615.30000000,0.006727
1749265979,0.00673900,82459.60000000,0.006727
1749265979,0.00674000,83475.30000000,0.006727
1749265979,0.00674100,1499.60000000,0.006727
1749265979,0.00674200,20115.20000000,0.006727
1749265979,0.00674300,82222.80000000,0.006727
1749265979,0.00674400,81308.20000000,0.006727
1749265979,0.00674500,231589.50000000,0.006727
1749265979,0.00674600,230227.90000000,0.006727
1749265979,0.00674700,334119.60000000,0.006727
1749265979,0.00674800,146779.30000000,0.006727
1749265979,0.00674900,140804.70000000,0.006727
1749265979,0.00675000,81235.20000000,0.006727
1749265979,0.00675100,1497.40000000,0.006727
1749265979,0.00675200,82166.50000000,0.006727
1749265979,0.00675300,75913.20000000,0.006727
1749265979,0.00675400,1496.90000000,0.006727
1749265979,0.00675500,82295.90000000,0.006727
1749265979,0.00675600,1496.90000000,0.006727
1749265979,0.00675700,308770.40000000,0.006727
1749265979,0.00675800,377841.90000000,0.006727
1749265979,0.00675900,1495.60000000,0.006727
1749265979,0.00676000,15718.90000000,0.006727
1749265979,0.00676100,2614.60000000,0.006727
1749265979,0.00676200,1495.20000000,0.006727
1749265979,0.00676300,1494.70000000,0.006727
1749265979,0.00676400,2613.40000000,0.006727
1749265979,0.00676500,81066.10000000,0.006727
1749265979,0.00676600,420991.10000000,0.006727
1749265979,0.00676700,155992.90000000,0.006727
1749265979,0.00676800,228839.30000000,0.006727
1749265979,0.00676900,309568.90000000,0.006727
1749265979,0.00677000,97290.50000000,0.006727
1749265979,0.00677100,1493.10000000,0.006727
1749265979,0.00677200,5492.30000000,0.006727
1749265979,0.00677300,2609.90000000,0.006727
1749265979,0.00677400,96175.50000000,0.006727
1749265979,0.00677500,2551.20000000,0.006727
1749265979,0.00677600,2609.60000000,0.006727
1749265979,0.00677700,188458.00000000,0.006727
1749265979,0.00677800,1491.40000000,0.006727
1749265979,0.00677900,150405.40000000,0.006727
1749265979,0.00678000,297086.50000000,0.006727
1749265979,0.00678100,1490.70000000,0.006727
1749265979,0.00678200,2606.80000000,0.006727
1749265979,0.00678300,1490.70000000,0.006727
1749265979,0.00678400,1490.70000000,0.006727
1749265979,0.00678500,2605.80000000,0.006727
1749265979,0.00678600,1489.60000000,0.006727
1749265979,0.00678700,42838.60000000,0.006727
1749265979,0.00678800,2894007.50000000,0.006727
1749265979,0.00678900,1489.60000000,0.006727
1749265979,0.00679000,149286.30000000,0.006727
1749265979,0.00679100,297084.10000000,0.006727
1749265979,0.00679200,1488.20000000,0.006727
1749265979,0.00679300,1488.00000000,0.006727
1749265979,0.00679400,1488.00000000,0.006727
1749265979,0.00679500,1487.60000000,0.006727
1749265979,0.00679600,1487.40000000,0.006727
1749265979,0.00679700,1487.40000000,0.006727
1749265979,0.00679800,1486.50000000,0.006727
1749265979,0.00679900,1486.70000000,0.006727
1749265979,0.00680000,331784.00000000,0.006727
1749265979,0.00680100,1486.50000000,0.006727
1749265979,0.00680200,305081.60000000,0.006727
1749265979,0.00681000,230090.00000000,0.006727
1749265979,0.00681100,147797.80000000,0.006727
1749265979,0.00681200,5802.70000000,0.006727
1749265979,0.00681300,295595.60000000,0.006727
1749265979,0.00681500,5980.50000000,0.006727
1749265979,0.00681800,3759.40000000,0.006727
1749265979,0.00682200,147797.80000000,0.006727
1749265979,0.00682300,5117.40000000,0.006727
1749265979,0.00682400,295595.60000000,0.006727
1749265979,0.00682800,7071.30000000,0.006727
1749265979,0.00682900,339169.60000000,0.006727
1749265979,0.00683100,887.50000000,0.006727
1749265979,0.00683300,147797.80000000,0.006727
1749265979,0.00683500,295595.60000000,0.006727
1749265979,0.00683900,10146.80000000,0.006727
1749265979,0.00684300,5590.90000000,0.006727
1749265979,0.00684400,147797.80000000,0.006727
1749265979,0.00684500,5744.50000000,0.006727
1749265979,0.00684600,295595.60000000,0.006727
1749265979,0.00684800,6167.40000000,0.006727
1749265979,0.00684900,16991.30000000,0.006727
1749265979,0.00685000,945565.60000000,0.006727
1749265979,0.00685300,867.90000000,0.006727
1749265979,0.00685600,6439893.50000000,0.006727
1749266285,0.00672500,27004.00000000,0.006725
1749266285,0.00672600,41024.30000000,0.006725
1749266285,0.00672700,24882.20000000,0.006725
1749266285,0.00672800,171067.90000000,0.006725
1749266285,0.00672900,49466.90000000,0.006725
1749266285,0.00673000,94092.80000000,0.006725
1749266285,0.00673100,64378.30000000,0.006725
1749266285,0.00673200,234692.10000000,0.006725
1749266285,0.00673300,365748.00000000,0.006725
1749266285,0.00673400,224014.50000000,0.006725
1749266285,0.00673500,595235.10000000,0.006725
1749266285,0.00673600,2616.10000000,0.006725
1749266285,0.00673700,145340.80000000,0.006725
1749266285,0.00673800,252204.30000000,0.006725
1749266285,0.00673900,150412.70000000,0.006725
1749266285,0.00674000,176651.20000000,0.006725
1749266285,0.00674100,329278.40000000,0.006725
1749266285,0.00674200,2614.40000000,0.006725
1749266285,0.00674300,124618.20000000,0.006725
1749266285,0.00674400,81308.20000000,0.006725
1749266285,0.00674500,281849.50000000,0.006725
1749266285,0.00674600,230227.90000000,0.006725
1749266285,0.00674700,297094.30000000,0.006725
1749266285,0.00674800,93434.50000000,0.006725
1749266285,0.00674900,2619.30000000,0.006725
1749266285,0.00675000,81235.20000000,0.006725
1749266285,0.00675100,1497.40000000,0.006725
1749266285,0.00675200,82166.50000000,0.006725
1749266285,0.00675300,75676.00000000,0.006725
1749266285,0.00675400,1496.90000000,0.006725
1749266285,0.00675500,162141.90000000,0.006725
1749266285,0.00675600,1496.90000000,0.006725
1749266285,0.00675700,228924.40000000,0.006725
1749266285,0.00675800,377841.90000000,0.006725
1749266285,0.00675900,1495.60000000,0.006725
1749266285,0.00676000,15718.90000000,0.006725
1749266285,0.00676100,156041.80000000,0.006725
1749266285,0.00676200,1495.20000000,0.006725
1749266285,0.00676300,1494.70000000,0.006725
1749266285,0.00676400,2613.40000000,0.006725
1749266285,0.00676500,81077.90000000,0.006725
1749266285,0.00676600,139679.90000000,0.006725
1749266285,0.00676700,2613.20000000,0.006725
1749266285,0.00676800,149291.40000000,0.006725
1749266285,0.00676900,728812.90000000,0.006725
1749266285,0.00677000,2611.50000000,0.006725
1749266285,0.00677100,1493.10000000,0.006725
1749266285,0.00677200,5492.30000000,0.006725
1749266285,0.00677300,2609.90000000,0.006725
1749266285,0.00677400,96175.50000000,0.006725
1749266285,0.00677500,2551.20000000,0.006725
1749266285,0.00677600,2609.60000000,0.006725
1749266285,0.00677700,1491.60000000,0.006725
1749266285,0.00677800,96170.40000000,0.006725
1749266285,0.00677900,150405.40000000,0.006725
1749266285,0.00678000,297086.50000000,0.006725
1749266285,0.00678100,1490.70000000,0.006725
1749266285,0.00678200,2606.80000000,0.006725
1749266285,0.00678300,1490.70000000,0.006725
1749266285,0.00678400,1490.70000000,0.006725
1749266285,0.00678500,2838244.60000000,0.006725
1749266285,0.00678600,1489.60000000,0.006725
1749266285,0.00678700,42838.60000000,0.006725
1749266285,0.00678800,2604.60000000,0.006725
1749266285,0.00678900,185819.40000000,0.006725
1749266285,0.00679000,149286.30000000,0.006725
1749266285,0.00679100,298199.40000000,0.006725
1749266285,0.00679200,1488.20000000,0.006725
1749266285,0.00679300,1488.00000000,0.006725
1749266285,0.00679400,2601.90000000,0.006725
1749266285,0.00679500,1487.60000000,0.006725
1749266285,0.00679600,1487.40000000,0.006725
1749266285,0.00679700,1487.40000000,0.006725
1749266285,0.00679800,1486.50000000,0.006725
1749266285,0.00679900,1486.70000000,0.006725
1749266285,0.00680000,331784.00000000,0.006725
1749266285,0.00680200,303595.60000000,0.006725
1749266285,0.00681000,230090.00000000,0.006725
1749266285,0.00681100,147797.80000000,0.006725
1749266285,0.00681300,295595.60000000,0.006725
1749266285,0.00681800,3759.40000000,0.006725
1749266285,0.00682200,147797.80000000,0.006725
1749266285,0.00682300,5117.40000000,0.006725
1749266285,0.00682400,295595.60000000,0.006725
1749266285,0.00682800,7071.30000000,0.006725
1749266285,0.00682900,339169.60000000,0.006725
1749266285,0.00683000,5802.70000000,0.006725
1749266285,0.00683100,887.50000000,0.006725
1749266285,0.00683300,153778.30000000,0.006725
1749266285,0.00683500,295595.60000000,0.006725
1749266285,0.00683900,10146.80000000,0.006725
1749266285,0.00684300,5590.90000000,0.006725
1749266285,0.00684400,147797.80000000,0.006725
1749266285,0.00684500,5744.50000000,0.006725
1749266285,0.00684600,295595.60000000,0.006725
1749266285,0.00684800,6167.40000000,0.006725
1749266285,0.00684900,16991.30000000,0.006725
1749266285,0.00685000,945565.60000000,0.006725
1749266285,0.00685100,6474224.90000000,0.006725
1749266285,0.00685300,867.90000000,0.006725
1749266587,0.00673100,17938.30000000,0.00673
1749266587,0.00673200,6835.40000000,0.00673
1749266587,0.00673300,22088.20000000,0.00673
1749266587,0.00673400,45491.80000000,0.00673
1749266587,0.00673500,315592.30000000,0.00673
1749266587,0.00673600,500599.80000000,0.00673
1749266587,0.00673700,171059.20000000,0.00673
1749266587,0.00673800,269004.50000000,0.00673
1749266587,0.00673900,150412.70000000,0.00673
1749266587,0.00674000,176329.20000000,0.00673
1749266587,0.00674100,347688.30000000,0.00673
1749266587,0.00674200,72381.20000000,0.00673
1749266587,0.00674300,147802.40000000,0.00673
1749266587,0.00674400,242625.70000000,0.00673
1749266587,0.00674500,425657.90000000,0.00673
1749266587,0.00674600,230227.90000000,0.00673
1749266587,0.00674700,297094.30000000,0.00673
1749266587,0.00674800,128990.40000000,0.00673
1749266587,0.00674900,140804.70000000,0.00673
1749266587,0.00675000,38511.50000000,0.00673
1749266587,0.00675100,1497.40000000,0.00673
1749266587,0.00675200,2618.60000000,0.00673
1749266587,0.00675300,1496.90000000,0.00673
1749266587,0.00675400,51756.90000000,0.00673
1749266587,0.00675500,94744.00000000,0.00673
1749266587,0.00675600,76772.30000000,0.00673
1749266587,0.00675700,229835.70000000,0.00673
1749266587,0.00675800,298211.10000000,0.00673
1749266587,0.00675900,81008.10000000,0.00673
1749266587,0.00676000,118527.10000000,0.00673
1749266587,0.00676100,16838.10000000,0.00673
1749266587,0.00676200,1495.20000000,0.00673
1749266587,0.00676300,81078.10000000,0.00673
1749266587,0.00676400,76478.50000000,0.00673
1749266587,0.00676500,1494.50000000,0.00673
1749266587,0.00676600,1494.50000000,0.00673
1749266587,0.00676700,82137.50000000,0.00673
1749266587,0.00676800,303208.60000000,0.00673
1749266587,0.00676900,728712.90000000,0.00673
1749266587,0.00677000,2611.50000000,0.00673
1749266587,0.00677100,1493.10000000,0.00673
1749266587,0.00677200,5492.30000000,0.00673
1749266587,0.00677300,2609.90000000,0.00673
1749266587,0.00677400,96175.50000000,0.00673
1749266587,0.00677500,2551.20000000,0.00673
1749266587,0.00677600,2609.60000000,0.00673
1749266587,0.00677700,1491.60000000,0.00673
1749266587,0.00677800,70770.00000000,0.00673
1749266587,0.00677900,333757.20000000,0.00673
1749266587,0.00678000,297086.50000000,0.00673
1749266587,0.00678100,1490.70000000,0.00673
1749266587,0.00678200,2606.80000000,0.00673
1749266587,0.00678300,1490.70000000,0.00673
1749266587,0.00678400,1490.00000000,0.00673
1749266587,0.00678500,2606.00000000,0.00673
1749266587,0.00678600,1489.60000000,0.00673
1749266587,0.00678700,42838.40000000,0.00673
1749266587,0.00678800,2604.40000000,0.00673
1749266587,0.00678900,1489.40000000,0.00673
1749266587,0.00679000,3030708.40000000,0.00673
1749266587,0.00679100,298200.30000000,0.00673
1749266587,0.00679200,1489.40000000,0.00673
1749266587,0.00679300,1489.40000000,0.00673
1749266587,0.00679400,2603.30000000,0.00673
1749266587,0.00679500,1489.40000000,0.00673
1749266587,0.00679600,1489.40000000,0.00673
1749266587,0.00679700,1489.40000000,0.00673
1749266587,0.00679800,1486.90000000,0.00673
1749266587,0.00679900,1486.70000000,0.00673
1749266587,0.00680000,184832.10000000,0.00673
1749266587,0.00680100,148423.90000000,0.00673
1749266587,0.00680200,305081.90000000,0.00673
1749266587,0.00680300,1485.80000000,0.00673
1749266587,0.00680400,1485.60000000,0.00673
1749266587,0.00680500,1485.40000000,0.00673
1749266587,0.00680600,1485.20000000,0.00673
1749266587,0.00681000,230090.00000000,0.00673
1749266587,0.00681100,147797.80000000,0.00673
1749266587,0.00681300,301576.10000000,0.00673
1749266587,0.00681800,3759.40000000,0.00673
1749266587,0.00682200,147797.80000000,0.00673
1749266587,0.00682300,5117.40000000,0.00673
1749266587,0.00682400,295595.60000000,0.00673
1749266587,0.00682800,12874.00000000,0.00673
1749266587,0.00682900,339169.60000000,0.00673
1749266587,0.00683100,887.50000000,0.00673
1749266587,0.00683300,147797.80000000,0.00673
1749266587,0.00683500,295595.60000000,0.00673
1749266587,0.00683900,10146.80000000,0.00673
1749266587,0.00684300,5590.90000000,0.00673
1749266587,0.00684400,147797.80000000,0.00673
1749266587,0.00684500,5744.50000000,0.00673
1749266587,0.00684600,295595.60000000,0.00673
1749266587,0.00684800,6167.40000000,0.00673
1749266587,0.00684900,16991.30000000,0.00673
1749266587,0.00685000,945565.60000000,0.00673
1749266587,0.00685300,867.90000000,0.00673
1749266587,0.00685800,6437920.10000000,0.00673
1749266587,0.00686800,116482.20000000,0.00673
1749266587,0.00688300,61533.20000000,0.00673
1749266889,0.00673300,83057.60000000,0.006733
1749266889,0.00673400,54973.70000000,0.006733
1749266889,0.00673500,38148.10000000,0.006733
1749266889,0.00673600,50104.70000000,0.006733
1749266889,0.00673700,49735.10000000,0.006733
1749266889,0.00673800,124002.50000000,0.006733
1749266889,0.00673900,378666.00000000,0.006733
1749266889,0.00674000,390645.40000000,0.006733
1749266889,0.00674100,62478.90000000,0.006733
1749266889,0.00674200,135003.20000000,0.006733
1749266889,0.00674300,294401.50000000,0.006733
1749266889,0.00674400,297206.40000000,0.006733
1749266889,0.00674500,271344.90000000,0.006733
1749266889,0.00674600,511744.10000000,0.006733
1749266889,0.00674700,73421.90000000,0.006733
1749266889,0.00674800,203139.20000000,0.006733
1749266889,0.00674900,57582.10000000,0.006733
1749266889,0.00675000,80974.60000000,0.006733
1749266889,0.00675100,274295.20000000,0.006733
1749266889,0.00675200,298214.20000000,0.006733
1749266889,0.00675300,117957.20000000,0.006733
1749266889,0.00675400,51756.90000000,0.006733
1749266889,0.00675500,324835.00000000,0.006733
1749266889,0.00675600,76319.10000000,0.006733
1749266889,0.00675700,228888.90000000,0.006733
1749266889,0.00675800,298211.10000000,0.006733
1749266889,0.00675900,81008.10000000,0.006733
1749266889,0.00676000,1495.40000000,0.006733
1749266889,0.00676100,82020.90000000,0.006733
1749266889,0.00676200,1495.20000000,0.006733
1749266889,0.00676300,81078.10000000,0.006733
1749266889,0.00676400,81972.50000000,0.006733
1749266889,0.00676500,139679.90000000,0.006733
1749266889,0.00676600,81340.50000000,0.006733
1749266889,0.00676700,155974.20000000,0.006733
1749266889,0.00676800,228756.60000000,0.006733
1749266889,0.00676900,297089.00000000,0.006733
1749266889,0.00677000,82076.70000000,0.006733
1749266889,0.00677100,1493.10000000,0.006733
1749266889,0.00677200,5492.30000000,0.006733
1749266889,0.00677300,421339.80000000,0.006733
1749266889,0.00677400,96175.50000000,0.006733
1749266889,0.00677500,2551.20000000,0.006733
1749266889,0.00677600,2609.60000000,0.006733
1749266889,0.00677700,91292.40000000,0.006733
1749266889,0.00677800,1491.40000000,0.006733
1749266889,0.00677900,164628.90000000,0.006733
1749266889,0.00678000,297086.50000000,0.006733
1749266889,0.00678100,1490.70000000,0.006733
1749266889,0.00678200,2606.80000000,0.006733
1749266889,0.00678300,1490.70000000,0.006733
1749266889,0.00678400,1490.00000000,0.006733
1749266889,0.00678500,2606.00000000,0.006733
1749266889,0.00678600,1489.60000000,0.006733
1749266889,0.00678700,42838.40000000,0.006733
1749266889,0.00678800,2604.40000000,0.006733
1749266889,0.00678900,1489.40000000,0.006733
1749266889,0.00679000,149287.20000000,0.006733
1749266889,0.00679100,484581.90000000,0.006733
1749266889,0.00679200,1489.40000000,0.006733
1749266889,0.00679300,2934109.20000000,0.006733
1749266889,0.00679400,2603.30000000,0.006733
1749266889,0.00679500,1489.40000000,0.006733
1749266889,0.00679600,1489.40000000,0.006733
1749266889,0.00679700,15082.90000000,0.006733
1749266889,0.00679800,1486.90000000,0.006733
1749266889,0.00679900,1486.70000000,0.006733
1749266889,0.00680000,185944.80000000,0.006733
1749266889,0.00680100,1486.30000000,0.006733
1749266889,0.00680200,305081.90000000,0.006733
1749266889,0.00680300,2598.80000000,0.006733
1749266889,0.00680400,1485.60000000,0.006733
1749266889,0.00680500,1485.40000000,0.006733
1749266889,0.00680600,1485.40000000,0.006733
1749266889,0.00680700,1484.50000000,0.006733
1749266889,0.00680800,1484.50000000,0.006733
1749266889,0.00681000,230090.00000000,0.006733
1749266889,0.00681100,147797.80000000,0.006733
1749266889,0.00681300,295595.60000000,0.006733
1749266889,0.00681600,146608.30000000,0.006733
1749266889,0.00681800,3759.40000000,0.006733
1749266889,0.00682200,147797.80000000,0.006733
1749266889,0.00682300,5117.40000000,0.006733
1749266889,0.00682400,295595.60000000,0.006733
1749266889,0.00682800,12874.00000000,0.006733
1749266889,0.00683100,887.50000000,0.006733
1749266889,0.00683200,5980.50000000,0.006733
1749266889,0.00683300,147797.80000000,0.006733
1749266889,0.00683500,295595.60000000,0.006733
1749266889,0.00683900,10146.80000000,0.006733
1749266889,0.00684400,147797.80000000,0.006733
1749266889,0.00684600,295595.60000000,0.006733
1749266889,0.00684800,6167.40000000,0.006733
1749266889,0.00684900,16991.30000000,0.006733
1749266889,0.00685000,945565.60000000,0.006733
1749266889,0.00685300,342864.20000000,0.006733
1749266889,0.00685500,147797.80000000,0.006733
1749266889,0.00685700,295595.60000000,0.006733
1749266889,0.00686100,5590.90000000,0.006733
1749266889,0.00686300,6336738.80000000,0.006733
1749267190,0.00672200,116260.70000000,0.006722
1749267190,0.00672300,85660.20000000,0.006722
1749267190,0.00672400,71034.30000000,0.006722
1749267190,0.00672500,77729.70000000,0.006722
1749267190,0.00672600,255474.50000000,0.006722
1749267190,0.00672700,401581.00000000,0.006722
1749267190,0.00672800,186779.90000000,0.006722
1749267190,0.00672900,289045.70000000,0.006722
1749267190,0.00673000,355145.00000000,0.006722
1749267190,0.00673100,88427.20000000,0.006722
1749267190,0.00673200,335410.20000000,0.006722
1749267190,0.00673300,273383.30000000,0.006722
1749267190,0.00673400,489060.70000000,0.006722
1749267190,0.00673500,405530.90000000,0.006722
1749267190,0.00673600,435136.40000000,0.006722
1749267190,0.00673700,396998.80000000,0.006722
1749267190,0.00673800,154138.50000000,0.006722
1749267190,0.00673900,354777.30000000,0.006722
1749267190,0.00674000,407303.40000000,0.006722
1749267190,0.00674100,13858.40000000,0.006722
1749267190,0.00674200,51742.50000000,0.006722
1749267190,0.00674300,119045.20000000,0.006722
1749267190,0.00674400,80881.90000000,0.006722
1749267190,0.00674500,223607.10000000,0.006722
1749267190,0.00674600,377587.60000000,0.006722
1749267190,0.00674700,1498.70000000,0.006722
1749267190,0.00674800,292302.00000000,0.006722
1749267190,0.00674900,2619.30000000,0.006722
1749267190,0.00675000,155357.90000000,0.006722
1749267190,0.00675100,229141.20000000,0.006722
