timestamp,price,volume,current_price
1749260763,1.58900000,5365.30000000,1.588
1749260763,1.59000000,16565.70000000,1.588
1749260763,1.59100000,19372.00000000,1.588
1749260763,1.59200000,16836.70000000,1.588
1749260763,1.59300000,16756.60000000,1.588
1749260763,1.59400000,9859.60000000,1.588
1749260763,1.59500000,11941.70000000,1.588
1749260763,1.59600000,4244.20000000,1.588
1749260763,1.59700000,13247.40000000,1.588
1749260763,1.59800000,3790.90000000,1.588
1749260763,1.59900000,4643.60000000,1.588
1749260763,1.60000000,3140.20000000,1.588
1749260763,1.60100000,2286.00000000,1.588
1749260763,1.60200000,3762.00000000,1.588
1749260763,1.60300000,517.40000000,1.588
1749260763,1.60400000,3189.20000000,1.588
1749260763,1.60500000,1160.10000000,1.588
1749260763,1.60600000,3155.70000000,1.588
1749260763,1.60700000,3189.20000000,1.588
1749260763,1.60800000,3757.20000000,1.588
1749260763,1.60900000,856.50000000,1.588
1749260763,1.61000000,1309.60000000,1.588
1749260763,1.61100000,1136.40000000,1.588
1749260763,1.61200000,54.20000000,1.588
1749260763,1.61300000,509.40000000,1.588
1749260763,1.61400000,1403.90000000,1.588
1749260763,1.61500000,554.10000000,1.588
1749260763,1.61600000,535.50000000,1.588
1749260763,1.61700000,1279.90000000,1.588
1749260763,1.61800000,501.40000000,1.588
1749260763,1.61900000,573.30000000,1.588
1749260763,1.62000000,3718.80000000,1.588
1749260763,1.62100000,13.30000000,1.588
1749260763,1.62200000,12.80000000,1.588
1749260763,1.62300000,514.00000000,1.588
1749260763,1.62400000,505.40000000,1.588
1749260763,1.62500000,504.80000000,1.588
1749260763,1.62600000,803.90000000,1.588
1749260763,1.62700000,13.40000000,1.588
1749260763,1.62800000,2481.70000000,1.588
1749260763,1.62900000,17626.70000000,1.588
1749260763,1.63000000,14095.10000000,1.588
1749260763,1.63100000,773.10000000,1.588
1749260763,1.63200000,50.10000000,1.588
1749260763,1.63300000,14.90000000,1.588
1749260763,1.63400000,1009.70000000,1.588
1749260763,1.63500000,97.60000000,1.588
1749260763,1.63600000,276.90000000,1.588
1749260763,1.63700000,6.40000000,1.588
1749260763,1.63800000,6.40000000,1.588
1749260763,1.63900000,37.40000000,1.588
1749260763,1.64000000,12.80000000,1.588
1749260763,1.64100000,11.90000000,1.588
1749260763,1.64200000,130.40000000,1.588
1749260763,1.64300000,44540.30000000,1.588
1749260763,1.64400000,88.10000000,1.588
1749260763,1.64500000,26.50000000,1.588
1749260763,1.64600000,17.60000000,1.588
1749260763,1.64700000,39.10000000,1.588
1749260763,1.64800000,17.10000000,1.588
1749260763,1.64900000,18.70000000,1.588
1749260763,1.65000000,709.00000000,1.588
1749260763,1.65100000,6.40000000,1.588
1749260763,1.65200000,56.50000000,1.588
1749260763,1.65300000,9493.70000000,1.588
1749260763,1.65400000,15433.60000000,1.588
1749260763,1.65500000,113.00000000,1.588
1749260763,1.65600000,95.70000000,1.588
1749260763,1.65700000,24.70000000,1.588
1749260763,1.65800000,10.10000000,1.588
1749260763,1.65900000,15.60000000,1.588
1749260763,1.66000000,117.70000000,1.588
1749260763,1.66100000,6.40000000,1.588
1749260763,1.66200000,23.30000000,1.588
1749260763,1.66300000,64.90000000,1.588
1749260763,1.66400000,10.30000000,1.588
1749260763,1.66500000,703.10000000,1.588
1749260763,1.66600000,112.70000000,1.588
1749260763,1.66800000,16.60000000,1.588
1749260763,1.66900000,80.20000000,1.588
1749260763,1.67000000,1510.70000000,1.588
1749260763,1.67100000,42.60000000,1.588
1749260763,1.67200000,22.30000000,1.588
1749260763,1.67300000,3.70000000,1.588
1749260763,1.67400000,7.20000000,1.588
1749260763,1.67500000,120.70000000,1.588
1749260763,1.67600000,101.60000000,1.588
1749260763,1.67800000,6.00000000,1.588
1749260763,1.67900000,8.00000000,1.588
1749260763,1.68000000,4851.50000000,1.588
1749260763,1.68200000,1650.80000000,1.588
1749260763,1.68300000,4588.90000000,1.588
1749260763,1.68400000,460.50000000,1.588
1749260763,1.68500000,12584.50000000,1.588
1749260763,1.68600000,14506.10000000,1.588
1749260763,1.68800000,447.90000000,1.588
1749260763,1.68900000,26.40000000,1.588
1749260763,1.69000000,449.10000000,1.588
1749260763,1.69100000,178.50000000,1.588
1749260763,1.69200000,36.60000000,1.588
1749261084,1.59000000,3032.70000000,1.59
1749261084,1.59100000,11706.50000000,1.59
1749261084,1.59200000,24161.30000000,1.59
1749261084,1.59300000,22831.30000000,1.59
1749261084,1.59400000,6501.00000000,1.59
1749261084,1.59500000,13844.00000000,1.59
1749261084,1.59600000,6321.20000000,1.59
1749261084,1.59700000,13963.00000000,1.59
1749261084,1.59800000,3519.10000000,1.59
1749261084,1.59900000,3927.30000000,1.59
1749261084,1.60000000,7466.60000000,1.59
1749261084,1.60100000,1420.10000000,1.59
1749261084,1.60200000,3812.90000000,1.59
1749261084,1.60300000,517.40000000,1.59
1749261084,1.60400000,3189.20000000,1.59
1749261084,1.60500000,1516.40000000,1.59
1749261084,1.60600000,3729.50000000,1.59
1749261084,1.60700000,2385.00000000,1.59
1749261084,1.60800000,3757.20000000,1.59
1749261084,1.60900000,608.50000000,1.59
1749261084,1.61000000,1309.60000000,1.59
1749261084,1.61100000,1935.80000000,1.59
1749261084,1.61200000,54.20000000,1.59
1749261084,1.61300000,509.40000000,1.59
1749261084,1.61400000,1652.20000000,1.59
1749261084,1.61500000,554.10000000,1.59
1749261084,1.61600000,535.50000000,1.59
1749261084,1.61700000,1279.90000000,1.59
1749261084,1.61800000,501.40000000,1.59
1749261084,1.61900000,573.30000000,1.59
1749261084,1.62000000,3484.90000000,1.59
1749261084,1.62100000,13.30000000,1.59
1749261084,1.62200000,12.80000000,1.59
1749261084,1.62300000,514.00000000,1.59
1749261084,1.62400000,505.40000000,1.59
1749261084,1.62500000,738.70000000,1.59
1749261084,1.62600000,803.90000000,1.59
1749261084,1.62700000,13.40000000,1.59
1749261084,1.62800000,655.00000000,1.59
1749261084,1.62900000,11952.70000000,1.59
1749261084,1.63000000,20759.10000000,1.59
1749261084,1.63100000,773.10000000,1.59
1749261084,1.63200000,50.10000000,1.59
1749261084,1.63300000,1841.60000000,1.59
1749261084,1.63400000,391.30000000,1.59
1749261084,1.63500000,97.60000000,1.59
1749261084,1.63600000,276.90000000,1.59
1749261084,1.63700000,6.40000000,1.59
1749261084,1.63800000,6.40000000,1.59
1749261084,1.63900000,655.80000000,1.59
1749261084,1.64000000,12.80000000,1.59
1749261084,1.64100000,11.90000000,1.59
1749261084,1.64200000,130.40000000,1.59
1749261084,1.64300000,44540.30000000,1.59
1749261084,1.64400000,88.10000000,1.59
1749261084,1.64500000,26.50000000,1.59
1749261084,1.64600000,17.60000000,1.59
1749261084,1.64700000,39.10000000,1.59
1749261084,1.64800000,17.10000000,1.59
1749261084,1.64900000,18.70000000,1.59
1749261084,1.65000000,98.20000000,1.59
1749261084,1.65100000,6.40000000,1.59
1749261084,1.65200000,56.50000000,1.59
1749261084,1.65300000,9493.70000000,1.59
1749261084,1.65400000,15433.60000000,1.59
1749261084,1.65500000,723.80000000,1.59
1749261084,1.65600000,95.70000000,1.59
1749261084,1.65700000,24.70000000,1.59
1749261084,1.65800000,10.10000000,1.59
1749261084,1.65900000,15.60000000,1.59
1749261084,1.66000000,117.70000000,1.59
1749261084,1.66100000,6.40000000,1.59
1749261084,1.66200000,23.30000000,1.59
1749261084,1.66300000,64.90000000,1.59
1749261084,1.66400000,10.30000000,1.59
1749261084,1.66500000,98.70000000,1.59
1749261084,1.66600000,112.70000000,1.59
1749261084,1.66800000,16.60000000,1.59
1749261084,1.66900000,80.20000000,1.59
1749261084,1.67000000,2121.50000000,1.59
1749261084,1.67100000,42.60000000,1.59
1749261084,1.67200000,22.30000000,1.59
1749261084,1.67300000,3.70000000,1.59
1749261084,1.67400000,7.20000000,1.59
1749261084,1.67500000,120.70000000,1.59
1749261084,1.67600000,101.60000000,1.59
1749261084,1.67800000,6.00000000,1.59
1749261084,1.67900000,8.00000000,1.59
1749261084,1.68000000,4851.50000000,1.59
1749261084,1.68200000,1650.80000000,1.59
1749261084,1.68300000,4588.90000000,1.59
1749261084,1.68400000,460.50000000,1.59
1749261084,1.68500000,223.60000000,1.59
1749261084,1.68600000,26867.00000000,1.59
1749261084,1.68800000,447.90000000,1.59
1749261084,1.68900000,26.40000000,1.59
1749261084,1.69000000,449.10000000,1.59
1749261084,1.69100000,178.50000000,1.59
1749261084,1.69200000,36.60000000,1.59
1749261084,1.69300000,9.40000000,1.59
1749261397,1.59000000,1246.50000000,1.59
1749261397,1.59100000,9481.90000000,1.59
1749261397,1.59200000,18105.10000000,1.59
1749261397,1.59300000,23095.40000000,1.59
1749261397,1.59400000,6156.70000000,1.59
1749261397,1.59500000,20970.80000000,1.59
1749261397,1.59600000,9775.90000000,1.59
1749261397,1.59700000,13328.90000000,1.59
1749261397,1.59800000,3982.30000000,1.59
1749261397,1.59900000,3927.30000000,1.59
1749261397,1.60000000,4070.40000000,1.59
1749261397,1.60100000,1420.10000000,1.59
1749261397,1.60200000,3762.00000000,1.59
1749261397,1.60300000,517.40000000,1.59
1749261397,1.60400000,3189.20000000,1.59
1749261397,1.60500000,1516.40000000,1.59
1749261397,1.60600000,3729.50000000,1.59
1749261397,1.60700000,2385.00000000,1.59
1749261397,1.60800000,3757.20000000,1.59
1749261397,1.60900000,608.50000000,1.59
1749261397,1.61000000,1309.60000000,1.59
1749261397,1.61100000,1935.80000000,1.59
1749261397,1.61200000,54.20000000,1.59
1749261397,1.61300000,509.40000000,1.59
1749261397,1.61400000,1396.40000000,1.59
1749261397,1.61500000,810.10000000,1.59
1749261397,1.61600000,535.50000000,1.59
1749261397,1.61700000,1279.90000000,1.59
1749261397,1.61800000,501.40000000,1.59
1749261397,1.61900000,573.30000000,1.59
1749261397,1.62000000,3484.90000000,1.59
1749261397,1.62100000,13.30000000,1.59
1749261397,1.62200000,12.80000000,1.59
1749261397,1.62300000,514.00000000,1.59
1749261397,1.62400000,505.40000000,1.59
1749261397,1.62500000,738.70000000,1.59
1749261397,1.62600000,803.90000000,1.59
1749261397,1.62700000,13.40000000,1.59
1749261397,1.62800000,655.00000000,1.59
1749261397,1.62900000,11952.70000000,1.59
1749261397,1.63000000,14590.10000000,1.59
1749261397,1.63100000,773.10000000,1.59
1749261397,1.63200000,50.10000000,1.59
1749261397,1.63300000,1841.60000000,1.59
1749261397,1.63400000,391.30000000,1.59
1749261397,1.63500000,97.60000000,1.59
1749261397,1.63600000,276.90000000,1.59
1749261397,1.63700000,6.40000000,1.59
1749261397,1.63800000,6.40000000,1.59
1749261397,1.63900000,655.80000000,1.59
1749261397,1.64000000,12.80000000,1.59
1749261397,1.64100000,11.90000000,1.59
1749261397,1.64200000,6299.40000000,1.59
1749261397,1.64300000,44540.30000000,1.59
1749261397,1.64400000,88.10000000,1.59
1749261397,1.64500000,26.50000000,1.59
1749261397,1.64600000,17.60000000,1.59
1749261397,1.64700000,39.10000000,1.59
1749261397,1.64800000,17.10000000,1.59
1749261397,1.64900000,18.70000000,1.59
1749261397,1.65000000,98.20000000,1.59
1749261397,1.65100000,6.40000000,1.59
1749261397,1.65200000,56.50000000,1.59
1749261397,1.65300000,9493.70000000,1.59
1749261397,1.65400000,15433.60000000,1.59
1749261397,1.65500000,723.80000000,1.59
1749261397,1.65600000,95.70000000,1.59
1749261397,1.65700000,24.70000000,1.59
1749261397,1.65800000,10.10000000,1.59
1749261397,1.65900000,15.60000000,1.59
1749261397,1.66000000,117.70000000,1.59
1749261397,1.66100000,6.40000000,1.59
1749261397,1.66200000,23.30000000,1.59
1749261397,1.66300000,64.90000000,1.59
1749261397,1.66400000,10.30000000,1.59
1749261397,1.66500000,98.70000000,1.59
1749261397,1.66600000,112.70000000,1.59
1749261397,1.66800000,16.60000000,1.59
1749261397,1.66900000,80.20000000,1.59
1749261397,1.67000000,2121.50000000,1.59
1749261397,1.67100000,42.60000000,1.59
1749261397,1.67200000,22.30000000,1.59
1749261397,1.67300000,3.70000000,1.59
1749261397,1.67400000,7.20000000,1.59
1749261397,1.67500000,120.70000000,1.59
1749261397,1.67600000,101.60000000,1.59
1749261397,1.67800000,6.00000000,1.59
1749261397,1.67900000,8.00000000,1.59
1749261397,1.68000000,4851.50000000,1.59
1749261397,1.68200000,1650.80000000,1.59
1749261397,1.68300000,4588.90000000,1.59
1749261397,1.68400000,460.50000000,1.59
1749261397,1.68500000,223.60000000,1.59
1749261397,1.68600000,14506.10000000,1.59
1749261397,1.68800000,447.90000000,1.59
1749261397,1.68900000,26.40000000,1.59
1749261397,1.69000000,449.10000000,1.59
1749261397,1.69100000,178.50000000,1.59
1749261397,1.69200000,36.60000000,1.59
1749261397,1.69300000,9.40000000,1.59
1749261709,1.58600000,3931.60000000,1.585
1749261709,1.58700000,9702.20000000,1.585
1749261709,1.58800000,12876.70000000,1.585
1749261709,1.58900000,12635.10000000,1.585
1749261709,1.59000000,16919.40000000,1.585
1749261709,1.59100000,9689.90000000,1.585
1749261709,1.59200000,8110.10000000,1.585
1749261709,1.59300000,16393.30000000,1.585
1749261709,1.59400000,7438.80000000,1.585
1749261709,1.59500000,11592.00000000,1.585
1749261709,1.59600000,7915.10000000,1.585
1749261709,1.59700000,13328.90000000,1.585
1749261709,1.59800000,3766.40000000,1.585
1749261709,1.59900000,3927.30000000,1.585
1749261709,1.60000000,3191.10000000,1.585
1749261709,1.60100000,1357.30000000,1.585
1749261709,1.60200000,3762.00000000,1.585
1749261709,1.60300000,517.40000000,1.585
1749261709,1.60400000,3189.20000000,1.585
1749261709,1.60500000,1516.40000000,1.585
1749261709,1.60600000,3729.50000000,1.585
1749261709,1.60700000,2385.00000000,1.585
1749261709,1.60800000,3757.20000000,1.585
1749261709,1.60900000,608.50000000,1.585
1749261709,1.61000000,1309.60000000,1.585
1749261709,1.61100000,2191.80000000,1.585
1749261709,1.61200000,54.20000000,1.585
1749261709,1.61300000,509.40000000,1.585
1749261709,1.61400000,1396.40000000,1.585
1749261709,1.61500000,554.10000000,1.585
1749261709,1.61600000,535.50000000,1.585
1749261709,1.61700000,1279.90000000,1.585
1749261709,1.61800000,501.40000000,1.585
1749261709,1.61900000,573.30000000,1.585
1749261709,1.62000000,3484.90000000,1.585
1749261709,1.62100000,13.30000000,1.585
1749261709,1.62200000,12.80000000,1.585
1749261709,1.62300000,514.00000000,1.585
1749261709,1.62400000,505.40000000,1.585
1749261709,1.62500000,738.70000000,1.585
1749261709,1.62600000,803.90000000,1.585
1749261709,1.62700000,13.40000000,1.585
1749261709,1.62800000,8650.70000000,1.585
1749261709,1.62900000,11952.70000000,1.585
1749261709,1.63000000,14095.10000000,1.585
1749261709,1.63100000,773.10000000,1.585
1749261709,1.63200000,50.10000000,1.585
1749261709,1.63300000,14.90000000,1.585
1749261709,1.63400000,1009.70000000,1.585
1749261709,1.63500000,97.60000000,1.585
1749261709,1.63600000,276.90000000,1.585
1749261709,1.63700000,6.40000000,1.585
1749261709,1.63800000,6.40000000,1.585
1749261709,1.63900000,37.40000000,1.585
1749261709,1.64000000,12.80000000,1.585
1749261709,1.64100000,11.90000000,1.585
1749261709,1.64200000,9401.10000000,1.585
1749261709,1.64300000,44540.30000000,1.585
1749261709,1.64400000,88.10000000,1.585
1749261709,1.64500000,26.50000000,1.585
1749261709,1.64600000,17.60000000,1.585
1749261709,1.64700000,39.10000000,1.585
1749261709,1.64800000,17.10000000,1.585
1749261709,1.64900000,18.70000000,1.585
1749261709,1.65000000,709.00000000,1.585
1749261709,1.65100000,6.40000000,1.585
1749261709,1.65200000,56.50000000,1.585
1749261709,1.65300000,223.00000000,1.585
1749261709,1.65400000,15433.60000000,1.585
1749261709,1.65500000,113.00000000,1.585
1749261709,1.65600000,95.70000000,1.585
1749261709,1.65700000,24.70000000,1.585
1749261709,1.65800000,10.10000000,1.585
1749261709,1.65900000,15.60000000,1.585
1749261709,1.66000000,117.70000000,1.585
1749261709,1.66100000,6.40000000,1.585
1749261709,1.66200000,16.90000000,1.585
1749261709,1.66300000,58.50000000,1.585
1749261709,1.66400000,3.90000000,1.585
1749261709,1.66500000,703.10000000,1.585
1749261709,1.66600000,112.70000000,1.585
1749261709,1.66800000,16.60000000,1.585
1749261709,1.66900000,80.20000000,1.585
1749261709,1.67000000,1510.70000000,1.585
1749261709,1.67100000,42.60000000,1.585
1749261709,1.67200000,22.30000000,1.585
1749261709,1.67300000,3.70000000,1.585
1749261709,1.67400000,7.20000000,1.585
1749261709,1.67500000,120.70000000,1.585
1749261709,1.67600000,101.60000000,1.585
1749261709,1.67800000,6.00000000,1.585
1749261709,1.67900000,8.00000000,1.585
1749261709,1.68000000,4851.50000000,1.585
1749261709,1.68200000,1650.80000000,1.585
1749261709,1.68300000,4588.90000000,1.585
1749261709,1.68400000,460.50000000,1.585
1749261709,1.68500000,12584.50000000,1.585
1749261709,1.68600000,14506.10000000,1.585
1749261709,1.68800000,447.90000000,1.585
1749261709,1.68900000,26.40000000,1.585
1749262011,1.58700000,6883.20000000,1.586
1749262011,1.58800000,16424.30000000,1.586
1749262011,1.58900000,16466.80000000,1.586
1749262011,1.59000000,11292.60000000,1.586
1749262011,1.59100000,9601.40000000,1.586
1749262011,1.59200000,14209.30000000,1.586
1749262011,1.59300000,16620.10000000,1.586
1749262011,1.59400000,16874.10000000,1.586
1749262011,1.59500000,3754.30000000,1.586
1749262011,1.59600000,4945.20000000,1.586
1749262011,1.59700000,3255.80000000,1.586
1749262011,1.59800000,3332.30000000,1.586
1749262011,1.59900000,3915.30000000,1.586
1749262011,1.60000000,3444.10000000,1.586
1749262011,1.60100000,1357.30000000,1.586
1749262011,1.60200000,3762.00000000,1.586
1749262011,1.60300000,517.40000000,1.586
1749262011,1.60400000,3189.20000000,1.586
1749262011,1.60500000,1212.50000000,1.586
1749262011,1.60600000,3729.50000000,1.586
1749262011,1.60700000,2385.00000000,1.586
1749262011,1.60800000,3757.20000000,1.586
1749262011,1.60900000,856.50000000,1.586
1749262011,1.61000000,1309.60000000,1.586
1749262011,1.61100000,2191.80000000,1.586
1749262011,1.61200000,54.20000000,1.586
1749262011,1.61300000,509.40000000,1.586
1749262011,1.61400000,1148.40000000,1.586
1749262011,1.61500000,554.10000000,1.586
1749262011,1.61600000,535.50000000,1.586
1749262011,1.61700000,1279.90000000,1.586
1749262011,1.61800000,501.40000000,1.586
1749262011,1.61900000,573.30000000,1.586
1749262011,1.62000000,3484.90000000,1.586
1749262011,1.62100000,13.30000000,1.586
1749262011,1.62200000,12.80000000,1.586
1749262011,1.62300000,514.00000000,1.586
1749262011,1.62400000,505.40000000,1.586
1749262011,1.62500000,738.70000000,1.586
1749262011,1.62600000,308.90000000,1.586
1749262011,1.62700000,13.40000000,1.586
1749262011,1.62800000,8155.70000000,1.586
1749262011,1.62900000,11457.70000000,1.586
1749262011,1.63000000,14095.10000000,1.586
1749262011,1.63100000,773.10000000,1.586
1749262011,1.63200000,50.10000000,1.586
1749262011,1.63300000,14.90000000,1.586
1749262011,1.63400000,1009.70000000,1.586
1749262011,1.63500000,97.60000000,1.586
1749262011,1.63600000,276.90000000,1.586
1749262011,1.63700000,6.40000000,1.586
1749262011,1.63800000,6.40000000,1.586
1749262011,1.63900000,37.40000000,1.586
1749262011,1.64000000,12.80000000,1.586
1749262011,1.64100000,11.90000000,1.586
1749262011,1.64200000,9574.40000000,1.586
1749262011,1.64300000,44540.30000000,1.586
1749262011,1.64400000,88.10000000,1.586
1749262011,1.64500000,26.50000000,1.586
1749262011,1.64600000,17.60000000,1.586
1749262011,1.64700000,39.10000000,1.586
1749262011,1.64800000,17.10000000,1.586
1749262011,1.64900000,18.70000000,1.586
1749262011,1.65000000,709.00000000,1.586
1749262011,1.65100000,6.40000000,1.586
1749262011,1.65200000,56.50000000,1.586
1749262011,1.65300000,49.70000000,1.586
1749262011,1.65400000,15433.60000000,1.586
1749262011,1.65500000,113.00000000,1.586
1749262011,1.65600000,95.70000000,1.586
1749262011,1.65700000,18.60000000,1.586
1749262011,1.65800000,10.10000000,1.586
1749262011,1.65900000,15.60000000,1.586
1749262011,1.66000000,117.70000000,1.586
1749262011,1.66100000,6.40000000,1.586
1749262011,1.66200000,23.30000000,1.586
1749262011,1.66300000,58.50000000,1.586
1749262011,1.66400000,3.90000000,1.586
1749262011,1.66500000,709.20000000,1.586
1749262011,1.66600000,112.70000000,1.586
1749262011,1.66800000,16.60000000,1.586
1749262011,1.66900000,80.20000000,1.586
1749262011,1.67000000,1510.70000000,1.586
1749262011,1.67100000,42.60000000,1.586
1749262011,1.67200000,22.30000000,1.586
1749262011,1.67300000,3.70000000,1.586
1749262011,1.67400000,7.20000000,1.586
1749262011,1.67500000,120.70000000,1.586
1749262011,1.67600000,101.60000000,1.586
1749262011,1.67800000,6.00000000,1.586
1749262011,1.67900000,8.00000000,1.586
1749262011,1.68000000,4851.50000000,1.586
1749262011,1.68200000,1650.80000000,1.586
1749262011,1.68300000,4588.90000000,1.586
1749262011,1.68400000,460.50000000,1.586
1749262011,1.68500000,12584.50000000,1.586
1749262011,1.68600000,14506.10000000,1.586
1749262011,1.68800000,447.90000000,1.586
1749262011,1.68900000,26.40000000,1.586
1749262011,1.69000000,449.10000000,1.586
1749262313,1.58900000,10119.20000000,1.588
1749262313,1.59000000,10753.70000000,1.588
1749262313,1.59100000,9552.00000000,1.588
1749262313,1.59200000,15739.90000000,1.588
1749262313,1.59300000,19785.40000000,1.588
1749262313,1.59400000,6079.10000000,1.588
1749262313,1.59500000,13146.70000000,1.588
1749262313,1.59600000,8116.50000000,1.588
1749262313,1.59700000,13328.90000000,1.588
1749262313,1.59800000,3642.20000000,1.588
1749262313,1.59900000,3927.30000000,1.588
1749262313,1.60000000,4608.40000000,1.588
1749262313,1.60100000,1408.20000000,1.588
1749262313,1.60200000,3762.00000000,1.588
1749262313,1.60300000,517.40000000,1.588
1749262313,1.60400000,3189.20000000,1.588
1749262313,1.60500000,1212.50000000,1.588
1749262313,1.60600000,3729.50000000,1.588
1749262313,1.60700000,2385.00000000,1.588
1749262313,1.60800000,3757.20000000,1.588
1749262313,1.60900000,856.50000000,1.588
1749262313,1.61000000,1309.60000000,1.588
1749262313,1.61100000,1935.80000000,1.588
1749262313,1.61200000,54.20000000,1.588
1749262313,1.61300000,765.10000000,1.588
1749262313,1.61400000,1148.40000000,1.588
1749262313,1.61500000,554.10000000,1.588
1749262313,1.61600000,535.50000000,1.588
1749262313,1.61700000,1279.90000000,1.588
1749262313,1.61800000,501.40000000,1.588
1749262313,1.61900000,573.30000000,1.588
1749262313,1.62000000,3484.90000000,1.588
1749262313,1.62100000,13.30000000,1.588
1749262313,1.62200000,12.80000000,1.588
1749262313,1.62300000,514.00000000,1.588
1749262313,1.62400000,505.40000000,1.588
1749262313,1.62500000,738.70000000,1.588
1749262313,1.62600000,803.90000000,1.588
1749262313,1.62700000,13.40000000,1.588
1749262313,1.62800000,2481.70000000,1.588
1749262313,1.62900000,18121.70000000,1.588
1749262313,1.63000000,14095.10000000,1.588
1749262313,1.63100000,773.10000000,1.588
1749262313,1.63200000,50.10000000,1.588
1749262313,1.63300000,14.90000000,1.588
1749262313,1.63400000,1009.70000000,1.588
1749262313,1.63500000,97.60000000,1.588
1749262313,1.63600000,276.90000000,1.588
1749262313,1.63700000,6.40000000,1.588
1749262313,1.63800000,6.40000000,1.588
1749262313,1.63900000,37.40000000,1.588
1749262313,1.64000000,12.80000000,1.588
1749262313,1.64100000,11.90000000,1.588
1749262313,1.64200000,303.70000000,1.588
1749262313,1.64300000,44540.30000000,1.588
1749262313,1.64400000,88.10000000,1.588
1749262313,1.64500000,26.50000000,1.588
1749262313,1.64600000,17.60000000,1.588
1749262313,1.64700000,39.10000000,1.588
1749262313,1.64800000,17.10000000,1.588
1749262313,1.64900000,18.70000000,1.588
1749262313,1.65000000,709.00000000,1.588
1749262313,1.65100000,6.40000000,1.588
1749262313,1.65200000,56.50000000,1.588
1749262313,1.65300000,9320.40000000,1.588
1749262313,1.65400000,15433.60000000,1.588
1749262313,1.65500000,113.00000000,1.588
1749262313,1.65600000,95.70000000,1.588
1749262313,1.65700000,18.60000000,1.588
1749262313,1.65800000,10.10000000,1.588
1749262313,1.65900000,15.60000000,1.588
1749262313,1.66000000,117.70000000,1.588
1749262313,1.66100000,6.40000000,1.588
1749262313,1.66200000,23.30000000,1.588
1749262313,1.66300000,64.90000000,1.588
1749262313,1.66400000,10.30000000,1.588
1749262313,1.66500000,709.20000000,1.588
1749262313,1.66600000,112.70000000,1.588
1749262313,1.66800000,16.60000000,1.588
1749262313,1.66900000,80.20000000,1.588
1749262313,1.67000000,1510.70000000,1.588
1749262313,1.67100000,42.60000000,1.588
1749262313,1.67200000,15.20000000,1.588
1749262313,1.67300000,3.70000000,1.588
1749262313,1.67400000,7.20000000,1.588
1749262313,1.67500000,120.70000000,1.588
1749262313,1.67600000,101.60000000,1.588
1749262313,1.67800000,6.00000000,1.588
1749262313,1.67900000,8.00000000,1.588
1749262313,1.68000000,4851.50000000,1.588
1749262313,1.68200000,1650.80000000,1.588
1749262313,1.68300000,4588.90000000,1.588
1749262313,1.68400000,460.50000000,1.588
1749262313,1.68500000,223.60000000,1.588
1749262313,1.68600000,26867.00000000,1.588
1749262313,1.68800000,447.90000000,1.588
1749262313,1.68900000,26.40000000,1.588
1749262313,1.69000000,449.10000000,1.588
1749262313,1.69100000,178.50000000,1.588
1749262313,1.69200000,36.60000000,1.588
1749262614,1.59100000,5386.60000000,1.59
1749262614,1.59200000,11803.10000000,1.59
1749262614,1.59300000,19398.70000000,1.59
1749262614,1.59400000,11467.80000000,1.59
1749262614,1.59500000,17388.20000000,1.59
1749262614,1.59600000,8733.40000000,1.59
1749262614,1.59700000,20816.90000000,1.59
1749262614,1.59800000,3332.30000000,1.59
1749262614,1.59900000,4289.90000000,1.59
1749262614,1.60000000,4172.00000000,1.59
1749262614,1.60100000,1769.80000000,1.59
1749262614,1.60200000,4204.40000000,1.59
1749262614,1.60300000,517.40000000,1.59
1749262614,1.60400000,3189.20000000,1.59
1749262614,1.60500000,1263.40000000,1.59
1749262614,1.60600000,3729.50000000,1.59
1749262614,1.60700000,2385.00000000,1.59
1749262614,1.60800000,3757.20000000,1.59
1749262614,1.60900000,608.50000000,1.59
1749262614,1.61000000,1309.60000000,1.59
1749262614,1.61100000,1935.80000000,1.59
1749262614,1.61200000,54.20000000,1.59
1749262614,1.61300000,509.40000000,1.59
1749262614,1.61400000,1396.40000000,1.59
1749262614,1.61500000,554.10000000,1.59
1749262614,1.61600000,791.50000000,1.59
1749262614,1.61700000,1279.90000000,1.59
1749262614,1.61800000,501.40000000,1.59
1749262614,1.61900000,573.30000000,1.59
1749262614,1.62000000,3484.90000000,1.59
1749262614,1.62100000,13.30000000,1.59
1749262614,1.62200000,12.80000000,1.59
1749262614,1.62300000,514.00000000,1.59
1749262614,1.62400000,505.40000000,1.59
1749262614,1.62500000,738.70000000,1.59
1749262614,1.62600000,803.90000000,1.59
1749262614,1.62700000,13.40000000,1.59
1749262614,1.62800000,2481.70000000,1.59
1749262614,1.62900000,11952.70000000,1.59
1749262614,1.63000000,14590.10000000,1.59
1749262614,1.63100000,1268.10000000,1.59
1749262614,1.63200000,50.10000000,1.59
1749262614,1.63300000,14.90000000,1.59
1749262614,1.63400000,1009.70000000,1.59
1749262614,1.63500000,97.60000000,1.59
1749262614,1.63600000,276.90000000,1.59
1749262614,1.63700000,6.40000000,1.59
1749262614,1.63800000,6.40000000,1.59
1749262614,1.63900000,37.40000000,1.59
1749262614,1.64000000,12.80000000,1.59
1749262614,1.64100000,11.90000000,1.59
1749262614,1.64200000,6472.70000000,1.59
1749262614,1.64300000,44540.30000000,1.59
1749262614,1.64400000,88.10000000,1.59
1749262614,1.64500000,26.50000000,1.59
1749262614,1.64600000,17.60000000,1.59
1749262614,1.64700000,39.10000000,1.59
1749262614,1.64800000,17.10000000,1.59
1749262614,1.64900000,18.70000000,1.59
1749262614,1.65000000,709.00000000,1.59
1749262614,1.65100000,6.40000000,1.59
1749262614,1.65200000,56.50000000,1.59
1749262614,1.65300000,49.70000000,1.59
1749262614,1.65400000,24704.30000000,1.59
1749262614,1.65500000,113.00000000,1.59
1749262614,1.65600000,95.70000000,1.59
1749262614,1.65700000,18.60000000,1.59
1749262614,1.65800000,10.10000000,1.59
1749262614,1.65900000,15.60000000,1.59
1749262614,1.66000000,117.70000000,1.59
1749262614,1.66100000,6.40000000,1.59
1749262614,1.66200000,23.30000000,1.59
1749262614,1.66300000,64.90000000,1.59
1749262614,1.66400000,10.30000000,1.59
1749262614,1.66500000,715.60000000,1.59
1749262614,1.66600000,119.10000000,1.59
1749262614,1.66800000,16.60000000,1.59
1749262614,1.66900000,80.20000000,1.59
1749262614,1.67000000,1510.70000000,1.59
1749262614,1.67100000,42.60000000,1.59
1749262614,1.67200000,22.30000000,1.59
1749262614,1.67300000,3.70000000,1.59
1749262614,1.67400000,7.20000000,1.59
1749262614,1.67500000,120.70000000,1.59
1749262614,1.67600000,101.60000000,1.59
1749262614,1.67800000,6.00000000,1.59
1749262614,1.67900000,8.00000000,1.59
1749262614,1.68000000,4851.50000000,1.59
1749262614,1.68200000,1650.80000000,1.59
1749262614,1.68300000,4588.90000000,1.59
1749262614,1.68400000,460.50000000,1.59
1749262614,1.68500000,223.60000000,1.59
1749262614,1.68600000,14506.10000000,1.59
1749262614,1.68800000,447.90000000,1.59
1749262614,1.68900000,26.40000000,1.59
1749262614,1.69000000,449.10000000,1.59
1749262614,1.69100000,178.50000000,1.59
1749262614,1.69200000,36.60000000,1.59
1749262614,1.69300000,9.40000000,1.59
1749262614,1.69400000,102.40000000,1.59
1749262917,1.59000000,18712.30000000,1.589
1749262917,1.59100000,12668.10000000,1.589
1749262917,1.59200000,12973.30000000,1.589
1749262917,1.59300000,20551.40000000,1.589
1749262917,1.59400000,8776.00000000,1.589
1749262917,1.59500000,14038.30000000,1.589
1749262917,1.59600000,16158.10000000,1.589
1749262917,1.59700000,3255.80000000,1.589
1749262917,1.59800000,13471.20000000,1.589
1749262917,1.59900000,4289.90000000,1.589
1749262917,1.60000000,3715.80000000,1.589
1749262917,1.60100000,2082.30000000,1.589
1749262917,1.60200000,3762.00000000,1.589
1749262917,1.60300000,568.30000000,1.589
1749262917,1.60400000,3189.20000000,1.589
1749262917,1.60500000,1212.50000000,1.589
1749262917,1.60600000,3729.50000000,1.589
1749262917,1.60700000,2385.00000000,1.589
1749262917,1.60800000,3757.20000000,1.589
1749262917,1.60900000,608.50000000,1.589
1749262917,1.61000000,1309.60000000,1.589
1749262917,1.61100000,1935.80000000,1.589
1749262917,1.61200000,54.20000000,1.589
1749262917,1.61300000,509.40000000,1.589
1749262917,1.61400000,1396.40000000,1.589
1749262917,1.61500000,809.90000000,1.589
1749262917,1.61600000,535.50000000,1.589
1749262917,1.61700000,1279.90000000,1.589
1749262917,1.61800000,501.40000000,1.589
1749262917,1.61900000,573.30000000,1.589
1749262917,1.62000000,3484.90000000,1.589
1749262917,1.62100000,13.30000000,1.589
1749262917,1.62200000,12.80000000,1.589
1749262917,1.62300000,514.00000000,1.589
1749262917,1.62400000,505.40000000,1.589
1749262917,1.62500000,738.70000000,1.589
1749262917,1.62600000,803.90000000,1.589
1749262917,1.62700000,13.40000000,1.589
1749262917,1.62800000,2481.70000000,1.589
1749262917,1.62900000,11952.70000000,1.589
1749262917,1.63000000,20759.10000000,1.589
1749262917,1.63100000,773.10000000,1.589
1749262917,1.63200000,50.10000000,1.589
1749262917,1.63300000,14.90000000,1.589
1749262917,1.63400000,1009.70000000,1.589
1749262917,1.63500000,97.60000000,1.589
1749262917,1.63600000,276.90000000,1.589
1749262917,1.63700000,6.40000000,1.589
1749262917,1.63800000,6.40000000,1.589
1749262917,1.63900000,37.40000000,1.589
1749262917,1.64000000,12.80000000,1.589
1749262917,1.64100000,11.90000000,1.589
1749262917,1.64200000,303.70000000,1.589
1749262917,1.64300000,44540.30000000,1.589
1749262917,1.64400000,88.10000000,1.589
1749262917,1.64500000,26.50000000,1.589
1749262917,1.64600000,17.60000000,1.589
1749262917,1.64700000,39.10000000,1.589
1749262917,1.64800000,17.10000000,1.589
1749262917,1.64900000,18.70000000,1.589
1749262917,1.65000000,709.00000000,1.589
1749262917,1.65100000,6.40000000,1.589
1749262917,1.65200000,56.50000000,1.589
1749262917,1.65300000,9320.40000000,1.589
1749262917,1.65400000,15433.60000000,1.589
1749262917,1.65500000,113.00000000,1.589
1749262917,1.65600000,95.70000000,1.589
1749262917,1.65700000,18.60000000,1.589
1749262917,1.65800000,10.10000000,1.589
1749262917,1.65900000,15.60000000,1.589
1749262917,1.66000000,117.70000000,1.589
1749262917,1.66100000,6.40000000,1.589
1749262917,1.66200000,23.30000000,1.589
1749262917,1.66300000,64.90000000,1.589
1749262917,1.66400000,10.30000000,1.589
1749262917,1.66500000,715.60000000,1.589
1749262917,1.66600000,112.70000000,1.589
1749262917,1.66800000,16.60000000,1.589
1749262917,1.66900000,80.20000000,1.589
1749262917,1.67000000,1510.70000000,1.589
1749262917,1.67100000,42.60000000,1.589
1749262917,1.67200000,22.30000000,1.589
1749262917,1.67300000,3.70000000,1.589
1749262917,1.67400000,7.20000000,1.589
1749262917,1.67500000,120.70000000,1.589
1749262917,1.67600000,101.60000000,1.589
1749262917,1.67800000,6.00000000,1.589
1749262917,1.67900000,8.00000000,1.589
1749262917,1.68000000,4851.50000000,1.589
1749262917,1.68200000,1650.80000000,1.589
1749262917,1.68300000,4588.90000000,1.589
1749262917,1.68400000,460.50000000,1.589
1749262917,1.68500000,223.60000000,1.589
1749262917,1.68600000,14506.10000000,1.589
1749262917,1.68800000,447.90000000,1.589
1749262917,1.68900000,26.40000000,1.589
1749262917,1.69000000,449.10000000,1.589
1749262917,1.69100000,178.50000000,1.589
1749262917,1.69200000,36.60000000,1.589
1749262917,1.69300000,9.40000000,1.589
1749263219,1.59000000,17671.70000000,1.589
1749263219,1.59100000,14332.50000000,1.589
1749263219,1.59200000,15654.80000000,1.589
1749263219,1.59300000,15322.10000000,1.589
1749263219,1.59400000,10981.10000000,1.589
1749263219,1.59500000,11888.20000000,1.589
1749263219,1.59600000,16108.10000000,1.589
1749263219,1.59700000,3255.80000000,1.589
1749263219,1.59800000,13471.20000000,1.589
1749263219,1.59900000,4289.90000000,1.589
1749263219,1.60000000,3715.80000000,1.589
1749263219,1.60100000,2201.40000000,1.589
1749263219,1.60200000,3762.00000000,1.589
1749263219,1.60300000,517.40000000,1.589
1749263219,1.60400000,3189.20000000,1.589
1749263219,1.60500000,1263.40000000,1.589
1749263219,1.60600000,3729.50000000,1.589
1749263219,1.60700000,2385.00000000,1.589
1749263219,1.60800000,3757.20000000,1.589
1749263219,1.60900000,608.50000000,1.589
1749263219,1.61000000,1309.60000000,1.589
1749263219,1.61100000,1935.80000000,1.589
1749263219,1.61200000,54.20000000,1.589
1749263219,1.61300000,509.40000000,1.589
1749263219,1.61400000,1396.40000000,1.589
1749263219,1.61500000,554.10000000,1.589
1749263219,1.61600000,791.30000000,1.589
1749263219,1.61700000,1279.90000000,1.589
1749263219,1.61800000,501.40000000,1.589
1749263219,1.61900000,573.30000000,1.589
1749263219,1.62000000,3484.90000000,1.589
1749263219,1.62100000,13.30000000,1.589
1749263219,1.62200000,12.80000000,1.589
1749263219,1.62300000,514.00000000,1.589
1749263219,1.62400000,505.40000000,1.589
1749263219,1.62500000,738.70000000,1.589
1749263219,1.62600000,803.90000000,1.589
1749263219,1.62700000,13.40000000,1.589
1749263219,1.62800000,2481.70000000,1.589
1749263219,1.62900000,11952.70000000,1.589
1749263219,1.63000000,14590.10000000,1.589
1749263219,1.63100000,773.10000000,1.589
1749263219,1.63200000,50.10000000,1.589
1749263219,1.63300000,14.90000000,1.589
1749263219,1.63400000,1009.70000000,1.589
1749263219,1.63500000,97.60000000,1.589
1749263219,1.63600000,276.90000000,1.589
1749263219,1.63700000,6.40000000,1.589
1749263219,1.63800000,6.40000000,1.589
1749263219,1.63900000,37.40000000,1.589
1749263219,1.64000000,12.80000000,1.589
1749263219,1.64100000,11.90000000,1.589
1749263219,1.64200000,6472.70000000,1.589
1749263219,1.64300000,44540.30000000,1.589
1749263219,1.64400000,88.10000000,1.589
1749263219,1.64500000,26.50000000,1.589
1749263219,1.64600000,17.60000000,1.589
1749263219,1.64700000,39.10000000,1.589
1749263219,1.64800000,17.10000000,1.589
1749263219,1.64900000,18.70000000,1.589
1749263219,1.65000000,709.00000000,1.589
1749263219,1.65100000,6.40000000,1.589
1749263219,1.65200000,56.50000000,1.589
1749263219,1.65300000,9320.40000000,1.589
1749263219,1.65400000,15433.60000000,1.589
1749263219,1.65500000,113.00000000,1.589
1749263219,1.65600000,95.70000000,1.589
1749263219,1.65700000,18.60000000,1.589
1749263219,1.65800000,10.10000000,1.589
1749263219,1.65900000,15.60000000,1.589
1749263219,1.66000000,117.70000000,1.589
1749263219,1.66100000,6.40000000,1.589
1749263219,1.66200000,23.30000000,1.589
1749263219,1.66300000,64.90000000,1.589
1749263219,1.66400000,10.30000000,1.589
1749263219,1.66500000,715.60000000,1.589
1749263219,1.66600000,112.70000000,1.589
1749263219,1.66800000,16.60000000,1.589
1749263219,1.66900000,80.20000000,1.589
1749263219,1.67000000,1510.70000000,1.589
1749263219,1.67100000,42.60000000,1.589
1749263219,1.67200000,22.30000000,1.589
1749263219,1.67300000,3.70000000,1.589
1749263219,1.67400000,7.20000000,1.589
1749263219,1.67500000,120.70000000,1.589
1749263219,1.67600000,101.60000000,1.589
1749263219,1.67800000,6.00000000,1.589
1749263219,1.67900000,8.00000000,1.589
1749263219,1.68000000,4851.50000000,1.589
1749263219,1.68200000,1650.80000000,1.589
1749263219,1.68300000,4588.90000000,1.589
1749263219,1.68400000,460.50000000,1.589
1749263219,1.68500000,223.60000000,1.589
1749263219,1.68600000,14506.10000000,1.589
1749263219,1.68800000,447.90000000,1.589
1749263219,1.68900000,26.40000000,1.589
1749263219,1.69000000,449.10000000,1.589
1749263219,1.69100000,178.50000000,1.589
1749263219,1.69200000,36.60000000,1.589
1749263219,1.69300000,9.40000000,1.589
1749263520,1.59000000,3771.00000000,1.59
1749263520,1.59100000,8696.60000000,1.59
1749263520,1.59200000,13948.60000000,1.59
1749263520,1.59300000,22149.60000000,1.59
1749263520,1.59400000,9505.30000000,1.59
1749263520,1.59500000,11546.70000000,1.59
1749263520,1.59600000,18247.10000000,1.59
1749263520,1.59700000,3921.70000000,1.59
1749263520,1.59800000,14676.20000000,1.59
1749263520,1.59900000,3927.30000000,1.59
1749263520,1.60000000,3539.30000000,1.59
1749263520,1.60100000,2264.20000000,1.59
1749263520,1.60200000,4232.40000000,1.59
1749263520,1.60300000,568.30000000,1.59
1749263520,1.60400000,3189.20000000,1.59
1749263520,1.60500000,1212.50000000,1.59
1749263520,1.60600000,3729.50000000,1.59
1749263520,1.60700000,2385.00000000,1.59
1749263520,1.60800000,3757.20000000,1.59
1749263520,1.60900000,608.50000000,1.59
1749263520,1.61000000,1309.60000000,1.59
1749263520,1.61100000,1935.80000000,1.59
1749263520,1.61200000,54.20000000,1.59
1749263520,1.61300000,509.40000000,1.59
1749263520,1.61400000,1396.40000000,1.59
1749263520,1.61500000,809.80000000,1.59
1749263520,1.61600000,535.50000000,1.59
1749263520,1.61700000,1279.90000000,1.59
1749263520,1.61800000,501.40000000,1.59
1749263520,1.61900000,573.30000000,1.59
1749263520,1.62000000,3484.90000000,1.59
1749263520,1.62100000,13.30000000,1.59
1749263520,1.62200000,12.80000000,1.59
1749263520,1.62300000,514.00000000,1.59
1749263520,1.62400000,505.40000000,1.59
1749263520,1.62500000,504.80000000,1.59
1749263520,1.62600000,803.90000000,1.59
1749263520,1.62700000,13.40000000,1.59
1749263520,1.62800000,655.00000000,1.59
1749263520,1.62900000,11952.70000000,1.59
1749263520,1.63000000,14824.00000000,1.59
1749263520,1.63100000,1268.10000000,1.59
1749263520,1.63200000,50.10000000,1.59
1749263520,1.63300000,1841.60000000,1.59
1749263520,1.63400000,391.30000000,1.59
1749263520,1.63500000,97.60000000,1.59
1749263520,1.63600000,276.90000000,1.59
1749263520,1.63700000,6.40000000,1.59
1749263520,1.63800000,6.40000000,1.59
1749263520,1.63900000,655.80000000,1.59
1749263520,1.64000000,12.80000000,1.59
1749263520,1.64100000,11.90000000,1.59
1749263520,1.64200000,6472.70000000,1.59
1749263520,1.64300000,44540.30000000,1.59
1749263520,1.64400000,88.10000000,1.59
1749263520,1.64500000,26.50000000,1.59
1749263520,1.64600000,17.60000000,1.59
1749263520,1.64700000,39.10000000,1.59
1749263520,1.64800000,17.10000000,1.59
1749263520,1.64900000,18.70000000,1.59
1749263520,1.65000000,98.20000000,1.59
1749263520,1.65100000,6.40000000,1.59
1749263520,1.65200000,56.50000000,1.59
1749263520,1.65300000,9320.40000000,1.59
1749263520,1.65400000,15433.60000000,1.59
1749263520,1.65500000,723.80000000,1.59
1749263520,1.65600000,95.70000000,1.59
1749263520,1.65700000,18.60000000,1.59
1749263520,1.65800000,10.10000000,1.59
1749263520,1.65900000,15.60000000,1.59
1749263520,1.66000000,117.70000000,1.59
1749263520,1.66100000,6.40000000,1.59
1749263520,1.66200000,23.30000000,1.59
1749263520,1.66300000,64.90000000,1.59
1749263520,1.66400000,10.30000000,1.59
1749263520,1.66500000,104.80000000,1.59
1749263520,1.66600000,112.70000000,1.59
1749263520,1.66800000,16.60000000,1.59
1749263520,1.66900000,80.20000000,1.59
1749263520,1.67000000,2121.50000000,1.59
1749263520,1.67100000,42.60000000,1.59
1749263520,1.67200000,22.30000000,1.59
1749263520,1.67300000,3.70000000,1.59
1749263520,1.67400000,7.20000000,1.59
1749263520,1.67500000,120.70000000,1.59
1749263520,1.67600000,101.60000000,1.59
1749263520,1.67800000,6.00000000,1.59
1749263520,1.67900000,8.00000000,1.59
1749263520,1.68000000,4851.50000000,1.59
1749263520,1.68200000,1650.80000000,1.59
1749263520,1.68300000,4588.90000000,1.59
1749263520,1.68400000,460.50000000,1.59
1749263520,1.68500000,12584.50000000,1.59
1749263520,1.68600000,14506.10000000,1.59
1749263520,1.68800000,447.90000000,1.59
1749263520,1.68900000,26.40000000,1.59
1749263520,1.69000000,449.10000000,1.59
1749263520,1.69100000,178.50000000,1.59
1749263520,1.69200000,36.60000000,1.59
1749263520,1.69300000,9.40000000,1.59
1749263826,1.59200000,3130.70000000,1.591
1749263826,1.59300000,16401.30000000,1.591
1749263826,1.59400000,20199.70000000,1.591
1749263826,1.59500000,17357.80000000,1.591
1749263826,1.59600000,19798.60000000,1.591
1749263826,1.59700000,3249.80000000,1.591
1749263826,1.59800000,15057.80000000,1.591
1749263826,1.59900000,3927.30000000,1.591
1749263826,1.60000000,3889.00000000,1.591
1749263826,1.60100000,1914.50000000,1.591
1749263826,1.60200000,4442.00000000,1.591
1749263826,1.60300000,517.40000000,1.591
1749263826,1.60400000,3189.20000000,1.591
1749263826,1.60500000,1263.40000000,1.591
1749263826,1.60600000,3729.50000000,1.591
1749263826,1.60700000,2385.00000000,1.591
1749263826,1.60800000,3757.20000000,1.591
1749263826,1.60900000,608.50000000,1.591
1749263826,1.61000000,1309.60000000,1.591
1749263826,1.61100000,1935.80000000,1.591
1749263826,1.61200000,54.20000000,1.591
1749263826,1.61300000,509.40000000,1.591
1749263826,1.61400000,1396.40000000,1.591
1749263826,1.61500000,554.10000000,1.591
1749263826,1.61600000,535.50000000,1.591
1749263826,1.61700000,1279.90000000,1.591
1749263826,1.61800000,501.40000000,1.591
1749263826,1.61900000,829.00000000,1.591
1749263826,1.62000000,3484.90000000,1.591
1749263826,1.62100000,13.30000000,1.591
1749263826,1.62200000,12.80000000,1.591
1749263826,1.62300000,514.00000000,1.591
1749263826,1.62400000,505.40000000,1.591
1749263826,1.62500000,504.80000000,1.591
1749263826,1.62600000,803.90000000,1.591
1749263826,1.62700000,9.70000000,1.591
1749263826,1.62800000,655.00000000,1.591
1749263826,1.62900000,11952.70000000,1.591
1749263826,1.63000000,14824.00000000,1.591
1749263826,1.63100000,1268.10000000,1.591
1749263826,1.63200000,50.10000000,1.591
1749263826,1.63300000,1841.60000000,1.591
1749263826,1.63400000,391.30000000,1.591
1749263826,1.63500000,97.60000000,1.591
1749263826,1.63600000,276.90000000,1.591
1749263826,1.63700000,6.40000000,1.591
1749263826,1.63800000,6.40000000,1.591
1749263826,1.63900000,655.80000000,1.591
1749263826,1.64000000,12.80000000,1.591
1749263826,1.64100000,11.90000000,1.591
1749263826,1.64200000,6472.70000000,1.591
1749263826,1.64300000,44535.40000000,1.591
1749263826,1.64400000,88.10000000,1.591
1749263826,1.64500000,26.50000000,1.591
1749263826,1.64600000,13.30000000,1.591
1749263826,1.64700000,39.10000000,1.591
1749263826,1.64800000,17.10000000,1.591
1749263826,1.64900000,18.70000000,1.591
1749263826,1.65000000,98.20000000,1.591
1749263826,1.65100000,6.40000000,1.591
1749263826,1.65200000,56.50000000,1.591
1749263826,1.65300000,49.70000000,1.591
1749263826,1.65400000,24704.30000000,1.591
1749263826,1.65500000,723.80000000,1.591
1749263826,1.65600000,95.70000000,1.591
1749263826,1.65700000,18.60000000,1.591
1749263826,1.65800000,10.10000000,1.591
1749263826,1.65900000,9.60000000,1.591
1749263826,1.66000000,117.70000000,1.591
1749263826,1.66100000,6.40000000,1.591
1749263826,1.66200000,23.30000000,1.591
1749263826,1.66300000,64.90000000,1.591
1749263826,1.66400000,10.30000000,1.591
1749263826,1.66500000,104.80000000,1.591
1749263826,1.66600000,119.10000000,1.591
1749263826,1.66700000,6.30000000,1.591
1749263826,1.66800000,16.60000000,1.591
1749263826,1.66900000,80.20000000,1.591
1749263826,1.67000000,2121.50000000,1.591
1749263826,1.67100000,42.60000000,1.591
1749263826,1.67200000,22.30000000,1.591
1749263826,1.67300000,3.70000000,1.591
1749263826,1.67400000,7.20000000,1.591
1749263826,1.67500000,120.70000000,1.591
1749263826,1.67600000,101.60000000,1.591
1749263826,1.67800000,6.00000000,1.591
1749263826,1.67900000,3.20000000,1.591
1749263826,1.68000000,4851.50000000,1.591
1749263826,1.68200000,1650.80000000,1.591
1749263826,1.68300000,4588.90000000,1.591
1749263826,1.68400000,460.50000000,1.591
1749263826,1.68500000,223.60000000,1.591
1749263826,1.68600000,14506.10000000,1.591
1749263826,1.68800000,447.90000000,1.591
1749263826,1.68900000,26.40000000,1.591
1749263826,1.69000000,449.10000000,1.591
1749263826,1.69100000,178.50000000,1.591
1749263826,1.69200000,36.60000000,1.591
1749263826,1.69300000,9.40000000,1.591
1749263826,1.69400000,102.40000000,1.591
1749264128,1.59000000,2072.10000000,1.59
1749264128,1.59100000,9242.20000000,1.59
1749264128,1.59200000,12986.70000000,1.59
1749264128,1.59300000,19073.40000000,1.59
1749264128,1.59400000,11724.20000000,1.59
1749264128,1.59500000,12568.20000000,1.59
1749264128,1.59600000,12691.10000000,1.59
1749264128,1.59700000,5804.60000000,1.59
1749264128,1.59800000,14676.20000000,1.59
1749264128,1.59900000,3927.30000000,1.59
1749264128,1.60000000,3623.00000000,1.59
1749264128,1.60100000,2248.00000000,1.59
1749264128,1.60200000,7154.00000000,1.59
1749264128,1.60300000,630.90000000,1.59
1749264128,1.60400000,3189.20000000,1.59
1749264128,1.60500000,1212.50000000,1.59
1749264128,1.60600000,3729.50000000,1.59
1749264128,1.60700000,2385.00000000,1.59
1749264128,1.60800000,3757.20000000,1.59
1749264128,1.60900000,608.50000000,1.59
1749264128,1.61000000,1309.60000000,1.59
1749264128,1.61100000,1136.40000000,1.59
1749264128,1.61200000,54.20000000,1.59
1749264128,1.61300000,509.40000000,1.59
1749264128,1.61400000,1651.70000000,1.59
1749264128,1.61500000,554.10000000,1.59
1749264128,1.61600000,1347.00000000,1.59
1749264128,1.61700000,1279.90000000,1.59
1749264128,1.61800000,501.40000000,1.59
1749264128,1.61900000,573.30000000,1.59
1749264128,1.62000000,1686.30000000,1.59
1749264128,1.62100000,13.30000000,1.59
1749264128,1.62200000,12.80000000,1.59
1749264128,1.62300000,514.00000000,1.59
1749264128,1.62400000,505.40000000,1.59
1749264128,1.62500000,2303.40000000,1.59
1749264128,1.62600000,803.90000000,1.59
1749264128,1.62700000,9.70000000,1.59
1749264128,1.62800000,655.00000000,1.59
1749264128,1.62900000,11952.70000000,1.59
1749264128,1.63000000,20993.00000000,1.59
1749264128,1.63100000,1268.10000000,1.59
1749264128,1.63200000,50.10000000,1.59
1749264128,1.63300000,1841.60000000,1.59
1749264128,1.63400000,6.40000000,1.59
1749264128,1.63500000,97.60000000,1.59
1749264128,1.63600000,129.20000000,1.59
1749264128,1.63700000,6.40000000,1.59
1749264128,1.63800000,6.40000000,1.59
1749264128,1.63900000,1040.70000000,1.59
1749264128,1.64000000,12.80000000,1.59
1749264128,1.64100000,159.60000000,1.59
1749264128,1.64200000,303.70000000,1.59
1749264128,1.64300000,44535.40000000,1.59
1749264128,1.64400000,88.10000000,1.59
1749264128,1.64500000,26.50000000,1.59
1749264128,1.64600000,13.30000000,1.59
1749264128,1.64700000,39.10000000,1.59
1749264128,1.64800000,17.10000000,1.59
1749264128,1.64900000,18.70000000,1.59
1749264128,1.65000000,98.20000000,1.59
1749264128,1.65100000,6.40000000,1.59
1749264128,1.65200000,56.50000000,1.59
1749264128,1.65300000,9320.40000000,1.59
1749264128,1.65400000,15433.60000000,1.59
1749264128,1.65500000,723.80000000,1.59
1749264128,1.65600000,95.70000000,1.59
1749264128,1.65700000,6.40000000,1.59
1749264128,1.65800000,10.10000000,1.59
1749264128,1.65900000,9.60000000,1.59
1749264128,1.66000000,117.70000000,1.59
1749264128,1.66100000,6.40000000,1.59
1749264128,1.66200000,23.30000000,1.59
1749264128,1.66300000,64.90000000,1.59
1749264128,1.66400000,10.30000000,1.59
1749264128,1.66500000,104.80000000,1.59
1749264128,1.66600000,112.70000000,1.59
1749264128,1.66800000,16.60000000,1.59
1749264128,1.66900000,80.20000000,1.59
1749264128,1.67000000,2121.50000000,1.59
1749264128,1.67100000,42.60000000,1.59
1749264128,1.67200000,27.20000000,1.59
1749264128,1.67300000,3.70000000,1.59
1749264128,1.67400000,7.20000000,1.59
1749264128,1.67500000,120.70000000,1.59
1749264128,1.67600000,101.60000000,1.59
1749264128,1.67800000,6.00000000,1.59
1749264128,1.67900000,3.20000000,1.59
1749264128,1.68000000,4851.50000000,1.59
1749264128,1.68200000,1650.80000000,1.59
1749264128,1.68300000,4588.90000000,1.59
1749264128,1.68400000,460.50000000,1.59
1749264128,1.68500000,12584.50000000,1.59
1749264128,1.68600000,14506.10000000,1.59
1749264128,1.68800000,447.90000000,1.59
1749264128,1.68900000,26.40000000,1.59
1749264128,1.69000000,449.10000000,1.59
1749264128,1.69100000,178.50000000,1.59
1749264128,1.69200000,36.60000000,1.59
1749264128,1.69300000,9.40000000,1.59
1749264434,1.59000000,5240.60000000,1.59
1749264434,1.59100000,8038.60000000,1.59
1749264434,1.59200000,13772.10000000,1.59
1749264434,1.59300000,12947.40000000,1.59
1749264434,1.59400000,6012.70000000,1.59
1749264434,1.59500000,11701.40000000,1.59
1749264434,1.59600000,12797.70000000,1.59
1749264434,1.59700000,5874.70000000,1.59
1749264434,1.59800000,18076.70000000,1.59
1749264434,1.59900000,4615.40000000,1.59
1749264434,1.60000000,3716.20000000,1.59
1749264434,1.60100000,1420.10000000,1.59
1749264434,1.60200000,3762.00000000,1.59
1749264434,1.60300000,568.20000000,1.59
1749264434,1.60400000,3189.20000000,1.59
1749264434,1.60500000,1212.50000000,1.59
1749264434,1.60600000,3729.50000000,1.59
1749264434,1.60700000,2385.00000000,1.59
1749264434,1.60800000,3757.20000000,1.59
1749264434,1.60900000,608.50000000,1.59
1749264434,1.61000000,1309.60000000,1.59
1749264434,1.61100000,1136.40000000,1.59
1749264434,1.61200000,1356.10000000,1.59
1749264434,1.61300000,509.40000000,1.59
1749264434,1.61400000,1652.40000000,1.59
1749264434,1.61500000,554.10000000,1.59
1749264434,1.61600000,535.50000000,1.59
1749264434,1.61700000,1279.90000000,1.59
1749264434,1.61800000,501.40000000,1.59
1749264434,1.61900000,573.30000000,1.59
1749264434,1.62000000,3484.90000000,1.59
1749264434,1.62100000,13.30000000,1.59
1749264434,1.62200000,12.80000000,1.59
1749264434,1.62300000,514.00000000,1.59
1749264434,1.62400000,505.40000000,1.59
1749264434,1.62500000,738.70000000,1.59
1749264434,1.62600000,803.90000000,1.59
1749264434,1.62700000,9.70000000,1.59
1749264434,1.62800000,2481.70000000,1.59
1749264434,1.62900000,11952.70000000,1.59
1749264434,1.63000000,14095.10000000,1.59
1749264434,1.63100000,773.10000000,1.59
1749264434,1.63200000,50.10000000,1.59
1749264434,1.63300000,399.80000000,1.59
1749264434,1.63400000,624.80000000,1.59
1749264434,1.63500000,245.30000000,1.59
1749264434,1.63600000,129.20000000,1.59
1749264434,1.63700000,6.40000000,1.59
1749264434,1.63800000,6.40000000,1.59
1749264434,1.63900000,37.40000000,1.59
1749264434,1.64000000,12.80000000,1.59
1749264434,1.64100000,11.90000000,1.59
1749264434,1.64200000,6472.70000000,1.59
1749264434,1.64300000,44535.40000000,1.59
1749264434,1.64400000,88.10000000,1.59
1749264434,1.64500000,26.50000000,1.59
1749264434,1.64600000,13.30000000,1.59
1749264434,1.64700000,39.10000000,1.59
1749264434,1.64800000,17.10000000,1.59
1749264434,1.64900000,18.70000000,1.59
1749264434,1.65000000,709.00000000,1.59
1749264434,1.65100000,6.40000000,1.59
1749264434,1.65200000,56.50000000,1.59
1749264434,1.65300000,9320.40000000,1.59
1749264434,1.65400000,15433.60000000,1.59
1749264434,1.65500000,113.00000000,1.59
1749264434,1.65600000,95.70000000,1.59
1749264434,1.65700000,6.40000000,1.59
1749264434,1.65800000,10.10000000,1.59
1749264434,1.65900000,9.60000000,1.59
1749264434,1.66000000,117.70000000,1.59
1749264434,1.66100000,6.40000000,1.59
1749264434,1.66200000,23.30000000,1.59
1749264434,1.66300000,64.90000000,1.59
1749264434,1.66400000,10.30000000,1.59
1749264434,1.66500000,715.60000000,1.59
1749264434,1.66600000,112.70000000,1.59
1749264434,1.66800000,22.60000000,1.59
1749264434,1.66900000,80.20000000,1.59
1749264434,1.67000000,1510.70000000,1.59
1749264434,1.67100000,42.60000000,1.59
1749264434,1.67200000,28.30000000,1.59
1749264434,1.67300000,3.70000000,1.59
1749264434,1.67400000,7.20000000,1.59
1749264434,1.67500000,120.70000000,1.59
1749264434,1.67600000,101.60000000,1.59
1749264434,1.67800000,6.00000000,1.59
1749264434,1.67900000,3.20000000,1.59
1749264434,1.68000000,4851.50000000,1.59
1749264434,1.68200000,1650.80000000,1.59
1749264434,1.68300000,4588.90000000,1.59
1749264434,1.68400000,460.50000000,1.59
1749264434,1.68500000,223.60000000,1.59
1749264434,1.68600000,26867.00000000,1.59
1749264434,1.68800000,447.90000000,1.59
1749264434,1.68900000,26.40000000,1.59
1749264434,1.69000000,449.10000000,1.59
1749264434,1.69100000,178.50000000,1.59
1749264434,1.69200000,36.60000000,1.59
1749264434,1.69300000,9.40000000,1.59
1749264736,1.59300000,3728.30000000,1.592
1749264736,1.59400000,14324.20000000,1.592
1749264736,1.59500000,16716.40000000,1.592
1749264736,1.59600000,9743.90000000,1.592
1749264736,1.59700000,11000.70000000,1.592
1749264736,1.59800000,16557.00000000,1.592
1749264736,1.59900000,4670.30000000,1.592
1749264736,1.60000000,4880.30000000,1.592
1749264736,1.60100000,11265.30000000,1.592
1749264736,1.60200000,4454.90000000,1.592
1749264736,1.60300000,517.40000000,1.592
1749264736,1.60400000,3824.50000000,1.592
1749264736,1.60500000,1263.30000000,1.592
1749264736,1.60600000,3729.50000000,1.592
1749264736,1.60700000,2385.00000000,1.592
1749264736,1.60800000,3757.20000000,1.592
1749264736,1.60900000,608.50000000,1.592
1749264736,1.61000000,1305.90000000,1.592
1749264736,1.61100000,1136.40000000,1.592
1749264736,1.61200000,1356.10000000,1.592
1749264736,1.61300000,509.40000000,1.592
1749264736,1.61400000,1396.40000000,1.592
1749264736,1.61500000,554.10000000,1.592
1749264736,1.61600000,535.50000000,1.592
1749264736,1.61700000,1279.90000000,1.592
1749264736,1.61800000,756.90000000,1.592
1749264736,1.61900000,573.30000000,1.592
1749264736,1.62000000,3484.90000000,1.592
1749264736,1.62100000,13.30000000,1.592
1749264736,1.62200000,12.80000000,1.592
1749264736,1.62300000,514.00000000,1.592
1749264736,1.62400000,505.40000000,1.592
1749264736,1.62500000,504.80000000,1.592
1749264736,1.62600000,803.90000000,1.592
1749264736,1.62700000,9.70000000,1.592
1749264736,1.62800000,655.00000000,1.592
1749264736,1.62900000,11952.70000000,1.592
1749264736,1.63000000,14824.00000000,1.592
1749264736,1.63100000,1268.10000000,1.592
1749264736,1.63200000,50.10000000,1.592
1749264736,1.63300000,1841.60000000,1.592
1749264736,1.63400000,6.40000000,1.592
1749264736,1.63500000,97.60000000,1.592
1749264736,1.63600000,129.20000000,1.592
1749264736,1.63700000,6.40000000,1.592
1749264736,1.63800000,391.30000000,1.592
1749264736,1.63900000,655.80000000,1.592
1749264736,1.64000000,160.50000000,1.592
1749264736,1.64100000,11.90000000,1.592
1749264736,1.64200000,6266.60000000,1.592
1749264736,1.64300000,44535.40000000,1.592
1749264736,1.64400000,88.10000000,1.592
1749264736,1.64500000,21.60000000,1.592
1749264736,1.64600000,13.30000000,1.592
1749264736,1.64700000,39.10000000,1.592
1749264736,1.64800000,17.10000000,1.592
1749264736,1.64900000,18.70000000,1.592
1749264736,1.65000000,28.00000000,1.592
1749264736,1.65100000,6.40000000,1.592
1749264736,1.65200000,56.50000000,1.592
1749264736,1.65300000,9521.00000000,1.592
1749264736,1.65400000,15433.60000000,1.592
1749264736,1.65500000,723.80000000,1.592
1749264736,1.65600000,95.70000000,1.592
1749264736,1.65700000,6.40000000,1.592
1749264736,1.65800000,10.10000000,1.592
1749264736,1.65900000,9.60000000,1.592
1749264736,1.66000000,117.70000000,1.592
1749264736,1.66100000,6.40000000,1.592
1749264736,1.66200000,23.30000000,1.592
1749264736,1.66300000,64.90000000,1.592
1749264736,1.66400000,10.30000000,1.592
1749264736,1.66500000,104.80000000,1.592
1749264736,1.66600000,119.10000000,1.592
1749264736,1.66700000,6.30000000,1.592
1749264736,1.66800000,28.90000000,1.592
1749264736,1.66900000,80.20000000,1.592
1749264736,1.67000000,2121.50000000,1.592
1749264736,1.67100000,42.60000000,1.592
1749264736,1.67200000,28.30000000,1.592
1749264736,1.67300000,3.70000000,1.592
1749264736,1.67500000,120.70000000,1.592
1749264736,1.67600000,101.60000000,1.592
1749264736,1.67900000,3.20000000,1.592
1749264736,1.68000000,4851.50000000,1.592
1749264736,1.68200000,1650.80000000,1.592
1749264736,1.68300000,4588.90000000,1.592
1749264736,1.68400000,460.50000000,1.592
1749264736,1.68500000,223.60000000,1.592
1749264736,1.68600000,14506.10000000,1.592
1749264736,1.68800000,447.90000000,1.592
1749264736,1.68900000,26.40000000,1.592
1749264736,1.69000000,449.10000000,1.592
1749264736,1.69100000,178.50000000,1.592
1749264736,1.69200000,36.60000000,1.592
1749264736,1.69300000,9.40000000,1.592
1749264736,1.69400000,102.40000000,1.592
1749264736,1.69500000,72.60000000,1.592
1749264736,1.69600000,128.20000000,1.592
1749264736,1.69700000,27.80000000,1.592
1749265038,1.59900000,1839.90000000,1.598
1749265038,1.60000000,12582.70000000,1.598
1749265038,1.60100000,13058.30000000,1.598
1749265038,1.60200000,11756.10000000,1.598
1749265038,1.60300000,16070.20000000,1.598
1749265038,1.60400000,11917.00000000,1.598
1749265038,1.60500000,3075.10000000,1.598
1749265038,1.60600000,3698.60000000,1.598
1749265038,1.60700000,12241.50000000,1.598
1749265038,1.60800000,4501.10000000,1.598
1749265038,1.60900000,1122.20000000,1.598
1749265038,1.61000000,3181.50000000,1.598
1749265038,1.61100000,2350.00000000,1.598
1749265038,1.61200000,3278.10000000,1.598
1749265038,1.61300000,509.40000000,1.598
1749265038,1.61400000,3774.20000000,1.598
1749265038,1.61500000,554.10000000,1.598
1749265038,1.61600000,1290.50000000,1.598
1749265038,1.61700000,1284.60000000,1.598
1749265038,1.61800000,506.10000000,1.598
1749265038,1.61900000,826.00000000,1.598
1749265038,1.62000000,2482.10000000,1.598
1749265038,1.62100000,13.30000000,1.598
1749265038,1.62200000,507.80000000,1.598
1749265038,1.62300000,1139.20000000,1.598
1749265038,1.62400000,505.40000000,1.598
1749265038,1.62500000,760.00000000,1.598
1749265038,1.62600000,1429.10000000,1.598
1749265038,1.62700000,9.70000000,1.598
1749265038,1.62800000,1280.20000000,1.598
1749265038,1.62900000,11952.70000000,1.598
1749265038,1.63000000,14590.10000000,1.598
1749265038,1.63100000,3066.70000000,1.598
1749265038,1.63200000,50.10000000,1.598
1749265038,1.63300000,509.90000000,1.598
1749265038,1.63400000,6.40000000,1.598
1749265038,1.63500000,826.50000000,1.598
1749265038,1.63600000,624.20000000,1.598
1749265038,1.63700000,6.40000000,1.598
1749265038,1.63800000,2328.10000000,1.598
1749265038,1.63900000,532.40000000,1.598
1749265038,1.64000000,12.80000000,1.598
1749265038,1.64100000,11.90000000,1.598
1749265038,1.64200000,6761.60000000,1.598
1749265038,1.64300000,44920.30000000,1.598
1749265038,1.64400000,706.50000000,1.598
1749265038,1.64500000,169.30000000,1.598
1749265038,1.64600000,13.30000000,1.598
1749265038,1.64700000,39.10000000,1.598
1749265038,1.64800000,17.10000000,1.598
1749265038,1.64900000,18.70000000,1.598
1749265038,1.65000000,28.00000000,1.598
1749265038,1.65100000,6.40000000,1.598
1749265038,1.65200000,56.50000000,1.598
1749265038,1.65300000,212.50000000,1.598
1749265038,1.65400000,15433.60000000,1.598
1749265038,1.65500000,113.00000000,1.598
1749265038,1.65600000,95.70000000,1.598
1749265038,1.65700000,6.40000000,1.598
1749265038,1.65800000,10.10000000,1.598
1749265038,1.65900000,9.60000000,1.598
1749265038,1.66000000,728.50000000,1.598
1749265038,1.66100000,6.40000000,1.598
1749265038,1.66200000,23.30000000,1.598
1749265038,1.66300000,64.90000000,1.598
1749265038,1.66400000,10.30000000,1.598
1749265038,1.66500000,104.80000000,1.598
1749265038,1.66600000,119.10000000,1.598
1749265038,1.66700000,6.30000000,1.598
1749265038,1.66800000,28.90000000,1.598
1749265038,1.66900000,86.50000000,1.598
1749265038,1.67000000,1517.00000000,1.598
1749265038,1.67100000,48.90000000,1.598
1749265038,1.67200000,34.60000000,1.598
1749265038,1.67300000,10.00000000,1.598
1749265038,1.67400000,6.30000000,1.598
1749265038,1.67500000,731.50000000,1.598
1749265038,1.67600000,101.60000000,1.598
1749265038,1.67900000,3.20000000,1.598
1749265038,1.68000000,4851.50000000,1.598
1749265038,1.68200000,1650.80000000,1.598
1749265038,1.68300000,4588.90000000,1.598
1749265038,1.68400000,460.50000000,1.598
1749265038,1.68500000,9494.30000000,1.598
1749265038,1.68600000,14506.10000000,1.598
1749265038,1.68800000,447.90000000,1.598
1749265038,1.68900000,26.40000000,1.598
1749265038,1.69000000,449.10000000,1.598
1749265038,1.69100000,178.50000000,1.598
1749265038,1.69200000,36.60000000,1.598
1749265038,1.69300000,9.40000000,1.598
1749265038,1.69400000,102.40000000,1.598
1749265038,1.69500000,72.60000000,1.598
1749265038,1.69600000,128.20000000,1.598
1749265038,1.69700000,27.80000000,1.598
1749265038,1.69900000,34.80000000,1.598
1749265038,1.70000000,1700.80000000,1.598
1749265038,1.70300000,16.20000000,1.598
1749265038,1.70400000,517.80000000,1.598
1749265038,1.70500000,21.20000000,1.598
1749265339,1.59800000,2980.50000000,1.597
1749265339,1.59900000,16548.00000000,1.597
1749265339,1.60000000,15637.40000000,1.597
1749265339,1.60100000,15110.90000000,1.597
1749265339,1.60200000,6930.50000000,1.597
1749265339,1.60300000,4765.80000000,1.597
1749265339,1.60400000,15447.70000000,1.597
1749265339,1.60500000,3197.50000000,1.597
1749265339,1.60600000,3629.70000000,1.597
1749265339,1.60700000,12241.50000000,1.597
1749265339,1.60800000,4151.40000000,1.597
1749265339,1.60900000,1122.20000000,1.597
1749265339,1.61000000,3186.20000000,1.597
1749265339,1.61100000,1760.90000000,1.597
1749265339,1.61200000,3227.40000000,1.597
1749265339,1.61300000,509.40000000,1.597
1749265339,1.61400000,3774.20000000,1.597
1749265339,1.61500000,554.10000000,1.597
1749265339,1.61600000,1290.50000000,1.597
1749265339,1.61700000,1284.60000000,1.597
1749265339,1.61800000,506.10000000,1.597
1749265339,1.61900000,826.00000000,1.597
1749265339,1.62000000,2486.80000000,1.597
1749265339,1.62100000,13.30000000,1.597
1749265339,1.62200000,507.80000000,1.597
1749265339,1.62300000,1139.20000000,1.597
1749265339,1.62400000,505.40000000,1.597
1749265339,1.62500000,504.80000000,1.597
1749265339,1.62600000,1429.10000000,1.597
1749265339,1.62700000,9.70000000,1.597
1749265339,1.62800000,1536.00000000,1.597
1749265339,1.62900000,11952.70000000,1.597
1749265339,1.63000000,14590.10000000,1.597
1749265339,1.63100000,3066.70000000,1.597
1749265339,1.63200000,50.10000000,1.597
1749265339,1.63300000,509.90000000,1.597
1749265339,1.63400000,6.40000000,1.597
1749265339,1.63500000,826.50000000,1.597
1749265339,1.63600000,624.20000000,1.597
1749265339,1.63700000,6.40000000,1.597
1749265339,1.63800000,2328.10000000,1.597
1749265339,1.63900000,532.40000000,1.597
1749265339,1.64000000,12.80000000,1.597
1749265339,1.64100000,11.90000000,1.597
1749265339,1.64200000,6266.60000000,1.597
1749265339,1.64300000,44920.30000000,1.597
1749265339,1.64400000,706.50000000,1.597
1749265339,1.64500000,169.30000000,1.597
1749265339,1.64600000,13.30000000,1.597
1749265339,1.64700000,39.10000000,1.597
1749265339,1.64800000,17.10000000,1.597
1749265339,1.64900000,18.70000000,1.597
1749265339,1.65000000,28.00000000,1.597
1749265339,1.65100000,6.40000000,1.597
1749265339,1.65200000,56.50000000,1.597
1749265339,1.65300000,9483.20000000,1.597
1749265339,1.65400000,15433.60000000,1.597
1749265339,1.65500000,113.00000000,1.597
1749265339,1.65600000,95.70000000,1.597
1749265339,1.65700000,6.40000000,1.597
1749265339,1.65800000,10.10000000,1.597
1749265339,1.65900000,9.60000000,1.597
1749265339,1.66000000,728.50000000,1.597
1749265339,1.66100000,6.40000000,1.597
1749265339,1.66200000,23.30000000,1.597
1749265339,1.66300000,64.90000000,1.597
1749265339,1.66400000,10.30000000,1.597
1749265339,1.66500000,104.80000000,1.597
1749265339,1.66600000,119.10000000,1.597
1749265339,1.66700000,6.30000000,1.597
1749265339,1.66800000,28.90000000,1.597
1749265339,1.66900000,86.50000000,1.597
1749265339,1.67000000,1517.00000000,1.597
1749265339,1.67100000,48.90000000,1.597
1749265339,1.67200000,34.60000000,1.597
1749265339,1.67300000,10.00000000,1.597
1749265339,1.67500000,731.50000000,1.597
1749265339,1.67600000,101.60000000,1.597
1749265339,1.67900000,3.20000000,1.597
1749265339,1.68000000,4851.50000000,1.597
1749265339,1.68200000,1650.80000000,1.597
1749265339,1.68300000,4588.90000000,1.597
1749265339,1.68400000,460.50000000,1.597
1749265339,1.68500000,261.40000000,1.597
1749265339,1.68600000,14506.10000000,1.597
1749265339,1.68800000,447.90000000,1.597
1749265339,1.68900000,26.40000000,1.597
1749265339,1.69000000,449.10000000,1.597
1749265339,1.69100000,178.50000000,1.597
1749265339,1.69200000,36.60000000,1.597
1749265339,1.69300000,9.40000000,1.597
1749265339,1.69400000,102.40000000,1.597
1749265339,1.69500000,72.60000000,1.597
1749265339,1.69600000,128.20000000,1.597
1749265339,1.69700000,27.80000000,1.597
1749265339,1.69900000,34.80000000,1.597
1749265339,1.70000000,1700.80000000,1.597
1749265339,1.70300000,16.20000000,1.597
1749265339,1.70400000,517.80000000,1.597
1749265339,1.70500000,21.20000000,1.597
1749265646,1.60500000,7765.90000000,1.604
1749265646,1.60600000,9759.00000000,1.604
1749265646,1.60700000,12857.80000000,1.604
1749265646,1.60800000,9872.50000000,1.604
1749265646,1.60900000,6503.40000000,1.604
1749265646,1.61000000,19378.10000000,1.604
1749265646,1.61100000,5948.50000000,1.604
1749265646,1.61200000,3294.00000000,1.604
1749265646,1.61300000,10401.50000000,1.604
1749265646,1.61400000,4484.20000000,1.604
1749265646,1.61500000,1061.30000000,1.604
1749265646,1.61600000,4532.80000000,1.604
1749265646,1.61700000,1284.60000000,1.604
1749265646,1.61800000,3199.10000000,1.604
1749265646,1.61900000,630.40000000,1.604
1749265646,1.62000000,4316.80000000,1.604
1749265646,1.62100000,18.00000000,1.604
1749265646,1.62200000,3138.30000000,1.604
1749265646,1.62300000,1143.90000000,1.604
1749265646,1.62400000,510.10000000,1.604
1749265646,1.62500000,1562.70000000,1.604
1749265646,1.62600000,1429.10000000,1.604
1749265646,1.62700000,9.70000000,1.604
1749265646,1.62800000,1280.20000000,1.604
1749265646,1.62900000,6023.50000000,1.604
1749265646,1.63000000,14590.10000000,1.604
1749265646,1.63100000,1893.30000000,1.604
1749265646,1.63200000,50.10000000,1.604
1749265646,1.63300000,509.90000000,1.604
1749265646,1.63400000,1126.60000000,1.604
1749265646,1.63500000,592.60000000,1.604
1749265646,1.63600000,2422.80000000,1.604
1749265646,1.63700000,6.40000000,1.604
1749265646,1.63800000,501.40000000,1.604
1749265646,1.63900000,532.40000000,1.604
1749265646,1.64000000,741.70000000,1.604
1749265646,1.64100000,11.90000000,1.604
1749265646,1.64200000,6776.90000000,1.604
1749265646,1.64300000,45030.40000000,1.604
1749265646,1.64400000,2409.80000000,1.604
1749265646,1.64500000,516.60000000,1.604
1749265646,1.64600000,13.30000000,1.604
1749265646,1.64700000,39.10000000,1.604
1749265646,1.64800000,17.10000000,1.604
1749265646,1.64900000,18.70000000,1.604
1749265646,1.65000000,1179.00000000,1.604
1749265646,1.65100000,6.40000000,1.604
1749265646,1.65200000,56.50000000,1.604
1749265646,1.65300000,6381.50000000,1.604
1749265646,1.65400000,15433.60000000,1.604
1749265646,1.65500000,113.00000000,1.604
1749265646,1.65600000,95.70000000,1.604
1749265646,1.65700000,6.40000000,1.604
1749265646,1.65800000,10.10000000,1.604
1749265646,1.65900000,9.60000000,1.604
1749265646,1.66000000,117.70000000,1.604
1749265646,1.66100000,6.40000000,1.604
1749265646,1.66200000,23.30000000,1.604
1749265646,1.66300000,64.90000000,1.604
1749265646,1.66400000,10.30000000,1.604
1749265646,1.66500000,715.60000000,1.604
1749265646,1.66600000,119.10000000,1.604
1749265646,1.66700000,6.30000000,1.604
1749265646,1.66800000,28.90000000,1.604
1749265646,1.66900000,86.50000000,1.604
1749265646,1.67000000,1517.00000000,1.604
1749265646,1.67100000,48.90000000,1.604
1749265646,1.67200000,34.60000000,1.604
1749265646,1.67300000,10.00000000,1.604
1749265646,1.67400000,6.30000000,1.604
1749265646,1.67500000,127.00000000,1.604
1749265646,1.67600000,107.90000000,1.604
1749265646,1.67700000,6.30000000,1.604
1749265646,1.67800000,6.30000000,1.604
1749265646,1.67900000,620.30000000,1.604
1749265646,1.68000000,4857.80000000,1.604
1749265646,1.68200000,1650.80000000,1.604
1749265646,1.68300000,4588.90000000,1.604
1749265646,1.68400000,460.50000000,1.604
1749265646,1.68500000,9532.10000000,1.604
1749265646,1.68600000,14506.10000000,1.604
1749265646,1.68800000,447.90000000,1.604
1749265646,1.68900000,26.40000000,1.604
1749265646,1.69000000,449.10000000,1.604
1749265646,1.69100000,178.50000000,1.604
1749265646,1.69200000,36.60000000,1.604
1749265646,1.69300000,9.40000000,1.604
1749265646,1.69400000,102.40000000,1.604
1749265646,1.69500000,72.60000000,1.604
1749265646,1.69600000,128.20000000,1.604
1749265646,1.69700000,27.80000000,1.604
1749265646,1.69900000,34.80000000,1.604
1749265646,1.70000000,1700.80000000,1.604
1749265646,1.70300000,16.20000000,1.604
1749265646,1.70400000,517.80000000,1.604
1749265646,1.70500000,21.20000000,1.604
1749265646,1.70700000,9.60000000,1.604
1749265646,1.70800000,80.20000000,1.604
1749265646,1.71000000,647.10000000,1.604
1749265646,1.71100000,88.40000000,1.604
1749265947,1.60700000,1313.00000000,1.606
1749265947,1.60800000,13300.90000000,1.606
1749265947,1.60900000,10708.30000000,1.606
1749265947,1.61000000,11105.30000000,1.606
1749265947,1.61100000,12283.00000000,1.606
1749265947,1.61200000,7219.10000000,1.606
1749265947,1.61300000,9379.20000000,1.606
1749265947,1.61400000,12765.40000000,1.606
1749265947,1.61500000,5732.00000000,1.606
1749265947,1.61600000,13359.40000000,1.606
1749265947,1.61700000,2505.50000000,1.606
1749265947,1.61800000,3153.30000000,1.606
1749265947,1.61900000,630.40000000,1.606
1749265947,1.62000000,4316.80000000,1.606
1749265947,1.62100000,1137.80000000,1.606
1749265947,1.62200000,3138.30000000,1.606
1749265947,1.62300000,1143.90000000,1.606
1749265947,1.62400000,3135.90000000,1.606
1749265947,1.62500000,509.50000000,1.606
1749265947,1.62600000,2184.00000000,1.606
1749265947,1.62700000,14.40000000,1.606
1749265947,1.62800000,1284.90000000,1.606
1749265947,1.62900000,515.00000000,1.606
1749265947,1.63000000,20909.30000000,1.606
1749265947,1.63100000,1893.30000000,1.606
1749265947,1.63200000,50.10000000,1.606
1749265947,1.63300000,509.90000000,1.606
1749265947,1.63400000,1382.40000000,1.606
1749265947,1.63500000,592.60000000,1.606
1749265947,1.63600000,2422.80000000,1.606
1749265947,1.63700000,631.60000000,1.606
1749265947,1.63800000,501.40000000,1.606
1749265947,1.63900000,532.40000000,1.606
1749265947,1.64000000,741.70000000,1.606
1749265947,1.64100000,11.90000000,1.606
1749265947,1.64200000,6776.90000000,1.606
1749265947,1.64300000,45030.40000000,1.606
1749265947,1.64400000,2409.80000000,1.606
1749265947,1.64500000,516.60000000,1.606
1749265947,1.64600000,13.30000000,1.606
1749265947,1.64700000,39.10000000,1.606
1749265947,1.64800000,512.10000000,1.606
1749265947,1.64900000,18.70000000,1.606
1749265947,1.65000000,1526.30000000,1.606
1749265947,1.65100000,6.40000000,1.606
1749265947,1.65200000,56.50000000,1.606
1749265947,1.65300000,6381.50000000,1.606
1749265947,1.65400000,15433.60000000,1.606
1749265947,1.65500000,260.70000000,1.606
1749265947,1.65600000,95.70000000,1.606
1749265947,1.65700000,6.40000000,1.606
1749265947,1.65800000,10.10000000,1.606
1749265947,1.65900000,9.60000000,1.606
1749265947,1.66000000,117.70000000,1.606
1749265947,1.66100000,6.40000000,1.606
1749265947,1.66200000,23.30000000,1.606
1749265947,1.66300000,64.90000000,1.606
1749265947,1.66400000,10.30000000,1.606
1749265947,1.66500000,715.60000000,1.606
1749265947,1.66600000,119.10000000,1.606
1749265947,1.66700000,6.30000000,1.606
1749265947,1.66800000,28.90000000,1.606
1749265947,1.66900000,86.50000000,1.606
1749265947,1.67000000,1517.00000000,1.606
1749265947,1.67100000,48.90000000,1.606
1749265947,1.67200000,34.60000000,1.606
1749265947,1.67300000,10.00000000,1.606
1749265947,1.67400000,6.30000000,1.606
1749265947,1.67500000,127.00000000,1.606
1749265947,1.67600000,107.90000000,1.606
1749265947,1.67700000,6.30000000,1.606
1749265947,1.67800000,6.30000000,1.606
1749265947,1.67900000,9.50000000,1.606
1749265947,1.68000000,4857.80000000,1.606
1749265947,1.68100000,6.30000000,1.606
1749265947,1.68200000,1657.10000000,1.606
1749265947,1.68300000,4588.90000000,1.606
1749265947,1.68400000,1071.30000000,1.606
1749265947,1.68500000,9532.10000000,1.606
1749265947,1.68600000,14506.10000000,1.606
1749265947,1.68800000,447.90000000,1.606
1749265947,1.68900000,26.40000000,1.606
1749265947,1.69000000,449.10000000,1.606
1749265947,1.69100000,178.50000000,1.606
1749265947,1.69200000,36.60000000,1.606
1749265947,1.69300000,9.40000000,1.606
1749265947,1.69400000,102.40000000,1.606
1749265947,1.69500000,72.60000000,1.606
1749265947,1.69600000,128.20000000,1.606
1749265947,1.69700000,27.80000000,1.606
1749265947,1.69900000,34.80000000,1.606
1749265947,1.70000000,1800.80000000,1.606
1749265947,1.70300000,16.20000000,1.606
1749265947,1.70400000,517.80000000,1.606
1749265947,1.70500000,21.20000000,1.606
1749265947,1.70700000,9.60000000,1.606
1749265947,1.70800000,80.20000000,1.606
1749265947,1.71000000,947.10000000,1.606
1749265947,1.71100000,88.40000000,1.606
1749265947,1.71200000,553.90000000,1.606
1749266249,1.60900000,5339.70000000,1.608
1749266249,1.61000000,11359.00000000,1.608
1749266249,1.61100000,18542.60000000,1.608
1749266249,1.61200000,8629.20000000,1.608
1749266249,1.61300000,5407.50000000,1.608
1749266249,1.61400000,9952.60000000,1.608
1749266249,1.61500000,8482.90000000,1.608
1749266249,1.61600000,11508.00000000,1.608
1749266249,1.61700000,4957.50000000,1.608
1749266249,1.61800000,3600.90000000,1.608
1749266249,1.61900000,10854.20000000,1.608
1749266249,1.62000000,4383.60000000,1.608
1749266249,1.62100000,954.10000000,1.608
1749266249,1.62200000,3138.30000000,1.608
1749266249,1.62300000,1143.90000000,1.608
1749266249,1.62400000,3190.50000000,1.608
1749266249,1.62500000,509.50000000,1.608
1749266249,1.62600000,4633.40000000,1.608
1749266249,1.62700000,14.40000000,1.608
1749266249,1.62800000,2035.10000000,1.608
1749266249,1.62900000,519.70000000,1.608
1749266249,1.63000000,15660.60000000,1.608
1749266249,1.63100000,1898.00000000,1.608
1749266249,1.63200000,50.10000000,1.608
1749266249,1.63300000,509.90000000,1.608
1749266249,1.63400000,1126.60000000,1.608
1749266249,1.63500000,592.60000000,1.608
1749266249,1.63600000,624.20000000,1.608
1749266249,1.63700000,631.60000000,1.608
1749266249,1.63800000,501.40000000,1.608
1749266249,1.63900000,532.40000000,1.608
1749266249,1.64000000,763.70000000,1.608
1749266249,1.64100000,7558.90000000,1.608
1749266249,1.64200000,6776.90000000,1.608
1749266249,1.64300000,45030.40000000,1.608
1749266249,1.64400000,583.10000000,1.608
1749266249,1.64500000,750.50000000,1.608
1749266249,1.64600000,13.30000000,1.608
1749266249,1.64700000,39.10000000,1.608
1749266249,1.64800000,512.10000000,1.608
1749266249,1.64900000,1845.40000000,1.608
1749266249,1.65000000,907.90000000,1.608
1749266249,1.65100000,6.40000000,1.608
1749266249,1.65200000,56.50000000,1.608
1749266249,1.65300000,707.50000000,1.608
1749266249,1.65400000,15928.60000000,1.608
1749266249,1.65500000,879.10000000,1.608
1749266249,1.65600000,100.50000000,1.608
1749266249,1.65700000,6.40000000,1.608
1749266249,1.65800000,10.10000000,1.608
1749266249,1.65900000,9.60000000,1.608
1749266249,1.66000000,117.70000000,1.608
1749266249,1.66100000,6.40000000,1.608
1749266249,1.66200000,23.30000000,1.608
1749266249,1.66300000,64.90000000,1.608
1749266249,1.66400000,10.30000000,1.608
1749266249,1.66500000,104.80000000,1.608
1749266249,1.66600000,119.10000000,1.608
1749266249,1.66700000,6.30000000,1.608
1749266249,1.66800000,28.90000000,1.608
1749266249,1.66900000,86.50000000,1.608
1749266249,1.67000000,2127.80000000,1.608
1749266249,1.67100000,48.90000000,1.608
1749266249,1.67200000,34.60000000,1.608
1749266249,1.67300000,10.00000000,1.608
1749266249,1.67400000,6.30000000,1.608
1749266249,1.67500000,127.00000000,1.608
1749266249,1.67600000,107.90000000,1.608
1749266249,1.67700000,6.30000000,1.608
1749266249,1.67800000,6.30000000,1.608
1749266249,1.67900000,9.50000000,1.608
1749266249,1.68000000,4857.80000000,1.608
1749266249,1.68100000,6.30000000,1.608
1749266249,1.68200000,1657.10000000,1.608
1749266249,1.68300000,4595.20000000,1.608
1749266249,1.68400000,7246.60000000,1.608
1749266249,1.68500000,9532.10000000,1.608
1749266249,1.68600000,14506.10000000,1.608
1749266249,1.68800000,453.80000000,1.608
1749266249,1.68900000,26.40000000,1.608
1749266249,1.69000000,449.10000000,1.608
1749266249,1.69100000,178.50000000,1.608
1749266249,1.69200000,36.60000000,1.608
1749266249,1.69300000,9.40000000,1.608
1749266249,1.69400000,102.40000000,1.608
1749266249,1.69500000,72.60000000,1.608
1749266249,1.69600000,128.20000000,1.608
1749266249,1.69700000,27.80000000,1.608
1749266249,1.69900000,34.80000000,1.608
1749266249,1.70000000,1800.80000000,1.608
1749266249,1.70300000,16.20000000,1.608
1749266249,1.70400000,517.80000000,1.608
1749266249,1.70500000,21.20000000,1.608
1749266249,1.70700000,9.60000000,1.608
1749266249,1.70800000,80.20000000,1.608
1749266249,1.71000000,947.10000000,1.608
1749266249,1.71100000,88.40000000,1.608
1749266249,1.71200000,553.90000000,1.608
1749266249,1.71400000,105.60000000,1.608
1749266249,1.71500000,4.00000000,1.608
1749266551,1.60500000,1944.00000000,1.605
1749266551,1.60600000,15982.00000000,1.605
1749266551,1.60700000,12580.10000000,1.605
1749266551,1.60800000,17145.30000000,1.605
1749266551,1.60900000,6931.90000000,1.605
1749266551,1.61000000,11173.10000000,1.605
1749266551,1.61100000,3464.60000000,1.605
1749266551,1.61200000,11664.40000000,1.605
1749266551,1.61300000,6607.00000000,1.605
1749266551,1.61400000,12008.20000000,1.605
1749266551,1.61500000,6899.90000000,1.605
1749266551,1.61600000,13078.30000000,1.605
1749266551,1.61700000,2259.30000000,1.605
1749266551,1.61800000,3153.30000000,1.605
1749266551,1.61900000,735.10000000,1.605
1749266551,1.62000000,4372.50000000,1.605
1749266551,1.62100000,517.70000000,1.605
1749266551,1.62200000,3138.30000000,1.605
1749266551,1.62300000,1143.90000000,1.605
1749266551,1.62400000,3139.60000000,1.605
1749266551,1.62500000,509.50000000,1.605
1749266551,1.62600000,4633.40000000,1.605
1749266551,1.62700000,14.40000000,1.605
1749266551,1.62800000,2035.10000000,1.605
1749266551,1.62900000,5773.10000000,1.605
1749266551,1.63000000,15660.60000000,1.605
1749266551,1.63100000,2154.10000000,1.605
1749266551,1.63200000,50.10000000,1.605
1749266551,1.63300000,509.90000000,1.605
1749266551,1.63400000,1126.60000000,1.605
1749266551,1.63500000,592.60000000,1.605
1749266551,1.63600000,2422.80000000,1.605
1749266551,1.63700000,631.60000000,1.605
1749266551,1.63800000,501.40000000,1.605
1749266551,1.63900000,532.40000000,1.605
1749266551,1.64000000,507.80000000,1.605
1749266551,1.64100000,506.90000000,1.605
1749266551,1.64200000,6776.90000000,1.605
1749266551,1.64300000,45030.40000000,1.605
1749266551,1.64400000,2409.80000000,1.605
1749266551,1.64500000,750.50000000,1.605
1749266551,1.64600000,13.30000000,1.605
1749266551,1.64700000,39.10000000,1.605
1749266551,1.64800000,17.10000000,1.605
1749266551,1.64900000,18.70000000,1.605
1749266551,1.65000000,1451.80000000,1.605
1749266551,1.65100000,6.40000000,1.605
1749266551,1.65200000,56.50000000,1.605
1749266551,1.65300000,6381.50000000,1.605
1749266551,1.65400000,15433.60000000,1.605
1749266551,1.65500000,260.70000000,1.605
1749266551,1.65600000,100.50000000,1.605
1749266551,1.65700000,6.40000000,1.605
1749266551,1.65800000,10.10000000,1.605
1749266551,1.65900000,9.60000000,1.605
1749266551,1.66000000,117.70000000,1.605
1749266551,1.66100000,6.40000000,1.605
1749266551,1.66200000,23.30000000,1.605
1749266551,1.66300000,64.90000000,1.605
1749266551,1.66400000,10.30000000,1.605
1749266551,1.66500000,104.80000000,1.605
1749266551,1.66600000,119.10000000,1.605
1749266551,1.66700000,6.30000000,1.605
1749266551,1.66800000,28.90000000,1.605
1749266551,1.66900000,86.50000000,1.605
1749266551,1.67000000,2127.80000000,1.605
1749266551,1.67100000,48.90000000,1.605
1749266551,1.67200000,34.60000000,1.605
1749266551,1.67300000,10.00000000,1.605
1749266551,1.67400000,6.30000000,1.605
1749266551,1.67500000,127.00000000,1.605
1749266551,1.67600000,107.90000000,1.605
1749266551,1.67700000,6.30000000,1.605
1749266551,1.67800000,6.30000000,1.605
1749266551,1.67900000,9.50000000,1.605
1749266551,1.68000000,4857.80000000,1.605
1749266551,1.68200000,1650.80000000,1.605
1749266551,1.68300000,4588.90000000,1.605
1749266551,1.68400000,1071.30000000,1.605
1749266551,1.68500000,21893.00000000,1.605
1749266551,1.68600000,14506.10000000,1.605
1749266551,1.68800000,453.80000000,1.605
1749266551,1.68900000,26.40000000,1.605
1749266551,1.69000000,449.10000000,1.605
1749266551,1.69100000,178.50000000,1.605
1749266551,1.69200000,36.60000000,1.605
1749266551,1.69300000,9.40000000,1.605
1749266551,1.69400000,102.40000000,1.605
1749266551,1.69500000,72.60000000,1.605
1749266551,1.69600000,128.20000000,1.605
1749266551,1.69700000,27.80000000,1.605
1749266551,1.69900000,34.80000000,1.605
1749266551,1.70000000,1800.80000000,1.605
1749266551,1.70300000,16.20000000,1.605
1749266551,1.70400000,517.80000000,1.605
1749266551,1.70500000,21.20000000,1.605
1749266551,1.70700000,9.60000000,1.605
1749266551,1.70800000,80.20000000,1.605
1749266551,1.71000000,947.10000000,1.605
1749266551,1.71100000,88.40000000,1.605
1749266852,1.61200000,5377.70000000,1.612
1749266852,1.61300000,14850.40000000,1.612
1749266852,1.61400000,9239.60000000,1.612
1749266852,1.61500000,10945.60000000,1.612
1749266852,1.61600000,7059.80000000,1.612
1749266852,1.61700000,12581.50000000,1.612
1749266852,1.61800000,20835.70000000,1.612
1749266852,1.61900000,12663.30000000,1.612
1749266852,1.62000000,4427.60000000,1.612
1749266852,1.62100000,1225.60000000,1.612
1749266852,1.62200000,3205.00000000,1.612
1749266852,1.62300000,2226.40000000,1.612
1749266852,1.62400000,3139.60000000,1.612
1749266852,1.62500000,509.50000000,1.612
1749266852,1.62600000,4685.80000000,1.612
1749266852,1.62700000,65.20000000,1.612
1749266852,1.62800000,3927.20000000,1.612
1749266852,1.62900000,3145.50000000,1.612
1749266852,1.63000000,14594.80000000,1.612
1749266852,1.63100000,1898.00000000,1.612
1749266852,1.63200000,54.80000000,1.612
1749266852,1.63300000,514.60000000,1.612
1749266852,1.63400000,1126.60000000,1.612
1749266852,1.63500000,1646.90000000,1.612
1749266852,1.63600000,624.20000000,1.612
1749266852,1.63700000,631.60000000,1.612
1749266852,1.63800000,501.40000000,1.612
1749266852,1.63900000,532.40000000,1.612
1749266852,1.64000000,507.80000000,1.612
1749266852,1.64100000,761.70000000,1.612
1749266852,1.64200000,2391.20000000,1.612
1749266852,1.64300000,542.20000000,1.612
1749266852,1.64400000,583.10000000,1.612
1749266852,1.64500000,750.50000000,1.612
1749266852,1.64600000,13.30000000,1.612
1749266852,1.64700000,39.10000000,1.612
1749266852,1.64800000,512.10000000,1.612
1749266852,1.64900000,2340.40000000,1.612
1749266852,1.65000000,523.00000000,1.612
1749266852,1.65100000,6.40000000,1.612
1749266852,1.65200000,56.50000000,1.612
1749266852,1.65300000,12145.20000000,1.612
1749266852,1.65400000,15928.60000000,1.612
1749266852,1.65500000,1374.10000000,1.612
1749266852,1.65600000,485.40000000,1.612
1749266852,1.65700000,6.40000000,1.612
1749266852,1.65800000,10.10000000,1.612
1749266852,1.65900000,9.60000000,1.612
1749266852,1.66000000,117.70000000,1.612
1749266852,1.66100000,6.40000000,1.612
1749266852,1.66200000,23.30000000,1.612
1749266852,1.66300000,64.90000000,1.612
1749266852,1.66400000,10.30000000,1.612
1749266852,1.66500000,104.80000000,1.612
1749266852,1.66600000,119.10000000,1.612
1749266852,1.66700000,6.30000000,1.612
1749266852,1.66800000,28.90000000,1.612
1749266852,1.66900000,6255.50000000,1.612
1749266852,1.67000000,46616.00000000,1.612
1749266852,1.67100000,48.90000000,1.612
1749266852,1.67200000,34.60000000,1.612
1749266852,1.67300000,10.00000000,1.612
1749266852,1.67400000,6.30000000,1.612
1749266852,1.67500000,127.00000000,1.612
1749266852,1.67600000,107.90000000,1.612
1749266852,1.67700000,6.30000000,1.612
1749266852,1.67800000,6.30000000,1.612
1749266852,1.67900000,9.50000000,1.612
1749266852,1.68000000,4857.80000000,1.612
1749266852,1.68100000,6.30000000,1.612
1749266852,1.68200000,1657.10000000,1.612
1749266852,1.68300000,4595.20000000,1.612
1749266852,1.68400000,1077.60000000,1.612
1749266852,1.68500000,9538.40000000,1.612
1749266852,1.68600000,14512.40000000,1.612
1749266852,1.68700000,6.30000000,1.612
1749266852,1.68800000,453.80000000,1.612
1749266852,1.68900000,446.90000000,1.612
1749266852,1.69000000,449.10000000,1.612
1749266852,1.69100000,178.50000000,1.612
1749266852,1.69200000,36.60000000,1.612
1749266852,1.69300000,9.40000000,1.612
1749266852,1.69400000,102.40000000,1.612
1749266852,1.69500000,72.60000000,1.612
1749266852,1.69600000,128.20000000,1.612
1749266852,1.69700000,27.80000000,1.612
1749266852,1.69900000,34.80000000,1.612
1749266852,1.70000000,1800.80000000,1.612
1749266852,1.70300000,16.20000000,1.612
1749266852,1.70400000,517.80000000,1.612
1749266852,1.70500000,21.20000000,1.612
1749266852,1.70700000,9.60000000,1.612
1749266852,1.70800000,80.20000000,1.612
1749266852,1.71000000,947.10000000,1.612
1749266852,1.71100000,88.40000000,1.612
1749266852,1.71200000,553.90000000,1.612
1749266852,1.71400000,105.60000000,1.612
1749266852,1.71500000,4.00000000,1.612
1749266852,1.71700000,3.20000000,1.612
1749266852,1.72000000,101.30000000,1.612
1749267153,1.60900000,4975.10000000,1.609
1749267153,1.61000000,8448.30000000,1.609
1749267153,1.61100000,16344.00000000,1.609
1749267153,1.61200000,17152.60000000,1.609
1749267153,1.61300000,7897.10000000,1.609
1749267153,1.61400000,5638.20000000,1.609
1749267153,1.61500000,12518.50000000,1.609
1749267153,1.61600000,11456.20000000,1.609
1749267153,1.61700000,11653.60000000,1.609
1749267153,1.61800000,6557.20000000,1.609
1749267153,1.61900000,11108.60000000,1.609
1749267153,1.62000000,4427.60000000,1.609
1749267153,1.62100000,1024.80000000,1.609
1749267153,1.62200000,3205.00000000,1.609
1749267153,1.62300000,1148.60000000,1.609
1749267153,1.62400000,3139.60000000,1.609
1749267153,1.62500000,560.30000000,1.609
1749267153,1.62600000,4685.80000000,1.609
1749267153,1.62700000,14.40000000,1.609
1749267153,1.62800000,3927.20000000,1.609
1749267153,1.62900000,3145.50000000,1.609
1749267153,1.63000000,14594.80000000,1.609
1749267153,1.63100000,1898.00000000,1.609
1749267153,1.63200000,54.80000000,1.609
1749267153,1.63300000,514.60000000,1.609
1749267153,1.63400000,1126.60000000,1.609
1749267153,1.63500000,1903.10000000,1.609
1749267153,1.63600000,624.20000000,1.609
1749267153,1.63700000,631.60000000,1.609
1749267153,1.63800000,501.40000000,1.609
1749267153,1.63900000,532.40000000,1.609
1749267153,1.64000000,507.80000000,1.609
1749267153,1.64100000,506.90000000,1.609
1749267153,1.64200000,2391.20000000,1.609
1749267153,1.64300000,542.20000000,1.609
1749267153,1.64400000,583.10000000,1.609
1749267153,1.64500000,750.50000000,1.609
1749267153,1.64600000,13.30000000,1.609
1749267153,1.64700000,39.10000000,1.609
1749267153,1.64800000,512.10000000,1.609
1749267153,1.64900000,2340.40000000,1.609
1749267153,1.65000000,523.00000000,1.609
1749267153,1.65100000,6.40000000,1.609
1749267153,1.65200000,6225.50000000,1.609
1749267153,1.65300000,12145.20000000,1.609
1749267153,1.65400000,15433.60000000,1.609
1749267153,1.65500000,879.10000000,1.609
1749267153,1.65600000,485.40000000,1.609
1749267153,1.65700000,6.40000000,1.609
1749267153,1.65800000,10.10000000,1.609
1749267153,1.65900000,9.60000000,1.609
1749267153,1.66000000,117.70000000,1.609
1749267153,1.66100000,6.40000000,1.609
1749267153,1.66200000,23.30000000,1.609
1749267153,1.66300000,64.90000000,1.609
1749267153,1.66400000,10.30000000,1.609
1749267153,1.66500000,104.80000000,1.609
1749267153,1.66600000,119.10000000,1.609
1749267153,1.66700000,6.30000000,1.609
1749267153,1.66800000,28.90000000,1.609
1749267153,1.66900000,9357.20000000,1.609
1749267153,1.67000000,46616.00000000,1.609
1749267153,1.67100000,48.90000000,1.609
1749267153,1.67200000,34.60000000,1.609
1749267153,1.67300000,10.00000000,1.609
1749267153,1.67400000,6.30000000,1.609
1749267153,1.67500000,127.00000000,1.609
1749267153,1.67600000,107.90000000,1.609
1749267153,1.67700000,6.30000000,1.609
1749267153,1.67800000,6.30000000,1.609
1749267153,1.67900000,9.50000000,1.609
1749267153,1.68000000,4857.80000000,1.609
1749267153,1.68100000,6.30000000,1.609
1749267153,1.68200000,1657.10000000,1.609
1749267153,1.68300000,4595.20000000,1.609
1749267153,1.68400000,1077.60000000,1.609
1749267153,1.68500000,261.40000000,1.609
1749267153,1.68600000,26867.00000000,1.609
1749267153,1.68800000,453.80000000,1.609
1749267153,1.68900000,446.90000000,1.609
1749267153,1.69000000,449.10000000,1.609
1749267153,1.69100000,178.50000000,1.609
1749267153,1.69200000,36.60000000,1.609
1749267153,1.69300000,9.40000000,1.609
1749267153,1.69400000,102.40000000,1.609
1749267153,1.69500000,72.60000000,1.609
1749267153,1.69600000,128.20000000,1.609
1749267153,1.69700000,27.80000000,1.609
1749267153,1.69900000,34.80000000,1.609
1749267153,1.70000000,1800.80000000,1.609
1749267153,1.70300000,16.20000000,1.609
1749267153,1.70400000,517.80000000,1.609
1749267153,1.70500000,21.20000000,1.609
1749267153,1.70700000,9.60000000,1.609
1749267153,1.70800000,80.20000000,1.609
1749267153,1.71000000,947.10000000,1.609
1749267153,1.71100000,88.40000000,1.609
1749267153,1.71200000,553.90000000,1.609
1749267153,1.71400000,105.60000000,1.609
1749267153,1.71500000,4.00000000,1.609
1749267455,1.61200000,2947.80000000,1.611
1749267455,1.61300000,10454.00000000,1.611
1749267455,1.61400000,19087.80000000,1.611
1749267455,1.61500000,10019.40000000,1.611
1749267455,1.61600000,4876.40000000,1.611
1749267455,1.61700000,17254.50000000,1.611
1749267455,1.61800000,15095.50000000,1.611
1749267455,1.61900000,12610.20000000,1.611
1749267455,1.62000000,4812.40000000,1.611
1749267455,1.62100000,635.80000000,1.611
1749267455,1.62200000,3589.60000000,1.611
1749267455,1.62300000,1148.60000000,1.611
1749267455,1.62400000,3582.50000000,1.611
1749267455,1.62500000,509.50000000,1.611
1749267455,1.62600000,4736.60000000,1.611
1749267455,1.62700000,14.40000000,1.611
1749267455,1.62800000,3927.20000000,1.611
1749267455,1.62900000,3145.50000000,1.611
1749267455,1.63000000,14594.80000000,1.611
1749267455,1.63100000,1898.00000000,1.611
1749267455,1.63200000,54.80000000,1.611
1749267455,1.63300000,514.60000000,1.611
1749267455,1.63400000,1126.60000000,1.611
1749267455,1.63500000,1646.90000000,1.611
1749267455,1.63600000,624.20000000,1.611
1749267455,1.63700000,887.30000000,1.611
1749267455,1.63800000,501.40000000,1.611
1749267455,1.63900000,532.40000000,1.611
1749267455,1.64000000,507.80000000,1.611
1749267455,1.64100000,506.90000000,1.611
1749267455,1.64200000,2391.20000000,1.611
1749267455,1.64300000,542.20000000,1.611
1749267455,1.64400000,583.10000000,1.611
1749267455,1.64500000,750.50000000,1.611
1749267455,1.64600000,13.30000000,1.611
1749267455,1.64700000,39.10000000,1.611
1749267455,1.64800000,512.10000000,1.611
1749267455,1.64900000,2340.40000000,1.611
1749267455,1.65000000,523.00000000,1.611
1749267455,1.65100000,6.40000000,1.611
1749267455,1.65200000,551.50000000,1.611
1749267455,1.65300000,12145.20000000,1.611
1749267455,1.65400000,22097.60000000,1.611
1749267455,1.65500000,879.10000000,1.611
1749267455,1.65600000,485.40000000,1.611
1749267455,1.65700000,6.40000000,1.611
1749267455,1.65800000,10.10000000,1.611
1749267455,1.65900000,9.60000000,1.611
1749267455,1.66000000,117.70000000,1.611
1749267455,1.66100000,6.40000000,1.611
1749267455,1.66200000,23.30000000,1.611
1749267455,1.66300000,64.90000000,1.611
1749267455,1.66400000,10.30000000,1.611
1749267455,1.66500000,104.80000000,1.611
1749267455,1.66600000,119.10000000,1.611
1749267455,1.66700000,6.30000000,1.611
1749267455,1.66800000,28.90000000,1.611
1749267455,1.66900000,9357.20000000,1.611
1749267455,1.67000000,46616.00000000,1.611
1749267455,1.67100000,48.90000000,1.611
1749267455,1.67200000,34.60000000,1.611
1749267455,1.67300000,10.00000000,1.611
1749267455,1.67400000,6.30000000,1.611
1749267455,1.67500000,127.00000000,1.611
1749267455,1.67600000,107.90000000,1.611
1749267455,1.67700000,6.30000000,1.611
1749267455,1.67800000,6.30000000,1.611
1749267455,1.67900000,9.50000000,1.611
1749267455,1.68000000,4857.80000000,1.611
1749267455,1.68100000,6.30000000,1.611
1749267455,1.68200000,1657.10000000,1.611
1749267455,1.68300000,4595.20000000,1.611
1749267455,1.68400000,1077.60000000,1.611
1749267455,1.68500000,267.70000000,1.611
1749267455,1.68600000,14512.40000000,1.611
1749267455,1.68700000,6.30000000,1.611
1749267455,1.68800000,453.80000000,1.611
1749267455,1.68900000,446.90000000,1.611
1749267455,1.69000000,449.10000000,1.611
1749267455,1.69100000,178.50000000,1.611
1749267455,1.69200000,36.60000000,1.611
1749267455,1.69300000,9.40000000,1.611
1749267455,1.69400000,102.40000000,1.611
1749267455,1.69500000,72.60000000,1.611
1749267455,1.69600000,128.20000000,1.611
1749267455,1.69700000,27.80000000,1.611
1749267455,1.69900000,34.80000000,1.611
1749267455,1.70000000,1800.80000000,1.611
1749267455,1.70300000,16.20000000,1.611
1749267455,1.70400000,517.80000000,1.611
1749267455,1.70500000,21.20000000,1.611
1749267455,1.70700000,9.60000000,1.611
1749267455,1.70800000,80.20000000,1.611
1749267455,1.71000000,947.10000000,1.611
1749267455,1.71100000,88.40000000,1.611
1749267455,1.71200000,553.90000000,1.611
1749267455,1.71400000,105.60000000,1.611
1749267455,1.71500000,4.00000000,1.611
1749267455,1.71700000,3.20000000,1.611
1749267455,1.72000000,101.30000000,1.611
1749267757,1.61400000,1992.80000000,1.613
1749267757,1.61500000,12695.00000000,1.613
1749267757,1.61600000,16673.90000000,1.613
1749267757,1.61700000,14428.90000000,1.613
1749267757,1.61800000,5451.20000000,1.613
1749267757,1.61900000,12596.60000000,1.613
1749267757,1.62000000,12986.40000000,1.613
1749267757,1.62100000,4215.20000000,1.613
1749267757,1.62200000,16344.40000000,1.613
1749267757,1.62300000,1884.70000000,1.613
1749267757,1.62400000,3587.20000000,1.613
1749267757,1.62500000,509.50000000,1.613
1749267757,1.62600000,5419.00000000,1.613
1749267757,1.62700000,65.20000000,1.613
1749267757,1.62800000,3927.20000000,1.613
1749267757,1.62900000,3145.50000000,1.613
1749267757,1.63000000,14594.80000000,1.613
1749267757,1.63100000,1898.00000000,1.613
1749267757,1.63200000,54.80000000,1.613
1749267757,1.63300000,514.60000000,1.613
1749267757,1.63400000,1131.30000000,1.613
1749267757,1.63500000,1646.90000000,1.613
1749267757,1.63600000,624.20000000,1.613
1749267757,1.63700000,631.60000000,1.613
1749267757,1.63800000,501.40000000,1.613
1749267757,1.63900000,532.40000000,1.613
1749267757,1.64000000,507.80000000,1.613
1749267757,1.64100000,763.10000000,1.613
1749267757,1.64200000,2391.20000000,1.613
1749267757,1.64300000,542.20000000,1.613
1749267757,1.64400000,583.10000000,1.613
1749267757,1.64500000,750.50000000,1.613
1749267757,1.64600000,13.30000000,1.613
1749267757,1.64700000,39.10000000,1.613
1749267757,1.64800000,512.10000000,1.613
1749267757,1.64900000,2340.40000000,1.613
1749267757,1.65000000,523.00000000,1.613
1749267757,1.65100000,6.40000000,1.613
1749267757,1.65200000,551.50000000,1.613
1749267757,1.65300000,12145.20000000,1.613
1749267757,1.65400000,22097.60000000,1.613
1749267757,1.65500000,1226.40000000,1.613
1749267757,1.65600000,980.40000000,1.613
1749267757,1.65700000,6.40000000,1.613
1749267757,1.65800000,10.10000000,1.613
1749267757,1.65900000,9.60000000,1.613
1749267757,1.66000000,265.40000000,1.613
1749267757,1.66100000,6.40000000,1.613
1749267757,1.66200000,23.30000000,1.613
1749267757,1.66300000,64.90000000,1.613
1749267757,1.66400000,10.30000000,1.613
1749267757,1.66500000,104.80000000,1.613
1749267757,1.66600000,119.10000000,1.613
1749267757,1.66700000,6.30000000,1.613
1749267757,1.66800000,28.90000000,1.613
1749267757,1.66900000,9357.20000000,1.613
1749267757,1.67000000,46616.00000000,1.613
1749267757,1.67100000,48.90000000,1.613
1749267757,1.67200000,34.60000000,1.613
1749267757,1.67300000,10.00000000,1.613
1749267757,1.67400000,6.30000000,1.613
1749267757,1.67500000,127.00000000,1.613
1749267757,1.67600000,107.90000000,1.613
1749267757,1.67700000,6.30000000,1.613
1749267757,1.67800000,6.30000000,1.613
1749267757,1.67900000,9.50000000,1.613
1749267757,1.68000000,4857.80000000,1.613
1749267757,1.68100000,6.30000000,1.613
1749267757,1.68200000,1657.10000000,1.613
1749267757,1.68300000,4595.20000000,1.613
1749267757,1.68400000,1077.60000000,1.613
1749267757,1.68500000,267.70000000,1.613
1749267757,1.68600000,14512.40000000,1.613
1749267757,1.68700000,6.30000000,1.613
1749267757,1.68800000,460.10000000,1.613
1749267757,1.68900000,453.20000000,1.613
1749267757,1.69000000,449.10000000,1.613
1749267757,1.69100000,178.50000000,1.613
1749267757,1.69200000,36.60000000,1.613
1749267757,1.69300000,9.40000000,1.613
1749267757,1.69400000,102.40000000,1.613
1749267757,1.69500000,72.60000000,1.613
1749267757,1.69600000,128.20000000,1.613
1749267757,1.69700000,27.80000000,1.613
1749267757,1.69900000,34.80000000,1.613
1749267757,1.70000000,1800.80000000,1.613
1749267757,1.70300000,16.20000000,1.613
1749267757,1.70400000,517.80000000,1.613
1749267757,1.70500000,21.20000000,1.613
1749267757,1.70700000,9.60000000,1.613
1749267757,1.70800000,80.20000000,1.613
1749267757,1.71000000,947.10000000,1.613
1749267757,1.71100000,88.40000000,1.613
1749267757,1.71200000,553.90000000,1.613
1749267757,1.71400000,105.60000000,1.613
