timestamp,price,volume,current_price
1749254605,1.57400000,801.90000000,1.573
1749254605,1.57500000,11681.20000000,1.573
1749254605,1.57600000,27019.30000000,1.573
1749254605,1.57700000,11622.20000000,1.573
1749254605,1.57800000,13129.70000000,1.573
1749254605,1.57900000,13948.70000000,1.573
1749254605,1.58000000,5404.80000000,1.573
1749254605,1.58100000,4262.60000000,1.573
1749254605,1.58200000,4261.10000000,1.573
1749254605,1.58300000,13224.40000000,1.573
1749254605,1.58400000,3392.50000000,1.573
1749254605,1.58500000,4206.70000000,1.573
1749254605,1.58600000,3965.40000000,1.573
1749254605,1.58700000,3049.60000000,1.573
1749254605,1.58800000,3267.00000000,1.573
1749254605,1.58900000,3215.60000000,1.573
1749254605,1.59000000,6662.10000000,1.573
1749254605,1.59100000,2684.00000000,1.573
1749254605,1.59200000,1386.60000000,1.573
1749254605,1.59300000,835.60000000,1.573
1749254605,1.59400000,1920.30000000,1.573
1749254605,1.59500000,830.10000000,1.573
1749254605,1.59600000,2185.50000000,1.573
1749254605,1.59700000,1017.30000000,1.573
1749254605,1.59800000,1483.40000000,1.573
1749254605,1.59900000,1111.80000000,1.573
1749254605,1.60000000,764.80000000,1.573
1749254605,1.60100000,1482.70000000,1.573
1749254605,1.60200000,761.40000000,1.573
1749254605,1.60300000,767.80000000,1.573
1749254605,1.60400000,813.80000000,1.573
1749254605,1.60500000,2067.60000000,1.573
1749254605,1.60600000,18.10000000,1.573
1749254605,1.60700000,14.40000000,1.573
1749254605,1.60800000,11.20000000,1.573
1749254605,1.60900000,113.50000000,1.573
1749254605,1.61000000,64.40000000,1.573
1749254605,1.61100000,16.20000000,1.573
1749254605,1.61200000,49.40000000,1.573
1749254605,1.61300000,1836.30000000,1.573
1749254605,1.61400000,23.40000000,1.573
1749254605,1.61500000,38.80000000,1.573
1749254605,1.61600000,40.50000000,1.573
1749254605,1.61700000,159.70000000,1.573
1749254605,1.61800000,6.40000000,1.573
1749254605,1.61900000,696.70000000,1.573
1749254605,1.62000000,1903.10000000,1.573
1749254605,1.62100000,161.00000000,1.573
1749254605,1.62200000,12.80000000,1.573
1749254605,1.62300000,403.90000000,1.573
1749254605,1.62400000,10.40000000,1.573
1749254605,1.62500000,9.80000000,1.573
1749254605,1.62600000,308.90000000,1.573
1749254605,1.62700000,13.40000000,1.573
1749254605,1.62800000,160.00000000,1.573
1749254605,1.62900000,17626.70000000,1.573
1749254605,1.63000000,14095.10000000,1.573
1749254605,1.63100000,773.10000000,1.573
1749254605,1.63200000,50.10000000,1.573
1749254605,1.63300000,14.90000000,1.573
1749254605,1.63400000,6.40000000,1.573
1749254605,1.63500000,725.10000000,1.573
1749254605,1.63600000,129.20000000,1.573
1749254605,1.63700000,6.40000000,1.573
1749254605,1.63800000,6.40000000,1.573
1749254605,1.63900000,37.40000000,1.573
1749254605,1.64000000,12.80000000,1.573
1749254605,1.64100000,11.90000000,1.573
1749254605,1.64200000,9584.90000000,1.573
1749254605,1.64300000,44540.30000000,1.573
1749254605,1.64400000,88.10000000,1.573
1749254605,1.64500000,28.70000000,1.573
1749254605,1.64600000,17.60000000,1.573
1749254605,1.64700000,39.10000000,1.573
1749254605,1.64800000,17.10000000,1.573
1749254605,1.64900000,18.70000000,1.573
1749254605,1.65000000,702.60000000,1.573
1749254605,1.65200000,50.10000000,1.573
1749254605,1.65300000,32.80000000,1.573
1749254605,1.65400000,15427.20000000,1.573
1749254605,1.65500000,106.60000000,1.573
1749254605,1.65600000,89.30000000,1.573
1749254605,1.65700000,36.60000000,1.573
1749254605,1.65800000,3.70000000,1.573
1749254605,1.65900000,9.20000000,1.573
1749254605,1.66000000,111.30000000,1.573
1749254605,1.66200000,16.90000000,1.573
1749254605,1.66300000,58.50000000,1.573
1749254605,1.66400000,3.90000000,1.573
1749254605,1.66500000,92.30000000,1.573
1749254605,1.66600000,112.70000000,1.573
1749254605,1.66800000,16.60000000,1.573
1749254605,1.66900000,80.20000000,1.573
1749254605,1.67000000,1335.80000000,1.573
1749254605,1.67100000,36.60000000,1.573
1749254605,1.67200000,10.30000000,1.573
1749254605,1.67300000,3.70000000,1.573
1749254605,1.67400000,7.20000000,1.573
1749254605,1.67500000,105.80000000,1.573
1749254605,1.67600000,101.60000000,1.573
1749254911,1.57300000,5752.10000000,1.573
1749254911,1.57400000,13952.00000000,1.573
1749254911,1.57500000,11770.80000000,1.573
1749254911,1.57600000,16197.00000000,1.573
1749254911,1.57700000,8926.40000000,1.573
1749254911,1.57800000,13663.40000000,1.573
1749254911,1.57900000,13959.20000000,1.573
1749254911,1.58000000,15321.10000000,1.573
1749254911,1.58100000,3995.40000000,1.573
1749254911,1.58200000,4245.30000000,1.573
1749254911,1.58300000,3767.20000000,1.573
1749254911,1.58400000,3392.50000000,1.573
1749254911,1.58500000,3076.40000000,1.573
1749254911,1.58600000,6723.00000000,1.573
1749254911,1.58700000,3049.60000000,1.573
1749254911,1.58800000,3267.00000000,1.573
1749254911,1.58900000,3215.60000000,1.573
1749254911,1.59000000,3267.00000000,1.573
1749254911,1.59100000,2684.00000000,1.573
1749254911,1.59200000,1386.60000000,1.573
1749254911,1.59300000,835.60000000,1.573
1749254911,1.59400000,1920.30000000,1.573
1749254911,1.59500000,830.10000000,1.573
1749254911,1.59600000,2185.50000000,1.573
1749254911,1.59700000,761.40000000,1.573
1749254911,1.59800000,1739.60000000,1.573
1749254911,1.59900000,1111.80000000,1.573
1749254911,1.60000000,764.80000000,1.573
1749254911,1.60100000,1482.70000000,1.573
1749254911,1.60200000,761.40000000,1.573
1749254911,1.60300000,767.80000000,1.573
1749254911,1.60400000,813.80000000,1.573
1749254911,1.60500000,2067.60000000,1.573
1749254911,1.60600000,18.10000000,1.573
1749254911,1.60700000,14.40000000,1.573
1749254911,1.60800000,11.20000000,1.573
1749254911,1.60900000,113.50000000,1.573
1749254911,1.61000000,64.40000000,1.573
1749254911,1.61100000,16.20000000,1.573
1749254911,1.61200000,49.40000000,1.573
1749254911,1.61300000,1836.30000000,1.573
1749254911,1.61400000,23.40000000,1.573
1749254911,1.61500000,38.80000000,1.573
1749254911,1.61600000,40.50000000,1.573
1749254911,1.61700000,159.70000000,1.573
1749254911,1.61800000,6.40000000,1.573
1749254911,1.61900000,696.70000000,1.573
1749254911,1.62000000,1903.10000000,1.573
1749254911,1.62100000,161.00000000,1.573
1749254911,1.62200000,12.80000000,1.573
1749254911,1.62300000,403.90000000,1.573
1749254911,1.62400000,10.40000000,1.573
1749254911,1.62500000,9.80000000,1.573
1749254911,1.62600000,308.90000000,1.573
1749254911,1.62700000,13.40000000,1.573
1749254911,1.62800000,160.00000000,1.573
1749254911,1.62900000,17626.70000000,1.573
1749254911,1.63000000,14095.10000000,1.573
1749254911,1.63100000,773.10000000,1.573
1749254911,1.63200000,50.10000000,1.573
1749254911,1.63300000,14.90000000,1.573
1749254911,1.63400000,6.40000000,1.573
1749254911,1.63500000,725.10000000,1.573
1749254911,1.63600000,129.20000000,1.573
1749254911,1.63700000,6.40000000,1.573
1749254911,1.63800000,6.40000000,1.573
1749254911,1.63900000,37.40000000,1.573
1749254911,1.64000000,12.80000000,1.573
1749254911,1.64100000,11.90000000,1.573
1749254911,1.64200000,9584.90000000,1.573
1749254911,1.64300000,44540.30000000,1.573
1749254911,1.64400000,88.10000000,1.573
1749254911,1.64500000,28.70000000,1.573
1749254911,1.64600000,17.60000000,1.573
1749254911,1.64700000,39.10000000,1.573
1749254911,1.64800000,17.10000000,1.573
1749254911,1.64900000,12.30000000,1.573
1749254911,1.65000000,702.60000000,1.573
1749254911,1.65200000,50.10000000,1.573
1749254911,1.65300000,32.80000000,1.573
1749254911,1.65400000,15427.20000000,1.573
1749254911,1.65500000,106.60000000,1.573
1749254911,1.65600000,89.30000000,1.573
1749254911,1.65700000,36.60000000,1.573
1749254911,1.65800000,3.70000000,1.573
1749254911,1.65900000,9.20000000,1.573
1749254911,1.66000000,111.30000000,1.573
1749254911,1.66200000,16.90000000,1.573
1749254911,1.66300000,58.50000000,1.573
1749254911,1.66400000,3.90000000,1.573
1749254911,1.66500000,92.30000000,1.573
1749254911,1.66600000,112.70000000,1.573
1749254911,1.66800000,16.60000000,1.573
1749254911,1.66900000,80.20000000,1.573
1749254911,1.67000000,1335.80000000,1.573
1749254911,1.67100000,36.60000000,1.573
1749254911,1.67200000,10.30000000,1.573
1749254911,1.67300000,3.70000000,1.573
1749254911,1.67400000,7.20000000,1.573
1749254911,1.67500000,105.80000000,1.573
