timestamp,price,volume,current_price
1749258290,0.37550000,8761.80000000,0.3756
1749258290,0.37560000,13085.00000000,0.3756
1749258290,0.37570000,13773.60000000,0.3756
1749258290,0.37580000,41587.40000000,0.3756
1749258290,0.37590000,66706.60000000,0.3756
1749258290,0.37600000,39475.20000000,0.3756
1749258290,0.37610000,41281.60000000,0.3756
1749258290,0.37620000,45368.80000000,0.3756
1749258290,0.37630000,27142.40000000,0.3756
1749258290,0.37640000,43709.70000000,0.3756
1749258290,0.37650000,10769.30000000,0.3756
1749258290,0.37660000,6321.40000000,0.3756
1749258290,0.37670000,3072.90000000,0.3756
1749258290,0.37680000,14864.90000000,0.3756
1749258290,0.37690000,22757.30000000,0.3756
1749258290,0.37700000,11837.80000000,0.3756
1749258290,0.37710000,11171.50000000,0.3756
1749258290,0.37720000,5892.80000000,0.3756
1749258290,0.37730000,11829.70000000,0.3756
1749258290,0.37740000,8153.00000000,0.3756
1749258290,0.37750000,118488.00000000,0.3756
1749258290,0.37760000,11849.00000000,0.3756
1749258290,0.37770000,11151.50000000,0.3756
1749258290,0.37780000,5864.90000000,0.3756
1749258290,0.37790000,11810.50000000,0.3756
1749258290,0.37800000,8598.80000000,0.3756
1749258290,0.37810000,3941.70000000,0.3756
1749258290,0.37820000,9611.90000000,0.3756
1749258290,0.37830000,9647.00000000,0.3756
1749258290,0.37840000,9669.20000000,0.3756
1749258290,0.37850000,2519.60000000,0.3756
1749258290,0.37860000,11029.50000000,0.3756
1749258290,0.37870000,4248.20000000,0.3756
1749258290,0.37880000,46.80000000,0.3756
1749258290,0.37890000,3534.70000000,0.3756
1749258290,0.37900000,8604.60000000,0.3756
1749258290,0.37910000,27.00000000,0.3756
1749258290,0.37920000,6440.10000000,0.3756
1749258290,0.37930000,5276.30000000,0.3756
1749258290,0.37940000,70.20000000,0.3756
1749258290,0.37950000,26.90000000,0.3756
1749258290,0.37960000,8604.70000000,0.3756
1749258290,0.37970000,26.90000000,0.3756
1749258290,0.37980000,46.90000000,0.3756
1749258290,0.37990000,5257.70000000,0.3756
1749258290,0.38000000,4918.40000000,0.3756
1749258290,0.38010000,26.90000000,0.3756
1749258290,0.38020000,6758.90000000,0.3756
1749258290,0.38030000,2642.30000000,0.3756
1749258290,0.38040000,17450.40000000,0.3756
1749258290,0.38050000,35662.10000000,0.3756
1749258290,0.38060000,8688.40000000,0.3756
1749258290,0.38070000,26.90000000,0.3756
1749258290,0.38080000,171.80000000,0.3756
1749258290,0.38090000,2642.20000000,0.3756
1749258290,0.38100000,89327.80000000,0.3756
1749258290,0.38110000,3074.20000000,0.3756
1749258290,0.38120000,5776.00000000,0.3756
1749258290,0.38130000,497.10000000,0.3756
1749258290,0.38140000,26411.00000000,0.3756
1749258290,0.38150000,26.80000000,0.3756
1749258290,0.38160000,18268.40000000,0.3756
1749258290,0.38170000,26.80000000,0.3756
1749258290,0.38180000,13360.20000000,0.3756
1749258290,0.38190000,2642.20000000,0.3756
1749258290,0.38200000,53.50000000,0.3756
1749258290,0.38210000,26.80000000,0.3756
1749258290,0.38220000,10026.70000000,0.3756
1749258290,0.38230000,26.70000000,0.3756
1749258290,0.38240000,60.40000000,0.3756
1749258290,0.38250000,115.10000000,0.3756
1749258290,0.38260000,507380.10000000,0.3756
1749258290,0.38270000,26.70000000,0.3756
1749258290,0.38280000,42.40000000,0.3756
1749258290,0.38290000,13170.80000000,0.3756
1749258290,0.38300000,55.50000000,0.3756
1749258290,0.38320000,2186.30000000,0.3756
1749258290,0.38350000,448.90000000,0.3756
1749258290,0.38360000,164.60000000,0.3756
1749258290,0.38380000,327.70000000,0.3756
1749258290,0.38390000,59.60000000,0.3756
1749258290,0.38400000,19.20000000,0.3756
1749258290,0.38410000,1051.60000000,0.3756
1749258290,0.38420000,23.30000000,0.3756
1749258290,0.38430000,4222.80000000,0.3756
1749258290,0.38460000,1260.70000000,0.3756
1749258290,0.38470000,54.30000000,0.3756
1749258290,0.38480000,13341.30000000,0.3756
1749258290,0.38490000,34.50000000,0.3756
1749258290,0.38500000,2609.70000000,0.3756
1749258290,0.38510000,4190.10000000,0.3756
1749258290,0.38530000,18.00000000,0.3756
1749258290,0.38540000,37.70000000,0.3756
1749258290,0.38550000,28374.50000000,0.3756
1749258290,0.38560000,18.20000000,0.3756
1749258290,0.38570000,23.30000000,0.3756
1749258290,0.38580000,516.20000000,0.3756
1749258290,0.38600000,70.50000000,0.3756
1749258290,0.38610000,200.00000000,0.3756
1749258290,0.38620000,178.40000000,0.3756
1749258598,0.37570000,7717.30000000,0.3756
1749258598,0.37580000,17111.60000000,0.3756
1749258598,0.37590000,33226.40000000,0.3756
1749258598,0.37600000,31304.60000000,0.3756
1749258598,0.37610000,70464.50000000,0.3756
1749258598,0.37620000,60233.70000000,0.3756
1749258598,0.37630000,28128.10000000,0.3756
1749258598,0.37640000,46050.00000000,0.3756
1749258598,0.37650000,19965.10000000,0.3756
1749258598,0.37660000,33820.70000000,0.3756
1749258598,0.37670000,5732.40000000,0.3756
1749258598,0.37680000,29189.50000000,0.3756
1749258598,0.37690000,4221.20000000,0.3756
1749258598,0.37700000,11837.80000000,0.3756
1749258598,0.37710000,11103.50000000,0.3756
1749258598,0.37720000,5895.40000000,0.3756
1749258598,0.37730000,11828.40000000,0.3756
1749258598,0.37740000,13082.70000000,0.3756
1749258598,0.37750000,12045.20000000,0.3756
1749258598,0.37760000,11849.00000000,0.3756
1749258598,0.37770000,117481.80000000,0.3756
1749258598,0.37780000,9879.40000000,0.3756
1749258598,0.37790000,11810.50000000,0.3756
1749258598,0.37800000,4558.00000000,0.3756
1749258598,0.37810000,8872.90000000,0.3756
1749258598,0.37820000,8725.20000000,0.3756
1749258598,0.37830000,5739.90000000,0.3756
1749258598,0.37840000,8769.20000000,0.3756
1749258598,0.37850000,2519.60000000,0.3756
1749258598,0.37860000,10962.90000000,0.3756
1749258598,0.37870000,4248.20000000,0.3756
1749258598,0.37880000,46.80000000,0.3756
1749258598,0.37890000,3534.70000000,0.3756
1749258598,0.37900000,8604.60000000,0.3756
1749258598,0.37910000,27.00000000,0.3756
1749258598,0.37920000,6440.10000000,0.3756
1749258598,0.37930000,38193.50000000,0.3756
1749258598,0.37940000,13386.50000000,0.3756
1749258598,0.37950000,26.90000000,0.3756
1749258598,0.37960000,8604.70000000,0.3756
1749258598,0.37970000,26.90000000,0.3756
1749258598,0.37980000,46.90000000,0.3756
1749258598,0.37990000,5257.70000000,0.3756
1749258598,0.38000000,4918.40000000,0.3756
1749258598,0.38010000,6026.90000000,0.3756
1749258598,0.38020000,6758.90000000,0.3756
1749258598,0.38030000,2642.30000000,0.3756
1749258598,0.38040000,4275.20000000,0.3756
1749258598,0.38050000,2642.30000000,0.3756
1749258598,0.38060000,2688.40000000,0.3756
1749258598,0.38070000,26.90000000,0.3756
1749258598,0.38080000,15496.10000000,0.3756
1749258598,0.38090000,28937.20000000,0.3756
1749258598,0.38100000,1849.20000000,0.3756
1749258598,0.38110000,3074.20000000,0.3756
1749258598,0.38120000,77594.00000000,0.3756
1749258598,0.38130000,497.10000000,0.3756
1749258598,0.38140000,116.00000000,0.3756
1749258598,0.38150000,13526.80000000,0.3756
1749258598,0.38160000,4768.40000000,0.3756
1749258598,0.38170000,9360.20000000,0.3756
1749258598,0.38180000,4026.80000000,0.3756
1749258598,0.38190000,2642.20000000,0.3756
1749258598,0.38200000,53.50000000,0.3756
1749258598,0.38210000,26.80000000,0.3756
1749258598,0.38220000,10026.70000000,0.3756
1749258598,0.38230000,26.70000000,0.3756
1749258598,0.38240000,60.40000000,0.3756
1749258598,0.38250000,13259.20000000,0.3756
1749258598,0.38260000,50.00000000,0.3756
1749258598,0.38270000,26.70000000,0.3756
1749258598,0.38280000,518984.80000000,0.3756
1749258598,0.38290000,26.70000000,0.3756
1749258598,0.38300000,55.50000000,0.3756
1749258598,0.38310000,26.70000000,0.3756
1749258598,0.38320000,2213.00000000,0.3756
1749258598,0.38350000,448.90000000,0.3756
1749258598,0.38360000,164.60000000,0.3756
1749258598,0.38380000,327.70000000,0.3756
1749258598,0.38390000,59.60000000,0.3756
1749258598,0.38400000,19.20000000,0.3756
1749258598,0.38410000,1051.60000000,0.3756
1749258598,0.38420000,23.30000000,0.3756
1749258598,0.38430000,4222.80000000,0.3756
1749258598,0.38460000,1260.70000000,0.3756
1749258598,0.38470000,54.30000000,0.3756
1749258598,0.38480000,13341.30000000,0.3756
1749258598,0.38490000,34.50000000,0.3756
1749258598,0.38500000,2609.70000000,0.3756
1749258598,0.38510000,4190.10000000,0.3756
1749258598,0.38530000,18.00000000,0.3756
1749258598,0.38540000,37.70000000,0.3756
1749258598,0.38550000,131.90000000,0.3756
1749258598,0.38560000,18.20000000,0.3756
1749258598,0.38570000,23.30000000,0.3756
1749258598,0.38580000,516.20000000,0.3756
1749258598,0.38600000,28165.10000000,0.3756
1749258598,0.38610000,200.00000000,0.3756
1749258598,0.38620000,178.40000000,0.3756
1749258598,0.38630000,199.40000000,0.3756
1749258924,0.37600000,12954.20000000,0.376
1749258924,0.37610000,10199.30000000,0.376
1749258924,0.37620000,18452.90000000,0.376
1749258924,0.37630000,35944.40000000,0.376
1749258924,0.37640000,52647.70000000,0.376
1749258924,0.37650000,63428.30000000,0.376
1749258924,0.37660000,47079.10000000,0.376
1749258924,0.37670000,23813.90000000,0.376
1749258924,0.37680000,38008.80000000,0.376
1749258924,0.37690000,5363.80000000,0.376
1749258924,0.37700000,11844.30000000,0.376
1749258924,0.37710000,37411.50000000,0.376
1749258924,0.37720000,966.80000000,0.376
1749258924,0.37730000,6905.00000000,0.376
1749258924,0.37740000,6264.10000000,0.376
1749258924,0.37750000,9964.30000000,0.376
1749258924,0.37760000,29776.60000000,0.376
1749258924,0.37770000,12352.80000000,0.376
1749258924,0.37780000,5866.20000000,0.376
1749258924,0.37790000,13077.40000000,0.376
1749258924,0.37800000,8596.00000000,0.376
1749258924,0.37810000,8872.90000000,0.376
1749258924,0.37820000,118631.90000000,0.376
1749258924,0.37830000,9768.50000000,0.376
1749258924,0.37840000,14301.40000000,0.376
1749258924,0.37850000,7444.30000000,0.376
1749258924,0.37860000,15947.50000000,0.376
1749258924,0.37870000,5540.80000000,0.376
1749258924,0.37880000,3813.60000000,0.376
1749258924,0.37890000,3534.70000000,0.376
1749258924,0.37900000,8604.60000000,0.376
1749258924,0.37910000,27.00000000,0.376
1749258924,0.37920000,6506.60000000,0.376
1749258924,0.37930000,19338.20000000,0.376
1749258924,0.37940000,13386.50000000,0.376
1749258924,0.37950000,26.90000000,0.376
1749258924,0.37960000,8604.70000000,0.376
1749258924,0.37970000,26.90000000,0.376
1749258924,0.37980000,113.40000000,0.376
1749258924,0.37990000,5257.70000000,0.376
1749258924,0.38000000,4918.40000000,0.376
1749258924,0.38010000,26.90000000,0.376
1749258924,0.38020000,3063.10000000,0.376
1749258924,0.38030000,2642.30000000,0.376
1749258924,0.38040000,4341.70000000,0.376
1749258924,0.38050000,2642.30000000,0.376
1749258924,0.38060000,2688.40000000,0.376
1749258924,0.38070000,19768.90000000,0.376
1749258924,0.38080000,15496.10000000,0.376
1749258924,0.38090000,8642.20000000,0.376
1749258924,0.38100000,5264.60000000,0.376
1749258924,0.38110000,3074.20000000,0.376
1749258924,0.38120000,5776.00000000,0.376
1749258924,0.38130000,497.10000000,0.376
1749258924,0.38140000,116.00000000,0.376
1749258924,0.38150000,26.80000000,0.376
1749258924,0.38160000,31129.90000000,0.376
1749258924,0.38170000,71761.20000000,0.376
1749258924,0.38180000,4026.80000000,0.376
1749258924,0.38190000,2642.20000000,0.376
1749258924,0.38200000,53.50000000,0.376
1749258924,0.38210000,26.80000000,0.376
1749258924,0.38220000,10093.10000000,0.376
1749258924,0.38230000,13526.70000000,0.376
1749258924,0.38240000,60.40000000,0.376
1749258924,0.38250000,9448.50000000,0.376
1749258924,0.38260000,50.00000000,0.376
1749258924,0.38270000,26.70000000,0.376
1749258924,0.38280000,42.40000000,0.376
1749258924,0.38290000,26.70000000,0.376
1749258924,0.38300000,55.50000000,0.376
1749258924,0.38310000,13170.80000000,0.376
1749258924,0.38320000,509176.10000000,0.376
1749258924,0.38330000,26.70000000,0.376
1749258924,0.38340000,26.70000000,0.376
1749258924,0.38350000,475.60000000,0.376
1749258924,0.38360000,164.60000000,0.376
1749258924,0.38380000,327.70000000,0.376
1749258924,0.38390000,59.60000000,0.376
1749258924,0.38400000,19.20000000,0.376
1749258924,0.38420000,23.30000000,0.376
1749258924,0.38460000,1260.70000000,0.376
1749258924,0.38470000,54.30000000,0.376
1749258924,0.38480000,13341.30000000,0.376
1749258924,0.38490000,34.50000000,0.376
1749258924,0.38500000,2609.70000000,0.376
1749258924,0.38510000,5241.70000000,0.376
1749258924,0.38520000,4020.90000000,0.376
1749258924,0.38530000,18.00000000,0.376
1749258924,0.38540000,37.70000000,0.376
1749258924,0.38550000,131.90000000,0.376
1749258924,0.38560000,18.20000000,0.376
1749258924,0.38570000,23.30000000,0.376
1749258924,0.38580000,516.20000000,0.376
1749258924,0.38600000,28165.10000000,0.376
1749258924,0.38610000,200.00000000,0.376
1749258924,0.38620000,178.40000000,0.376
1749258924,0.38630000,199.40000000,0.376
1749258924,0.38650000,2126.20000000,0.376
1749258924,0.38660000,76.40000000,0.376
1749259225,0.37520000,1151.80000000,0.3752
1749259225,0.37530000,12393.20000000,0.3752
1749259225,0.37540000,25952.00000000,0.3752
1749259225,0.37550000,68283.20000000,0.3752
1749259225,0.37560000,56811.70000000,0.3752
1749259225,0.37570000,24886.80000000,0.3752
1749259225,0.37580000,32583.00000000,0.3752
1749259225,0.37590000,70475.10000000,0.3752
1749259225,0.37600000,25896.60000000,0.3752
1749259225,0.37610000,13513.90000000,0.3752
1749259225,0.37620000,43038.70000000,0.3752
1749259225,0.37630000,1986.70000000,0.3752
1749259225,0.37640000,6909.00000000,0.3752
1749259225,0.37650000,6665.90000000,0.3752
1749259225,0.37660000,15983.50000000,0.3752
1749259225,0.37670000,11051.30000000,0.3752
1749259225,0.37680000,12206.40000000,0.3752
1749259225,0.37690000,5876.60000000,0.3752
1749259225,0.37700000,13113.70000000,0.3752
1749259225,0.37710000,17834.70000000,0.3752
1749259225,0.37720000,112410.30000000,0.3752
1749259225,0.37730000,12423.80000000,0.3752
1749259225,0.37740000,12407.50000000,0.3752
1749259225,0.37750000,9022.40000000,0.3752
1749259225,0.37760000,10943.70000000,0.3752
1749259225,0.37770000,11485.30000000,0.3752
1749259225,0.37780000,13419.50000000,0.3752
1749259225,0.37790000,5992.40000000,0.3752
1749259225,0.37800000,2997.10000000,0.3752
1749259225,0.37810000,2815.90000000,0.3752
1749259225,0.37820000,6532.60000000,0.3752
1749259225,0.37830000,4839.90000000,0.3752
1749259225,0.37840000,9655.90000000,0.3752
1749259225,0.37850000,1287.40000000,0.3752
1749259225,0.37860000,11029.40000000,0.3752
1749259225,0.37870000,4248.20000000,0.3752
1749259225,0.37880000,46.80000000,0.3752
1749259225,0.37890000,3534.70000000,0.3752
1749259225,0.37900000,8604.60000000,0.3752
1749259225,0.37910000,27.00000000,0.3752
1749259225,0.37920000,6506.60000000,0.3752
1749259225,0.37930000,5276.30000000,0.3752
1749259225,0.37940000,70.20000000,0.3752
1749259225,0.37950000,26.90000000,0.3752
1749259225,0.37960000,8604.70000000,0.3752
1749259225,0.37970000,26.90000000,0.3752
1749259225,0.37980000,17286.30000000,0.3752
1749259225,0.37990000,20689.80000000,0.3752
1749259225,0.38000000,4918.40000000,0.3752
1749259225,0.38010000,26.90000000,0.3752
1749259225,0.38020000,9063.10000000,0.3752
1749259225,0.38030000,2642.30000000,0.3752
1749259225,0.38040000,4341.70000000,0.3752
1749259225,0.38050000,2642.30000000,0.3752
1749259225,0.38060000,22430.40000000,0.3752
1749259225,0.38070000,71938.80000000,0.3752
1749259225,0.38080000,171.80000000,0.3752
1749259225,0.38090000,2642.20000000,0.3752
1749259225,0.38100000,1915.70000000,0.3752
1749259225,0.38110000,13958.80000000,0.3752
1749259225,0.38120000,5776.00000000,0.3752
1749259225,0.38130000,9715.30000000,0.3752
1749259225,0.38140000,116.00000000,0.3752
1749259225,0.38150000,26.80000000,0.3752
1749259225,0.38160000,4834.90000000,0.3752
1749259225,0.38170000,26.80000000,0.3752
1749259225,0.38180000,4026.80000000,0.3752
1749259225,0.38190000,2642.20000000,0.3752
1749259225,0.38200000,53.50000000,0.3752
1749259225,0.38210000,26.80000000,0.3752
1749259225,0.38220000,10026.70000000,0.3752
1749259225,0.38230000,39465.80000000,0.3752
1749259225,0.38240000,501774.20000000,0.3752
1749259225,0.38250000,115.10000000,0.3752
1749259225,0.38260000,50.00000000,0.3752
1749259225,0.38270000,26.70000000,0.3752
1749259225,0.38280000,15.70000000,0.3752
1749259225,0.38300000,28.80000000,0.3752
1749259225,0.38310000,115.20000000,0.3752
1749259225,0.38320000,2186.30000000,0.3752
1749259225,0.38350000,448.90000000,0.3752
1749259225,0.38360000,164.60000000,0.3752
1749259225,0.38380000,327.70000000,0.3752
1749259225,0.38390000,59.60000000,0.3752
1749259225,0.38400000,19.20000000,0.3752
1749259225,0.38410000,1051.60000000,0.3752
1749259225,0.38420000,23.30000000,0.3752
1749259225,0.38440000,2998.20000000,0.3752
1749259225,0.38460000,1260.70000000,0.3752
1749259225,0.38470000,54.30000000,0.3752
1749259225,0.38480000,13341.30000000,0.3752
1749259225,0.38490000,34.50000000,0.3752
1749259225,0.38500000,2609.70000000,0.3752
1749259225,0.38510000,1155.80000000,0.3752
1749259225,0.38520000,3034.30000000,0.3752
1749259225,0.38530000,18.00000000,0.3752
1749259225,0.38540000,37.70000000,0.3752
1749259225,0.38550000,131.90000000,0.3752
1749259225,0.38560000,18.20000000,0.3752
1749259225,0.38570000,23.30000000,0.3752
