timestamp,price,volume,current_price
1749254517,0.37300000,7349.80000000,0.3729
1749254517,0.37310000,13045.90000000,0.3729
1749254517,0.37320000,17287.40000000,0.3729
1749254517,0.37330000,15534.10000000,0.3729
1749254517,0.37340000,11578.00000000,0.3729
1749254517,0.37350000,19460.50000000,0.3729
1749254517,0.37360000,20807.20000000,0.3729
1749254517,0.37370000,19813.80000000,0.3729
1749254517,0.37380000,31191.50000000,0.3729
1749254517,0.37390000,11840.20000000,0.3729
1749254517,0.37400000,40089.30000000,0.3729
1749254517,0.37410000,9571.80000000,0.3729
1749254517,0.37420000,4377.30000000,0.3729
1749254517,0.37430000,9484.60000000,0.3729
1749254517,0.37440000,8747.50000000,0.3729
1749254517,0.37450000,7480.70000000,0.3729
1749254517,0.37460000,9802.50000000,0.3729
1749254517,0.37470000,14541.80000000,0.3729
1749254517,0.37480000,12103.10000000,0.3729
1749254517,0.37490000,14451.50000000,0.3729
1749254517,0.37500000,14201.80000000,0.3729
1749254517,0.37510000,121358.00000000,0.3729
1749254517,0.37520000,8558.50000000,0.3729
1749254517,0.37530000,17049.20000000,0.3729
1749254517,0.37540000,20681.50000000,0.3729
1749254517,0.37550000,11090.60000000,0.3729
1749254517,0.37560000,8593.40000000,0.3729
1749254517,0.37570000,6869.10000000,0.3729
1749254517,0.37580000,4448.80000000,0.3729
1749254517,0.37590000,8651.50000000,0.3729
1749254517,0.37600000,122.60000000,0.3729
1749254517,0.37610000,2668.20000000,0.3729
1749254517,0.37620000,3218.90000000,0.3729
1749254517,0.37630000,4278.30000000,0.3729
1749254517,0.37640000,2662.20000000,0.3729
1749254517,0.37650000,26.70000000,0.3729
1749254517,0.37660000,2662.20000000,0.3729
1749254517,0.37670000,4768.30000000,0.3729
1749254517,0.37680000,46.80000000,0.3729
1749254517,0.37690000,570.10000000,0.3729
1749254517,0.37700000,46.80000000,0.3729
1749254517,0.37710000,9219.40000000,0.3729
1749254517,0.37720000,46.80000000,0.3729
1749254517,0.37730000,42.60000000,0.3729
1749254517,0.37740000,5277.60000000,0.3729
1749254517,0.37750000,33032.30000000,0.3729
1749254517,0.37760000,15575.20000000,0.3729
1749254517,0.37770000,8774.40000000,0.3729
1749254517,0.37780000,46.80000000,0.3729
1749254517,0.37790000,50.00000000,0.3729
1749254517,0.37800000,2704.80000000,0.3729
1749254517,0.37810000,26.70000000,0.3729
1749254517,0.37820000,46.80000000,0.3729
1749254517,0.37830000,4768.30000000,0.3729
1749254517,0.37840000,211.40000000,0.3729
1749254517,0.37850000,89551.90000000,0.3729
1749254517,0.37860000,2662.20000000,0.3729
1749254517,0.37870000,26.70000000,0.3729
1749254517,0.37880000,46.80000000,0.3729
1749254517,0.37890000,17034.70000000,0.3729
1749254517,0.37900000,46.80000000,0.3729
1749254517,0.37910000,26.70000000,0.3729
1749254517,0.37920000,9830.80000000,0.3729
1749254517,0.37930000,2775.80000000,0.3729
1749254517,0.37940000,70.00000000,0.3729
1749254517,0.37950000,381.80000000,0.3729
1749254517,0.37960000,2679.20000000,0.3729
1749254517,0.37970000,26.90000000,0.3729
1749254517,0.37980000,46.90000000,0.3729
1749254517,0.37990000,2642.30000000,0.3729
1749254517,0.38000000,4918.40000000,0.3729
1749254517,0.38010000,26.90000000,0.3729
1749254517,0.38020000,3043.10000000,0.3729
1749254517,0.38030000,2642.30000000,0.3729
1749254517,0.38040000,26.90000000,0.3729
1749254517,0.38050000,26.90000000,0.3729
1749254517,0.38060000,2641.50000000,0.3729
1749254517,0.38080000,3844.20000000,0.3729
1749254517,0.38090000,2615.40000000,0.3729
1749254517,0.38100000,1822.40000000,0.3729
1749254517,0.38110000,1483.60000000,0.3729
1749254517,0.38120000,5749.20000000,0.3729
1749254517,0.38140000,89.20000000,0.3729
1749254517,0.38160000,4741.60000000,0.3729
1749254517,0.38180000,4000.00000000,0.3729
1749254517,0.38190000,2615.40000000,0.3729
1749254517,0.38200000,26.70000000,0.3729
1749254517,0.38220000,10000.00000000,0.3729
1749254517,0.38240000,3068.00000000,0.3729
1749254517,0.38250000,88.40000000,0.3729
1749254517,0.38260000,23.30000000,0.3729
1749254517,0.38270000,13144.10000000,0.3729
1749254517,0.38280000,28420.20000000,0.3729
1749254517,0.38290000,130.50000000,0.3729
1749254517,0.38300000,28.80000000,0.3729
1749254517,0.38320000,2169.20000000,0.3729
1749254517,0.38350000,448.90000000,0.3729
1749254517,0.38360000,164.60000000,0.3729
1749254517,0.38380000,327.70000000,0.3729
1749254517,0.38390000,59.60000000,0.3729
1749254828,0.37250000,8493.90000000,0.3724
1749254828,0.37260000,7185.50000000,0.3724
1749254828,0.37270000,14575.50000000,0.3724
1749254828,0.37280000,11613.10000000,0.3724
1749254828,0.37290000,19110.00000000,0.3724
1749254828,0.37300000,24333.00000000,0.3724
1749254828,0.37310000,19032.70000000,0.3724
1749254828,0.37320000,30311.10000000,0.3724
1749254828,0.37330000,16993.80000000,0.3724
1749254828,0.37340000,25787.40000000,0.3724
1749254828,0.37350000,40584.80000000,0.3724
1749254828,0.37360000,5832.70000000,0.3724
1749254828,0.37370000,9504.70000000,0.3724
1749254828,0.37380000,3582.40000000,0.3724
1749254828,0.37390000,11861.60000000,0.3724
1749254828,0.37400000,14643.30000000,0.3724
1749254828,0.37410000,9504.80000000,0.3724
1749254828,0.37420000,7211.20000000,0.3724
1749254828,0.37430000,14454.20000000,0.3724
1749254828,0.37440000,9912.70000000,0.3724
1749254828,0.37450000,12451.70000000,0.3724
1749254828,0.37460000,120193.20000000,0.3724
1749254828,0.37470000,15767.40000000,0.3724
1749254828,0.37480000,5905.80000000,0.3724
1749254828,0.37490000,9484.50000000,0.3724
1749254828,0.37500000,11292.20000000,0.3724
1749254828,0.37510000,8995.30000000,0.3724
1749254828,0.37520000,3762.70000000,0.3724
1749254828,0.37530000,10942.80000000,0.3724
1749254828,0.37540000,14466.40000000,0.3724
1749254828,0.37550000,10190.60000000,0.3724
1749254828,0.37560000,2662.10000000,0.3724
1749254828,0.37570000,5969.10000000,0.3724
1749254828,0.37580000,2662.10000000,0.3724
1749254828,0.37590000,8584.50000000,0.3724
1749254828,0.37600000,122.60000000,0.3724
1749254828,0.37610000,2668.20000000,0.3724
1749254828,0.37620000,3218.90000000,0.3724
1749254828,0.37630000,4278.30000000,0.3724
1749254828,0.37640000,2662.20000000,0.3724
1749254828,0.37650000,26.70000000,0.3724
1749254828,0.37660000,2662.20000000,0.3724
1749254828,0.37670000,4768.30000000,0.3724
1749254828,0.37680000,46.80000000,0.3724
1749254828,0.37690000,570.10000000,0.3724
1749254828,0.37700000,46.80000000,0.3724
1749254828,0.37710000,9219.40000000,0.3724
1749254828,0.37720000,6046.80000000,0.3724
1749254828,0.37730000,42.60000000,0.3724
1749254828,0.37740000,5277.60000000,0.3724
1749254828,0.37750000,59327.30000000,0.3724
1749254828,0.37760000,15575.20000000,0.3724
1749254828,0.37770000,2774.40000000,0.3724
1749254828,0.37780000,46.80000000,0.3724
1749254828,0.37790000,50.00000000,0.3724
1749254828,0.37800000,64750.00000000,0.3724
1749254828,0.37810000,26.70000000,0.3724
1749254828,0.37820000,9380.20000000,0.3724
1749254828,0.37830000,4768.30000000,0.3724
1749254828,0.37840000,13711.40000000,0.3724
1749254828,0.37850000,1287.40000000,0.3724
1749254828,0.37860000,2662.20000000,0.3724
1749254828,0.37870000,26.70000000,0.3724
1749254828,0.37880000,46.80000000,0.3724
1749254828,0.37890000,3534.70000000,0.3724
1749254828,0.37900000,46.80000000,0.3724
1749254828,0.37910000,26.70000000,0.3724
1749254828,0.37920000,497.40000000,0.3724
1749254828,0.37930000,2775.80000000,0.3724
1749254828,0.37940000,70.00000000,0.3724
1749254828,0.37950000,13525.90000000,0.3724
1749254828,0.37960000,507883.50000000,0.3724
1749254828,0.37970000,26.90000000,0.3724
1749254828,0.37980000,46.90000000,0.3724
1749254828,0.37990000,2642.30000000,0.3724
1749254828,0.38000000,4918.40000000,0.3724
1749254828,0.38020000,3016.20000000,0.3724
1749254828,0.38030000,2615.40000000,0.3724
1749254828,0.38060000,2641.50000000,0.3724
1749254828,0.38080000,3844.20000000,0.3724
1749254828,0.38090000,2615.40000000,0.3724
1749254828,0.38100000,1822.40000000,0.3724
1749254828,0.38110000,1483.60000000,0.3724
1749254828,0.38120000,5749.20000000,0.3724
1749254828,0.38140000,89.20000000,0.3724
1749254828,0.38160000,4741.60000000,0.3724
1749254828,0.38180000,4000.00000000,0.3724
1749254828,0.38190000,2615.40000000,0.3724
1749254828,0.38200000,26.70000000,0.3724
1749254828,0.38220000,10000.00000000,0.3724
1749254828,0.38240000,3068.00000000,0.3724
1749254828,0.38250000,88.40000000,0.3724
1749254828,0.38260000,23.30000000,0.3724
1749254828,0.38280000,28420.20000000,0.3724
1749254828,0.38290000,130.50000000,0.3724
1749254828,0.38300000,28.80000000,0.3724
1749254828,0.38320000,2169.20000000,0.3724
1749254828,0.38350000,448.90000000,0.3724
1749254828,0.38360000,164.60000000,0.3724
1749254828,0.38380000,327.70000000,0.3724
