timestamp,price,volume,current_price
1749260703,0.37460000,4072.90000000,0.3746
1749260703,0.37470000,12817.70000000,0.3746
1749260703,0.37480000,33309.00000000,0.3746
1749260703,0.37490000,70891.30000000,0.3746
1749260703,0.37500000,29691.40000000,0.3746
1749260703,0.37510000,39837.50000000,0.3746
1749260703,0.37520000,48633.60000000,0.3746
1749260703,0.37530000,34772.00000000,0.3746
1749260703,0.37540000,30515.40000000,0.3746
1749260703,0.37550000,32922.40000000,0.3746
1749260703,0.37560000,13699.50000000,0.3746
1749260703,0.37570000,3613.90000000,0.3746
1749260703,0.37580000,6909.10000000,0.3746
1749260703,0.37590000,29800.50000000,0.3746
1749260703,0.37600000,24030.20000000,0.3746
1749260703,0.37610000,5867.00000000,0.3746
1749260703,0.37620000,18955.50000000,0.3746
1749260703,0.37630000,12126.40000000,0.3746
1749260703,0.37640000,13057.70000000,0.3746
1749260703,0.37650000,11091.30000000,0.3746
1749260703,0.37660000,118794.50000000,0.3746
1749260703,0.37670000,13181.60000000,0.3746
1749260703,0.37680000,16161.80000000,0.3746
1749260703,0.37690000,6035.60000000,0.3746
1749260703,0.37700000,10931.00000000,0.3746
1749260703,0.37710000,6550.10000000,0.3746
1749260703,0.37720000,46.80000000,0.3746
1749260703,0.37730000,5985.00000000,0.3746
1749260703,0.37740000,5277.60000000,0.3746
1749260703,0.37750000,115.10000000,0.3746
1749260703,0.37760000,6024.30000000,0.3746
1749260703,0.37770000,5257.50000000,0.3746
1749260703,0.37780000,46.80000000,0.3746
1749260703,0.37790000,5992.40000000,0.3746
1749260703,0.37800000,2704.80000000,0.3746
1749260703,0.37810000,2642.10000000,0.3746
1749260703,0.37820000,6532.60000000,0.3746
1749260703,0.37830000,4839.90000000,0.3746
1749260703,0.37840000,12997.50000000,0.3746
1749260703,0.37850000,5539.60000000,0.3746
1749260703,0.37860000,5020.50000000,0.3746
1749260703,0.37870000,4248.20000000,0.3746
1749260703,0.37880000,46.80000000,0.3746
1749260703,0.37890000,36451.90000000,0.3746
1749260703,0.37900000,17829.50000000,0.3746
1749260703,0.37910000,6027.00000000,0.3746
1749260703,0.37920000,629.50000000,0.3746
1749260703,0.37930000,2660.90000000,0.3746
1749260703,0.37940000,70.20000000,0.3746
1749260703,0.37950000,26.90000000,0.3746
1749260703,0.37960000,2662.30000000,0.3746
1749260703,0.37970000,26.90000000,0.3746
1749260703,0.37980000,46.90000000,0.3746
1749260703,0.37990000,2642.30000000,0.3746
1749260703,0.38000000,31213.40000000,0.3746
1749260703,0.38010000,72067.90000000,0.3746
1749260703,0.38020000,3063.10000000,0.3746
1749260703,0.38030000,2642.30000000,0.3746
1749260703,0.38040000,46.90000000,0.3746
1749260703,0.38050000,26.90000000,0.3746
1749260703,0.38060000,2688.40000000,0.3746
1749260703,0.38070000,13526.90000000,0.3746
1749260703,0.38080000,9374.00000000,0.3746
1749260703,0.38090000,2642.20000000,0.3746
1749260703,0.38100000,1849.20000000,0.3746
1749260703,0.38110000,458.80000000,0.3746
1749260703,0.38120000,5776.00000000,0.3746
1749260703,0.38130000,26.80000000,0.3746
1749260703,0.38140000,116.00000000,0.3746
1749260703,0.38150000,497.10000000,0.3746
1749260703,0.38160000,4768.40000000,0.3746
1749260703,0.38170000,506074.20000000,0.3746
1749260703,0.38180000,4026.80000000,0.3746
1749260703,0.38190000,2642.20000000,0.3746
1749260703,0.38200000,70.60000000,0.3746
1749260703,0.38210000,26.80000000,0.3746
1749260703,0.38220000,10000.00000000,0.3746
1749260703,0.38240000,33.70000000,0.3746
1749260703,0.38250000,88.40000000,0.3746
1749260703,0.38260000,23.30000000,0.3746
1749260703,0.38280000,4172.70000000,0.3746
1749260703,0.38300000,28.80000000,0.3746
1749260703,0.38310000,1051.60000000,0.3746
1749260703,0.38320000,2169.20000000,0.3746
1749260703,0.38350000,448.90000000,0.3746
1749260703,0.38360000,164.60000000,0.3746
1749260703,0.38380000,3362.00000000,0.3746
1749260703,0.38390000,13203.70000000,0.3746
1749260703,0.38400000,27904.20000000,0.3746
1749260703,0.38420000,23.30000000,0.3746
1749260703,0.38450000,130.00000000,0.3746
1749260703,0.38460000,1260.70000000,0.3746
1749260703,0.38470000,54.30000000,0.3746
1749260703,0.38480000,13341.30000000,0.3746
1749260703,0.38490000,34.50000000,0.3746
1749260703,0.38500000,2609.70000000,0.3746
1749260703,0.38510000,1155.80000000,0.3746
1749260703,0.38530000,18.00000000,0.3746
1749260703,0.38540000,37.70000000,0.3746
1749260703,0.38550000,131.90000000,0.3746
1749261022,0.37460000,672.50000000,0.3746
1749261022,0.37470000,10035.20000000,0.3746
1749261022,0.37480000,17585.10000000,0.3746
1749261022,0.37490000,62500.20000000,0.3746
1749261022,0.37500000,59688.10000000,0.3746
1749261022,0.37510000,31348.40000000,0.3746
1749261022,0.37520000,65920.90000000,0.3746
1749261022,0.37530000,29868.30000000,0.3746
1749261022,0.37540000,15516.90000000,0.3746
1749261022,0.37550000,10276.70000000,0.3746
1749261022,0.37560000,43464.70000000,0.3746
1749261022,0.37570000,3613.70000000,0.3746
1749261022,0.37580000,6909.10000000,0.3746
1749261022,0.37590000,6177.50000000,0.3746
1749261022,0.37600000,21594.90000000,0.3746
1749261022,0.37610000,10077.70000000,0.3746
1749261022,0.37620000,17690.40000000,0.3746
1749261022,0.37630000,5907.70000000,0.3746
1749261022,0.37640000,13105.30000000,0.3746
1749261022,0.37650000,11092.60000000,0.3746
1749261022,0.37660000,10922.90000000,0.3746
1749261022,0.37670000,123312.80000000,0.3746
1749261022,0.37680000,16161.80000000,0.3746
1749261022,0.37690000,5148.90000000,0.3746
1749261022,0.37700000,10931.00000000,0.3746
1749261022,0.37710000,18655.00000000,0.3746
1749261022,0.37720000,4989.90000000,0.3746
1749261022,0.37730000,12176.00000000,0.3746
1749261022,0.37740000,6509.80000000,0.3746
1749261022,0.37750000,115.10000000,0.3746
1749261022,0.37760000,6024.30000000,0.3746
1749261022,0.37770000,5257.50000000,0.3746
1749261022,0.37780000,46.80000000,0.3746
1749261022,0.37790000,5992.40000000,0.3746
1749261022,0.37800000,2704.80000000,0.3746
1749261022,0.37810000,2642.10000000,0.3746
1749261022,0.37820000,6532.60000000,0.3746
1749261022,0.37830000,4839.90000000,0.3746
1749261022,0.37840000,8769.20000000,0.3746
1749261022,0.37850000,1287.40000000,0.3746
1749261022,0.37860000,5020.50000000,0.3746
1749261022,0.37870000,4248.20000000,0.3746
1749261022,0.37880000,46.80000000,0.3746
1749261022,0.37890000,3534.70000000,0.3746
1749261022,0.37900000,2662.20000000,0.3746
1749261022,0.37910000,27.00000000,0.3746
1749261022,0.37920000,629.50000000,0.3746
1749261022,0.37930000,6110.90000000,0.3746
1749261022,0.37940000,70.20000000,0.3746
1749261022,0.37950000,6026.90000000,0.3746
1749261022,0.37960000,6890.60000000,0.3746
1749261022,0.37970000,26.90000000,0.3746
1749261022,0.37980000,59259.10000000,0.3746
1749261022,0.37990000,17824.80000000,0.3746
1749261022,0.38000000,4918.40000000,0.3746
1749261022,0.38010000,26.90000000,0.3746
1749261022,0.38020000,75085.10000000,0.3746
1749261022,0.38030000,2642.30000000,0.3746
1749261022,0.38040000,46.90000000,0.3746
1749261022,0.38050000,26.90000000,0.3746
1749261022,0.38060000,2688.40000000,0.3746
1749261022,0.38070000,13526.90000000,0.3746
1749261022,0.38080000,9374.00000000,0.3746
1749261022,0.38090000,2642.20000000,0.3746
1749261022,0.38100000,1849.20000000,0.3746
1749261022,0.38110000,458.80000000,0.3746
1749261022,0.38120000,5776.00000000,0.3746
1749261022,0.38130000,26.80000000,0.3746
1749261022,0.38140000,116.00000000,0.3746
1749261022,0.38150000,497.10000000,0.3746
1749261022,0.38160000,17912.50000000,0.3746
1749261022,0.38170000,512864.00000000,0.3746
1749261022,0.38180000,4026.80000000,0.3746
1749261022,0.38190000,2642.20000000,0.3746
1749261022,0.38200000,70.60000000,0.3746
1749261022,0.38210000,26.80000000,0.3746
1749261022,0.38220000,10000.00000000,0.3746
1749261022,0.38240000,33.70000000,0.3746
1749261022,0.38250000,88.40000000,0.3746
1749261022,0.38260000,23.30000000,0.3746
1749261022,0.38280000,15.70000000,0.3746
1749261022,0.38300000,28.80000000,0.3746
1749261022,0.38320000,2169.20000000,0.3746
1749261022,0.38350000,448.90000000,0.3746
1749261022,0.38360000,164.60000000,0.3746
1749261022,0.38370000,4333.20000000,0.3746
1749261022,0.38380000,327.70000000,0.3746
1749261022,0.38390000,59.60000000,0.3746
1749261022,0.38400000,27904.20000000,0.3746
1749261022,0.38410000,4085.90000000,0.3746
1749261022,0.38420000,23.30000000,0.3746
1749261022,0.38450000,130.00000000,0.3746
1749261022,0.38460000,1260.70000000,0.3746
1749261022,0.38470000,54.30000000,0.3746
1749261022,0.38480000,13341.30000000,0.3746
1749261022,0.38490000,34.50000000,0.3746
1749261022,0.38500000,2609.70000000,0.3746
1749261022,0.38510000,1155.80000000,0.3746
1749261022,0.38530000,18.00000000,0.3746
1749261022,0.38540000,37.70000000,0.3746
1749261333,0.37460000,3168.10000000,0.3745
1749261333,0.37470000,9971.80000000,0.3745
1749261333,0.37480000,16319.60000000,0.3745
1749261333,0.37490000,41650.00000000,0.3745
1749261333,0.37500000,64664.70000000,0.3745
1749261333,0.37510000,29640.00000000,0.3745
1749261333,0.37520000,75637.40000000,0.3745
1749261333,0.37530000,35041.40000000,0.3745
1749261333,0.37540000,24419.50000000,0.3745
1749261333,0.37550000,32967.90000000,0.3745
1749261333,0.37560000,17925.40000000,0.3745
1749261333,0.37570000,5571.10000000,0.3745
1749261333,0.37580000,6909.10000000,0.3745
1749261333,0.37590000,24935.00000000,0.3745
1749261333,0.37600000,11950.90000000,0.3745
1749261333,0.37610000,5888.40000000,0.3745
1749261333,0.37620000,32397.10000000,0.3745
1749261333,0.37630000,12126.70000000,0.3745
1749261333,0.37640000,13060.30000000,0.3745
1749261333,0.37650000,116944.60000000,0.3745
1749261333,0.37660000,10922.90000000,0.3745
1749261333,0.37670000,10367.70000000,0.3745
1749261333,0.37680000,16161.80000000,0.3745
1749261333,0.37690000,8871.40000000,0.3745
1749261333,0.37700000,6875.90000000,0.3745
1749261333,0.37710000,5257.50000000,0.3745
1749261333,0.37720000,4992.50000000,0.3745
1749261333,0.37730000,7277.60000000,0.3745
1749261333,0.37740000,5277.60000000,0.3745
1749261333,0.37750000,115.10000000,0.3745
1749261333,0.37760000,6024.30000000,0.3745
1749261333,0.37770000,5257.50000000,0.3745
1749261333,0.37780000,46.80000000,0.3745
1749261333,0.37790000,5992.40000000,0.3745
1749261333,0.37800000,2704.80000000,0.3745
1749261333,0.37810000,2642.10000000,0.3745
1749261333,0.37820000,6532.60000000,0.3745
1749261333,0.37830000,4839.90000000,0.3745
1749261333,0.37840000,8769.20000000,0.3745
1749261333,0.37850000,1287.40000000,0.3745
1749261333,0.37860000,5020.50000000,0.3745
1749261333,0.37870000,8151.60000000,0.3745
1749261333,0.37880000,46.80000000,0.3745
1749261333,0.37890000,36451.90000000,0.3745
1749261333,0.37900000,23903.60000000,0.3745
1749261333,0.37910000,27.00000000,0.3745
1749261333,0.37920000,629.50000000,0.3745
1749261333,0.37930000,2660.90000000,0.3745
1749261333,0.37940000,70.20000000,0.3745
1749261333,0.37950000,26.90000000,0.3745
1749261333,0.37960000,6890.60000000,0.3745
1749261333,0.37970000,26.90000000,0.3745
1749261333,0.37980000,46.90000000,0.3745
1749261333,0.37990000,28937.30000000,0.3745
1749261333,0.38000000,76976.00000000,0.3745
1749261333,0.38010000,26.90000000,0.3745
1749261333,0.38020000,3063.10000000,0.3745
1749261333,0.38030000,16142.30000000,0.3745
1749261333,0.38040000,9380.30000000,0.3745
1749261333,0.38050000,26.90000000,0.3745
1749261333,0.38060000,2688.40000000,0.3745
1749261333,0.38070000,26.90000000,0.3745
1749261333,0.38080000,40.60000000,0.3745
1749261333,0.38090000,2642.20000000,0.3745
1749261333,0.38100000,1849.20000000,0.3745
1749261333,0.38110000,458.80000000,0.3745
1749261333,0.38120000,5776.00000000,0.3745
1749261333,0.38130000,13170.90000000,0.3745
1749261333,0.38140000,116.00000000,0.3745
1749261333,0.38150000,497.10000000,0.3745
1749261333,0.38160000,511396.30000000,0.3745
1749261333,0.38170000,26.80000000,0.3745
1749261333,0.38180000,4026.80000000,0.3745
1749261333,0.38190000,2642.20000000,0.3745
1749261333,0.38200000,70.60000000,0.3745
1749261333,0.38210000,26.80000000,0.3745
1749261333,0.38220000,10000.00000000,0.3745
1749261333,0.38240000,33.70000000,0.3745
1749261333,0.38250000,88.40000000,0.3745
1749261333,0.38260000,23.30000000,0.3745
1749261333,0.38280000,15.70000000,0.3745
1749261333,0.38290000,3698.00000000,0.3745
1749261333,0.38300000,28.80000000,0.3745
1749261333,0.38320000,2169.20000000,0.3745
1749261333,0.38350000,448.90000000,0.3745
1749261333,0.38360000,164.60000000,0.3745
1749261333,0.38380000,327.70000000,0.3745
1749261333,0.38390000,59.60000000,0.3745
1749261333,0.38400000,27904.20000000,0.3745
1749261333,0.38410000,4085.90000000,0.3745
1749261333,0.38420000,23.30000000,0.3745
1749261333,0.38450000,130.00000000,0.3745
1749261333,0.38460000,1260.70000000,0.3745
1749261333,0.38470000,54.30000000,0.3745
1749261333,0.38480000,13341.30000000,0.3745
1749261333,0.38490000,34.50000000,0.3745
1749261333,0.38500000,2609.70000000,0.3745
1749261333,0.38510000,1155.80000000,0.3745
1749261333,0.38530000,18.00000000,0.3745
1749261333,0.38540000,37.70000000,0.3745
1749261635,0.37460000,9462.40000000,0.3745
1749261635,0.37470000,14757.40000000,0.3745
1749261635,0.37480000,61580.40000000,0.3745
1749261635,0.37490000,58875.80000000,0.3745
1749261635,0.37500000,46794.60000000,0.3745
1749261635,0.37510000,33634.20000000,0.3745
1749261635,0.37520000,33698.90000000,0.3745
1749261635,0.37530000,32774.30000000,0.3745
1749261635,0.37540000,20170.50000000,0.3745
1749261635,0.37550000,30571.30000000,0.3745
1749261635,0.37560000,17703.10000000,0.3745
1749261635,0.37570000,946.70000000,0.3745
1749261635,0.37580000,10294.70000000,0.3745
1749261635,0.37590000,6177.50000000,0.3745
1749261635,0.37600000,6909.10000000,0.3745
1749261635,0.37610000,5888.40000000,0.3745
1749261635,0.37620000,27458.00000000,0.3745
1749261635,0.37630000,5907.70000000,0.3745
1749261635,0.37640000,19223.40000000,0.3745
1749261635,0.37650000,117948.60000000,0.3745
1749261635,0.37660000,11826.80000000,0.3745
1749261635,0.37670000,10363.70000000,0.3745
1749261635,0.37680000,16159.10000000,0.3745
1749261635,0.37690000,8863.50000000,0.3745
1749261635,0.37700000,8168.50000000,0.3745
1749261635,0.37710000,5257.50000000,0.3745
1749261635,0.37720000,46.80000000,0.3745
1749261635,0.37730000,10922.80000000,0.3745
1749261635,0.37740000,5277.60000000,0.3745
1749261635,0.37750000,5052.90000000,0.3745
1749261635,0.37760000,6024.30000000,0.3745
1749261635,0.37770000,5257.50000000,0.3745
1749261635,0.37780000,46.80000000,0.3745
1749261635,0.37790000,5992.40000000,0.3745
1749261635,0.37800000,2704.80000000,0.3745
1749261635,0.37810000,2642.10000000,0.3745
1749261635,0.37820000,6532.60000000,0.3745
1749261635,0.37830000,4839.90000000,0.3745
1749261635,0.37840000,8769.20000000,0.3745
1749261635,0.37850000,1287.40000000,0.3745
1749261635,0.37860000,5020.50000000,0.3745
1749261635,0.37870000,8151.60000000,0.3745
1749261635,0.37880000,19788.80000000,0.3745
1749261635,0.37890000,3534.70000000,0.3745
1749261635,0.37900000,2662.20000000,0.3745
1749261635,0.37910000,19202.20000000,0.3745
1749261635,0.37920000,16023.90000000,0.3745
1749261635,0.37930000,2660.90000000,0.3745
1749261635,0.37940000,70.20000000,0.3745
1749261635,0.37950000,26.90000000,0.3745
1749261635,0.37960000,6890.60000000,0.3745
1749261635,0.37970000,26.90000000,0.3745
1749261635,0.37980000,46.90000000,0.3745
1749261635,0.37990000,2642.30000000,0.3745
1749261635,0.38000000,103271.90000000,0.3745
1749261635,0.38010000,26.90000000,0.3745
1749261635,0.38020000,3063.10000000,0.3745
1749261635,0.38030000,2642.30000000,0.3745
1749261635,0.38040000,46.90000000,0.3745
1749261635,0.38050000,26.90000000,0.3745
1749261635,0.38060000,2688.40000000,0.3745
1749261635,0.38070000,13526.90000000,0.3745
1749261635,0.38080000,9374.00000000,0.3745
1749261635,0.38090000,2642.20000000,0.3745
1749261635,0.38100000,1849.20000000,0.3745
1749261635,0.38110000,458.80000000,0.3745
1749261635,0.38120000,5776.00000000,0.3745
1749261635,0.38130000,26.80000000,0.3745
1749261635,0.38140000,116.00000000,0.3745
1749261635,0.38150000,13641.20000000,0.3745
1749261635,0.38160000,527211.40000000,0.3745
1749261635,0.38170000,26.80000000,0.3745
1749261635,0.38180000,4026.80000000,0.3745
1749261635,0.38190000,2642.20000000,0.3745
1749261635,0.38200000,70.60000000,0.3745
1749261635,0.38210000,26.80000000,0.3745
1749261635,0.38220000,10000.00000000,0.3745
1749261635,0.38240000,33.70000000,0.3745
1749261635,0.38250000,88.40000000,0.3745
1749261635,0.38260000,23.30000000,0.3745
1749261635,0.38280000,15.70000000,0.3745
1749261635,0.38290000,3698.00000000,0.3745
1749261635,0.38300000,28.80000000,0.3745
1749261635,0.38320000,2169.20000000,0.3745
1749261635,0.38350000,448.90000000,0.3745
1749261635,0.38360000,164.60000000,0.3745
1749261635,0.38380000,327.70000000,0.3745
1749261635,0.38390000,59.60000000,0.3745
1749261635,0.38400000,19.20000000,0.3745
1749261635,0.38410000,1051.60000000,0.3745
1749261635,0.38420000,3057.60000000,0.3745
1749261635,0.38440000,28223.00000000,0.3745
1749261635,0.38450000,130.00000000,0.3745
1749261635,0.38460000,1260.70000000,0.3745
1749261635,0.38470000,54.30000000,0.3745
1749261635,0.38480000,13341.30000000,0.3745
1749261635,0.38490000,34.50000000,0.3745
1749261635,0.38500000,2609.70000000,0.3745
1749261635,0.38510000,1155.80000000,0.3745
1749261635,0.38530000,18.00000000,0.3745
1749261942,0.37480000,10801.40000000,0.3748
1749261942,0.37490000,11152.60000000,0.3748
1749261942,0.37500000,32062.90000000,0.3748
1749261942,0.37510000,94134.60000000,0.3748
1749261942,0.37520000,44271.40000000,0.3748
1749261942,0.37530000,32807.80000000,0.3748
1749261942,0.37540000,50180.00000000,0.3748
1749261942,0.37550000,25507.70000000,0.3748
1749261942,0.37560000,38755.70000000,0.3748
1749261942,0.37570000,4899.80000000,0.3748
1749261942,0.37580000,33571.90000000,0.3748
1749261942,0.37590000,8843.30000000,0.3748
1749261942,0.37600000,8186.30000000,0.3748
1749261942,0.37610000,20381.90000000,0.3748
1749261942,0.37620000,26180.80000000,0.3748
1749261942,0.37630000,5909.00000000,0.3748
1749261942,0.37640000,14214.80000000,0.3748
1749261942,0.37650000,11195.20000000,0.3748
1749261942,0.37660000,11826.80000000,0.3748
1749261942,0.37670000,11263.70000000,0.3748
1749261942,0.37680000,123710.40000000,0.3748
1749261942,0.37690000,8863.50000000,0.3748
1749261942,0.37700000,12220.90000000,0.3748
1749261942,0.37710000,5257.50000000,0.3748
1749261942,0.37720000,933.50000000,0.3748
1749261942,0.37730000,10922.80000000,0.3748
1749261942,0.37740000,5277.60000000,0.3748
1749261942,0.37750000,5055.50000000,0.3748
1749261942,0.37760000,6024.30000000,0.3748
1749261942,0.37770000,5257.50000000,0.3748
1749261942,0.37780000,46.80000000,0.3748
1749261942,0.37790000,5992.40000000,0.3748
1749261942,0.37800000,2704.80000000,0.3748
1749261942,0.37810000,2642.10000000,0.3748
1749261942,0.37820000,6532.60000000,0.3748
1749261942,0.37830000,4839.90000000,0.3748
1749261942,0.37840000,8769.20000000,0.3748
1749261942,0.37850000,1287.40000000,0.3748
1749261942,0.37860000,5020.50000000,0.3748
1749261942,0.37870000,4248.20000000,0.3748
1749261942,0.37880000,46.80000000,0.3748
1749261942,0.37890000,3534.70000000,0.3748
1749261942,0.37900000,22404.20000000,0.3748
1749261942,0.37910000,13202.20000000,0.3748
1749261942,0.37920000,16023.90000000,0.3748
1749261942,0.37930000,2660.90000000,0.3748
1749261942,0.37940000,3413.40000000,0.3748
1749261942,0.37950000,6026.90000000,0.3748
1749261942,0.37960000,6890.60000000,0.3748
1749261942,0.37970000,26.90000000,0.3748
1749261942,0.37980000,46.90000000,0.3748
1749261942,0.37990000,2642.30000000,0.3748
1749261942,0.38000000,4918.40000000,0.3748
1749261942,0.38010000,26.90000000,0.3748
1749261942,0.38020000,3063.10000000,0.3748
1749261942,0.38030000,28937.30000000,0.3748
1749261942,0.38040000,72036.50000000,0.3748
1749261942,0.38050000,26.90000000,0.3748
1749261942,0.38060000,2688.40000000,0.3748
1749261942,0.38070000,13526.90000000,0.3748
1749261942,0.38080000,9374.00000000,0.3748
1749261942,0.38090000,2642.20000000,0.3748
1749261942,0.38100000,1849.20000000,0.3748
1749261942,0.38110000,458.80000000,0.3748
1749261942,0.38120000,5776.00000000,0.3748
1749261942,0.38130000,26.80000000,0.3748
1749261942,0.38140000,116.00000000,0.3748
1749261942,0.38150000,497.10000000,0.3748
1749261942,0.38160000,4768.40000000,0.3748
1749261942,0.38170000,26.80000000,0.3748
1749261942,0.38180000,4026.80000000,0.3748
1749261942,0.38190000,15786.30000000,0.3748
1749261942,0.38200000,519312.70000000,0.3748
1749261942,0.38210000,26.70000000,0.3748
1749261942,0.38220000,10026.70000000,0.3748
1749261942,0.38230000,26.70000000,0.3748
1749261942,0.38240000,33.70000000,0.3748
1749261942,0.38250000,88.40000000,0.3748
1749261942,0.38260000,23.30000000,0.3748
1749261942,0.38280000,15.70000000,0.3748
1749261942,0.38290000,3698.00000000,0.3748
1749261942,0.38300000,28.80000000,0.3748
1749261942,0.38310000,1051.60000000,0.3748
1749261942,0.38320000,2169.20000000,0.3748
1749261942,0.38350000,448.90000000,0.3748
1749261942,0.38360000,164.60000000,0.3748
1749261942,0.38380000,327.70000000,0.3748
1749261942,0.38390000,59.60000000,0.3748
1749261942,0.38400000,19.20000000,0.3748
1749261942,0.38420000,3057.60000000,0.3748
1749261942,0.38440000,28223.00000000,0.3748
1749261942,0.38450000,130.00000000,0.3748
1749261942,0.38460000,1260.70000000,0.3748
1749261942,0.38470000,54.30000000,0.3748
1749261942,0.38480000,13341.30000000,0.3748
1749261942,0.38490000,34.50000000,0.3748
1749261942,0.38500000,2609.70000000,0.3748
1749261942,0.38510000,1155.80000000,0.3748
1749261942,0.38530000,18.00000000,0.3748
1749261942,0.38540000,37.70000000,0.3748
1749262244,0.37510000,13592.70000000,0.375
1749262244,0.37520000,6331.60000000,0.375
1749262244,0.37530000,19789.60000000,0.375
1749262244,0.37540000,33544.50000000,0.375
1749262244,0.37550000,58102.00000000,0.375
1749262244,0.37560000,50945.50000000,0.375
1749262244,0.37570000,53713.80000000,0.375
1749262244,0.37580000,39489.80000000,0.375
1749262244,0.37590000,34847.30000000,0.375
1749262244,0.37600000,64092.00000000,0.375
1749262244,0.37610000,2223.80000000,0.375
1749262244,0.37620000,26402.90000000,0.375
1749262244,0.37630000,969.90000000,0.375
1749262244,0.37640000,8121.20000000,0.375
1749262244,0.37650000,10704.90000000,0.375
1749262244,0.37660000,11826.80000000,0.375
1749262244,0.37670000,11037.90000000,0.375
1749262244,0.37680000,23305.90000000,0.375
1749262244,0.37690000,6038.30000000,0.375
1749262244,0.37700000,13120.90000000,0.375
1749262244,0.37710000,112725.50000000,0.375
1749262244,0.37720000,46.80000000,0.375
1749262244,0.37730000,10922.80000000,0.375
1749262244,0.37740000,8799.70000000,0.375
1749262244,0.37750000,5942.20000000,0.375
1749262244,0.37760000,10964.70000000,0.375
1749262244,0.37770000,5483.30000000,0.375
1749262244,0.37780000,4984.60000000,0.375
1749262244,0.37790000,5992.40000000,0.375
1749262244,0.37800000,2704.80000000,0.375
1749262244,0.37810000,2642.10000000,0.375
1749262244,0.37820000,6532.60000000,0.375
1749262244,0.37830000,4839.90000000,0.375
1749262244,0.37840000,8769.20000000,0.375
1749262244,0.37850000,1287.40000000,0.375
1749262244,0.37860000,5020.50000000,0.375
1749262244,0.37870000,4248.20000000,0.375
1749262244,0.37880000,46.80000000,0.375
1749262244,0.37890000,3534.70000000,0.375
1749262244,0.37900000,22404.20000000,0.375
1749262244,0.37910000,13202.20000000,0.375
1749262244,0.37920000,16023.90000000,0.375
1749262244,0.37930000,2660.90000000,0.375
1749262244,0.37940000,3413.40000000,0.375
1749262244,0.37950000,6026.90000000,0.375
1749262244,0.37960000,6890.60000000,0.375
1749262244,0.37970000,26.90000000,0.375
1749262244,0.37980000,46.90000000,0.375
1749262244,0.37990000,2642.30000000,0.375
1749262244,0.38000000,4918.40000000,0.375
1749262244,0.38010000,26.90000000,0.375
1749262244,0.38020000,3063.10000000,0.375
1749262244,0.38030000,2642.30000000,0.375
1749262244,0.38040000,26341.90000000,0.375
1749262244,0.38050000,26.90000000,0.375
1749262244,0.38060000,74621.80000000,0.375
1749262244,0.38070000,13526.90000000,0.375
1749262244,0.38080000,40.60000000,0.375
1749262244,0.38090000,2642.20000000,0.375
1749262244,0.38100000,1849.20000000,0.375
1749262244,0.38110000,458.80000000,0.375
1749262244,0.38120000,15109.40000000,0.375
1749262244,0.38130000,26.80000000,0.375
1749262244,0.38140000,116.00000000,0.375
1749262244,0.38150000,497.10000000,0.375
1749262244,0.38160000,4768.40000000,0.375
1749262244,0.38170000,26.80000000,0.375
1749262244,0.38180000,4026.80000000,0.375
1749262244,0.38190000,15786.30000000,0.375
1749262244,0.38200000,70.60000000,0.375
1749262244,0.38210000,26.70000000,0.375
1749262244,0.38220000,509585.10000000,0.375
1749262244,0.38230000,26.70000000,0.375
1749262244,0.38240000,60.40000000,0.375
1749262244,0.38250000,115.10000000,0.375
1749262244,0.38260000,50.00000000,0.375
1749262244,0.38280000,15.70000000,0.375
1749262244,0.38290000,3698.00000000,0.375
1749262244,0.38300000,28.80000000,0.375
1749262244,0.38310000,1051.60000000,0.375
1749262244,0.38320000,2169.20000000,0.375
1749262244,0.38350000,448.90000000,0.375
1749262244,0.38360000,164.60000000,0.375
1749262244,0.38380000,327.70000000,0.375
1749262244,0.38390000,59.60000000,0.375
1749262244,0.38400000,19.20000000,0.375
1749262244,0.38420000,23.30000000,0.375
1749262244,0.38430000,3034.30000000,0.375
1749262244,0.38440000,28223.00000000,0.375
1749262244,0.38450000,130.00000000,0.375
1749262244,0.38460000,1260.70000000,0.375
1749262244,0.38470000,54.30000000,0.375
1749262244,0.38480000,13341.30000000,0.375
1749262244,0.38490000,34.50000000,0.375
1749262244,0.38500000,2609.70000000,0.375
1749262244,0.38510000,1155.80000000,0.375
1749262244,0.38530000,18.00000000,0.375
1749262244,0.38540000,37.70000000,0.375
1749262244,0.38550000,131.90000000,0.375
1749262244,0.38560000,18.20000000,0.375
1749262545,0.37540000,15124.10000000,0.3753
1749262545,0.37550000,18703.00000000,0.3753
1749262545,0.37560000,22311.20000000,0.3753
1749262545,0.37570000,48275.90000000,0.3753
1749262545,0.37580000,52908.70000000,0.3753
1749262545,0.37590000,52544.00000000,0.3753
1749262545,0.37600000,61999.80000000,0.3753
1749262545,0.37610000,22762.50000000,0.3753
1749262545,0.37620000,35525.00000000,0.3753
1749262545,0.37630000,33271.30000000,0.3753
1749262545,0.37640000,9570.90000000,0.3753
1749262545,0.37650000,9907.50000000,0.3753
1749262545,0.37660000,29210.00000000,0.3753
1749262545,0.37670000,6100.10000000,0.3753
1749262545,0.37680000,12120.00000000,0.3753
1749262545,0.37690000,6038.30000000,0.3753
1749262545,0.37700000,11828.30000000,0.3753
1749262545,0.37710000,11705.50000000,0.3753
1749262545,0.37720000,11956.50000000,0.3753
1749262545,0.37730000,11822.80000000,0.3753
1749262545,0.37740000,116524.00000000,0.3753
1749262545,0.37750000,5942.20000000,0.3753
1749262545,0.37760000,12256.00000000,0.3753
1749262545,0.37770000,5483.30000000,0.3753
1749262545,0.37780000,4985.90000000,0.3753
1749262545,0.37790000,5992.40000000,0.3753
1749262545,0.37800000,2704.80000000,0.3753
1749262545,0.37810000,7577.30000000,0.3753
1749262545,0.37820000,6532.60000000,0.3753
1749262545,0.37830000,4839.90000000,0.3753
1749262545,0.37840000,8769.20000000,0.3753
1749262545,0.37850000,1287.40000000,0.3753
1749262545,0.37860000,5020.50000000,0.3753
1749262545,0.37870000,4248.20000000,0.3753
1749262545,0.37880000,46.80000000,0.3753
1749262545,0.37890000,3534.70000000,0.3753
1749262545,0.37900000,2662.20000000,0.3753
1749262545,0.37910000,13202.20000000,0.3753
1749262545,0.37920000,16023.90000000,0.3753
1749262545,0.37930000,2660.90000000,0.3753
1749262545,0.37940000,3413.40000000,0.3753
1749262545,0.37950000,26.90000000,0.3753
1749262545,0.37960000,6890.60000000,0.3753
1749262545,0.37970000,26.90000000,0.3753
1749262545,0.37980000,46.90000000,0.3753
1749262545,0.37990000,8642.30000000,0.3753
1749262545,0.38000000,4918.40000000,0.3753
1749262545,0.38010000,26.90000000,0.3753
1749262545,0.38020000,3063.10000000,0.3753
1749262545,0.38030000,2642.30000000,0.3753
1749262545,0.38040000,46.90000000,0.3753
1749262545,0.38050000,26.90000000,0.3753
1749262545,0.38060000,2688.40000000,0.3753
1749262545,0.38070000,46063.90000000,0.3753
1749262545,0.38080000,40.60000000,0.3753
1749262545,0.38090000,74524.30000000,0.3753
1749262545,0.38100000,1849.20000000,0.3753
1749262545,0.38110000,13958.80000000,0.3753
1749262545,0.38120000,15109.40000000,0.3753
1749262545,0.38130000,26.80000000,0.3753
1749262545,0.38140000,116.00000000,0.3753
1749262545,0.38150000,26.80000000,0.3753
1749262545,0.38160000,4768.40000000,0.3753
1749262545,0.38170000,26.80000000,0.3753
1749262545,0.38180000,4026.80000000,0.3753
1749262545,0.38190000,2642.20000000,0.3753
1749262545,0.38200000,540.90000000,0.3753
1749262545,0.38210000,26.70000000,0.3753
1749262545,0.38220000,23170.80000000,0.3753
1749262545,0.38230000,26.70000000,0.3753
1749262545,0.38240000,60.40000000,0.3753
1749262545,0.38250000,516762.30000000,0.3753
1749262545,0.38260000,50.00000000,0.3753
1749262545,0.38270000,26.70000000,0.3753
1749262545,0.38280000,42.40000000,0.3753
1749262545,0.38290000,26.70000000,0.3753
1749262545,0.38300000,28.80000000,0.3753
1749262545,0.38320000,2169.20000000,0.3753
1749262545,0.38350000,448.90000000,0.3753
1749262545,0.38360000,164.60000000,0.3753
1749262545,0.38380000,3851.50000000,0.3753
1749262545,0.38390000,59.60000000,0.3753
1749262545,0.38400000,19.20000000,0.3753
1749262545,0.38410000,1051.60000000,0.3753
1749262545,0.38420000,23.30000000,0.3753
1749262545,0.38440000,28223.00000000,0.3753
1749262545,0.38450000,130.00000000,0.3753
1749262545,0.38460000,1260.70000000,0.3753
1749262545,0.38470000,3088.60000000,0.3753
1749262545,0.38480000,13341.30000000,0.3753
1749262545,0.38490000,34.50000000,0.3753
1749262545,0.38500000,2609.70000000,0.3753
1749262545,0.38510000,1155.80000000,0.3753
1749262545,0.38530000,18.00000000,0.3753
1749262545,0.38540000,37.70000000,0.3753
1749262545,0.38550000,131.90000000,0.3753
1749262545,0.38560000,18.20000000,0.3753
1749262545,0.38570000,23.30000000,0.3753
1749262545,0.38580000,516.20000000,0.3753
1749262545,0.38600000,70.50000000,0.3753
1749262847,0.37510000,11855.70000000,0.375
1749262847,0.37520000,11518.60000000,0.375
1749262847,0.37530000,20399.70000000,0.375
1749262847,0.37540000,55489.60000000,0.375
1749262847,0.37550000,61243.30000000,0.375
1749262847,0.37560000,66452.70000000,0.375
1749262847,0.37570000,41251.20000000,0.375
1749262847,0.37580000,54447.00000000,0.375
1749262847,0.37590000,33161.30000000,0.375
1749262847,0.37600000,8427.70000000,0.375
1749262847,0.37610000,30287.10000000,0.375
1749262847,0.37620000,14803.40000000,0.375
1749262847,0.37630000,969.90000000,0.375
1749262847,0.37640000,11374.80000000,0.375
1749262847,0.37650000,6277.40000000,0.375
1749262847,0.37660000,11844.20000000,0.375
1749262847,0.37670000,11032.60000000,0.375
1749262847,0.37680000,18210.70000000,0.375
1749262847,0.37690000,6031.70000000,0.375
1749262847,0.37700000,25228.00000000,0.375
1749262847,0.37710000,11705.50000000,0.375
1749262847,0.37720000,112439.50000000,0.375
1749262847,0.37730000,13115.40000000,0.375
1749262847,0.37740000,11441.00000000,0.375
1749262847,0.37750000,5942.20000000,0.375
1749262847,0.37760000,14725.80000000,0.375
1749262847,0.37770000,5483.30000000,0.375
1749262847,0.37780000,4984.60000000,0.375
1749262847,0.37790000,5992.40000000,0.375
1749262847,0.37800000,2704.80000000,0.375
1749262847,0.37810000,2642.10000000,0.375
1749262847,0.37820000,6532.60000000,0.375
1749262847,0.37830000,4839.90000000,0.375
1749262847,0.37840000,8769.20000000,0.375
1749262847,0.37850000,1287.40000000,0.375
1749262847,0.37860000,5020.50000000,0.375
1749262847,0.37870000,4248.20000000,0.375
1749262847,0.37880000,46.80000000,0.375
1749262847,0.37890000,3534.70000000,0.375
1749262847,0.37900000,2662.20000000,0.375
1749262847,0.37910000,27.00000000,0.375
1749262847,0.37920000,629.50000000,0.375
1749262847,0.37930000,2660.90000000,0.375
1749262847,0.37940000,3413.40000000,0.375
1749262847,0.37950000,26.90000000,0.375
1749262847,0.37960000,6890.60000000,0.375
1749262847,0.37970000,26.90000000,0.375
1749262847,0.37980000,46.90000000,0.375
1749262847,0.37990000,8642.30000000,0.375
1749262847,0.38000000,4918.40000000,0.375
1749262847,0.38010000,32944.10000000,0.375
1749262847,0.38020000,18314.50000000,0.375
1749262847,0.38030000,2642.30000000,0.375
1749262847,0.38040000,46.90000000,0.375
1749262847,0.38050000,26.90000000,0.375
1749262847,0.38060000,28983.40000000,0.375
1749262847,0.38070000,71954.00000000,0.375
1749262847,0.38080000,40.60000000,0.375
1749262847,0.38090000,2642.20000000,0.375
1749262847,0.38100000,1849.20000000,0.375
1749262847,0.38110000,13958.80000000,0.375
1749262847,0.38120000,15109.40000000,0.375
1749262847,0.38130000,26.80000000,0.375
1749262847,0.38140000,116.00000000,0.375
1749262847,0.38150000,26.80000000,0.375
1749262847,0.38160000,4768.40000000,0.375
1749262847,0.38170000,26.80000000,0.375
1749262847,0.38180000,4026.80000000,0.375
1749262847,0.38190000,2642.20000000,0.375
1749262847,0.38200000,425.70000000,0.375
1749262847,0.38210000,26.70000000,0.375
1749262847,0.38220000,23170.80000000,0.375
1749262847,0.38230000,498689.40000000,0.375
1749262847,0.38240000,175.60000000,0.375
1749262847,0.38250000,115.10000000,0.375
1749262847,0.38260000,50.00000000,0.375
1749262847,0.38280000,15.70000000,0.375
1749262847,0.38300000,28.80000000,0.375
1749262847,0.38320000,2169.20000000,0.375
1749262847,0.38350000,448.90000000,0.375
1749262847,0.38360000,164.60000000,0.375
1749262847,0.38380000,3851.50000000,0.375
1749262847,0.38390000,59.60000000,0.375
1749262847,0.38400000,19.20000000,0.375
1749262847,0.38410000,1051.60000000,0.375
1749262847,0.38420000,23.30000000,0.375
1749262847,0.38440000,28223.00000000,0.375
1749262847,0.38450000,130.00000000,0.375
1749262847,0.38460000,1260.70000000,0.375
1749262847,0.38470000,3088.60000000,0.375
1749262847,0.38480000,13341.30000000,0.375
1749262847,0.38490000,34.50000000,0.375
1749262847,0.38500000,2609.70000000,0.375
1749262847,0.38510000,1155.80000000,0.375
1749262847,0.38530000,18.00000000,0.375
1749262847,0.38540000,37.70000000,0.375
1749262847,0.38550000,131.90000000,0.375
1749262847,0.38560000,18.20000000,0.375
1749262847,0.38570000,23.30000000,0.375
1749262847,0.38580000,516.20000000,0.375
1749263148,0.37560000,16984.30000000,0.3755
1749263148,0.37570000,11779.30000000,0.3755
1749263148,0.37580000,35735.90000000,0.3755
1749263148,0.37590000,65867.40000000,0.3755
1749263148,0.37600000,45684.00000000,0.3755
1749263148,0.37610000,47221.20000000,0.3755
1749263148,0.37620000,42720.60000000,0.3755
1749263148,0.37630000,55043.70000000,0.3755
1749263148,0.37640000,27211.30000000,0.3755
1749263148,0.37650000,38142.30000000,0.3755
1749263148,0.37660000,9569.50000000,0.3755
1749263148,0.37670000,6100.10000000,0.3755
1749263148,0.37680000,13397.20000000,0.3755
1749263148,0.37690000,1100.50000000,0.3755
1749263148,0.37700000,24870.30000000,0.3755
1749263148,0.37710000,11705.50000000,0.3755
1749263148,0.37720000,12066.00000000,0.3755
1749263148,0.37730000,11822.80000000,0.3755
1749263148,0.37740000,12341.00000000,0.3755
1749263148,0.37750000,5055.50000000,0.3755
1749263148,0.37760000,122446.60000000,0.3755
1749263148,0.37770000,5483.30000000,0.3755
1749263148,0.37780000,4983.30000000,0.3755
1749263148,0.37790000,5992.40000000,0.3755
1749263148,0.37800000,2704.80000000,0.3755
1749263148,0.37810000,8461.30000000,0.3755
1749263148,0.37820000,6532.60000000,0.3755
1749263148,0.37830000,9769.80000000,0.3755
1749263148,0.37840000,8769.20000000,0.3755
1749263148,0.37850000,1287.40000000,0.3755
1749263148,0.37860000,5020.50000000,0.3755
1749263148,0.37870000,4248.20000000,0.3755
1749263148,0.37880000,46.80000000,0.3755
1749263148,0.37890000,3534.70000000,0.3755
1749263148,0.37900000,2662.20000000,0.3755
1749263148,0.37910000,27.00000000,0.3755
1749263148,0.37920000,629.50000000,0.3755
1749263148,0.37930000,2660.90000000,0.3755
1749263148,0.37940000,3413.40000000,0.3755
1749263148,0.37950000,26.90000000,0.3755
1749263148,0.37960000,6890.60000000,0.3755
1749263148,0.37970000,26.90000000,0.3755
1749263148,0.37980000,46.90000000,0.3755
1749263148,0.37990000,8642.30000000,0.3755
1749263148,0.38000000,4918.40000000,0.3755
1749263148,0.38010000,32944.10000000,0.3755
1749263148,0.38020000,18314.50000000,0.3755
1749263148,0.38030000,2642.30000000,0.3755
1749263148,0.38040000,46.90000000,0.3755
1749263148,0.38050000,26.90000000,0.3755
1749263148,0.38060000,2688.40000000,0.3755
1749263148,0.38070000,26.90000000,0.3755
1749263148,0.38080000,40.60000000,0.3755
1749263148,0.38090000,2642.20000000,0.3755
1749263148,0.38100000,1849.20000000,0.3755
1749263148,0.38110000,98592.90000000,0.3755
1749263148,0.38120000,5776.00000000,0.3755
1749263148,0.38130000,26.80000000,0.3755
1749263148,0.38140000,116.00000000,0.3755
1749263148,0.38150000,13526.80000000,0.3755
1749263148,0.38160000,14101.80000000,0.3755
1749263148,0.38170000,26.80000000,0.3755
1749263148,0.38180000,4026.80000000,0.3755
1749263148,0.38190000,2642.20000000,0.3755
1749263148,0.38200000,425.70000000,0.3755
1749263148,0.38210000,26.70000000,0.3755
1749263148,0.38220000,10026.70000000,0.3755
1749263148,0.38230000,26.70000000,0.3755
1749263148,0.38240000,175.60000000,0.3755
1749263148,0.38250000,115.10000000,0.3755
1749263148,0.38260000,13194.10000000,0.3755
1749263148,0.38270000,500141.50000000,0.3755
1749263148,0.38280000,42.40000000,0.3755
1749263148,0.38290000,26.70000000,0.3755
1749263148,0.38300000,55.50000000,0.3755
1749263148,0.38310000,26.70000000,0.3755
1749263148,0.38320000,2169.20000000,0.3755
1749263148,0.38350000,448.90000000,0.3755
1749263148,0.38360000,164.60000000,0.3755
1749263148,0.38380000,3851.50000000,0.3755
1749263148,0.38390000,59.60000000,0.3755
1749263148,0.38400000,19.20000000,0.3755
1749263148,0.38410000,1051.60000000,0.3755
1749263148,0.38420000,23.30000000,0.3755
1749263148,0.38440000,28223.00000000,0.3755
1749263148,0.38450000,130.00000000,0.3755
1749263148,0.38460000,1260.70000000,0.3755
1749263148,0.38470000,3088.60000000,0.3755
1749263148,0.38480000,13341.30000000,0.3755
1749263148,0.38490000,34.50000000,0.3755
1749263148,0.38500000,2609.70000000,0.3755
1749263148,0.38510000,1155.80000000,0.3755
1749263148,0.38530000,18.00000000,0.3755
1749263148,0.38540000,37.70000000,0.3755
1749263148,0.38550000,131.90000000,0.3755
1749263148,0.38560000,18.20000000,0.3755
1749263148,0.38570000,23.30000000,0.3755
1749263148,0.38580000,516.20000000,0.3755
1749263148,0.38600000,70.50000000,0.3755
1749263148,0.38610000,70.60000000,0.3755
1749263454,0.37540000,12168.70000000,0.3754
1749263454,0.37550000,12252.60000000,0.3754
1749263454,0.37560000,11116.50000000,0.3754
1749263454,0.37570000,20108.60000000,0.3754
1749263454,0.37580000,44886.60000000,0.3754
1749263454,0.37590000,52870.90000000,0.3754
1749263454,0.37600000,59472.40000000,0.3754
1749263454,0.37610000,68598.00000000,0.3754
1749263454,0.37620000,40406.40000000,0.3754
1749263454,0.37630000,6666.30000000,0.3754
1749263454,0.37640000,11054.60000000,0.3754
1749263454,0.37650000,32886.50000000,0.3754
1749263454,0.37660000,11087.70000000,0.3754
1749263454,0.37670000,7397.30000000,0.3754
1749263454,0.37680000,12361.70000000,0.3754
1749263454,0.37690000,946.70000000,0.3754
1749263454,0.37700000,24870.30000000,0.3754
1749263454,0.37710000,11697.60000000,0.3754
1749263454,0.37720000,5874.10000000,0.3754
1749263454,0.37730000,11811.00000000,0.3754
1749263454,0.37740000,12341.00000000,0.3754
1749263454,0.37750000,5955.50000000,0.3754
1749263454,0.37760000,125818.80000000,0.3754
1749263454,0.37770000,11485.70000000,0.3754
1749263454,0.37780000,5883.30000000,0.3754
1749263454,0.37790000,11818.40000000,0.3754
1749263454,0.37800000,8532.10000000,0.3754
1749263454,0.37810000,9361.30000000,0.3754
1749263454,0.37820000,11542.30000000,0.3754
1749263454,0.37830000,5739.90000000,0.3754
1749263454,0.37840000,8769.20000000,0.3754
1749263454,0.37850000,1287.40000000,0.3754
1749263454,0.37860000,5020.50000000,0.3754
1749263454,0.37870000,4248.20000000,0.3754
1749263454,0.37880000,46.80000000,0.3754
1749263454,0.37890000,3534.70000000,0.3754
1749263454,0.37900000,2662.20000000,0.3754
1749263454,0.37910000,27.00000000,0.3754
1749263454,0.37920000,497.70000000,0.3754
1749263454,0.37930000,2660.90000000,0.3754
1749263454,0.37940000,70.20000000,0.3754
1749263454,0.37950000,26.90000000,0.3754
1749263454,0.37960000,9506.00000000,0.3754
1749263454,0.37970000,26.90000000,0.3754
1749263454,0.37980000,46.90000000,0.3754
1749263454,0.37990000,2642.30000000,0.3754
1749263454,0.38000000,4918.40000000,0.3754
1749263454,0.38010000,36974.30000000,0.3754
1749263454,0.38020000,18314.50000000,0.3754
1749263454,0.38030000,8642.30000000,0.3754
1749263454,0.38040000,46.90000000,0.3754
1749263454,0.38050000,26.90000000,0.3754
1749263454,0.38060000,2688.40000000,0.3754
1749263454,0.38070000,158.20000000,0.3754
1749263454,0.38080000,40.60000000,0.3754
1749263454,0.38090000,2642.20000000,0.3754
1749263454,0.38100000,1849.20000000,0.3754
1749263454,0.38110000,72303.30000000,0.3754
1749263454,0.38120000,5776.00000000,0.3754
1749263454,0.38130000,26321.80000000,0.3754
1749263454,0.38140000,116.00000000,0.3754
1749263454,0.38150000,22860.20000000,0.3754
1749263454,0.38160000,4768.40000000,0.3754
1749263454,0.38170000,26.80000000,0.3754
1749263454,0.38180000,4026.80000000,0.3754
1749263454,0.38190000,2642.20000000,0.3754
1749263454,0.38200000,408.60000000,0.3754
1749263454,0.38210000,26.70000000,0.3754
1749263454,0.38220000,10026.70000000,0.3754
1749263454,0.38230000,26.70000000,0.3754
1749263454,0.38240000,175.60000000,0.3754
1749263454,0.38250000,512216.30000000,0.3754
1749263454,0.38260000,50.00000000,0.3754
1749263454,0.38270000,26.70000000,0.3754
1749263454,0.38280000,13186.50000000,0.3754
1749263454,0.38290000,26.70000000,0.3754
1749263454,0.38300000,28.80000000,0.3754
1749263454,0.38320000,2186.30000000,0.3754
1749263454,0.38350000,448.90000000,0.3754
1749263454,0.38360000,164.60000000,0.3754
1749263454,0.38380000,3851.50000000,0.3754
1749263454,0.38390000,59.60000000,0.3754
1749263454,0.38400000,19.20000000,0.3754
1749263454,0.38410000,1051.60000000,0.3754
1749263454,0.38420000,23.30000000,0.3754
1749263454,0.38440000,28223.00000000,0.3754
1749263454,0.38460000,1260.70000000,0.3754
1749263454,0.38470000,3088.60000000,0.3754
1749263454,0.38480000,13341.30000000,0.3754
1749263454,0.38490000,34.50000000,0.3754
1749263454,0.38500000,2609.70000000,0.3754
1749263454,0.38510000,1155.80000000,0.3754
1749263454,0.38530000,18.00000000,0.3754
1749263454,0.38540000,37.70000000,0.3754
1749263454,0.38550000,131.90000000,0.3754
1749263454,0.38560000,18.20000000,0.3754
1749263454,0.38570000,23.30000000,0.3754
1749263454,0.38580000,516.20000000,0.3754
1749263454,0.38600000,200.00000000,0.3754
1749263454,0.38610000,70.60000000,0.3754
1749263756,0.37560000,5626.50000000,0.3756
1749263756,0.37570000,11798.50000000,0.3756
1749263756,0.37580000,23140.60000000,0.3756
1749263756,0.37590000,58950.50000000,0.3756
1749263756,0.37600000,58358.00000000,0.3756
1749263756,0.37610000,66261.40000000,0.3756
1749263756,0.37620000,42913.30000000,0.3756
1749263756,0.37630000,41322.40000000,0.3756
1749263756,0.37640000,15343.90000000,0.3756
1749263756,0.37650000,6277.40000000,0.3756
1749263756,0.37660000,11122.60000000,0.3756
1749263756,0.37670000,33997.00000000,0.3756
1749263756,0.37680000,12361.70000000,0.3756
1749263756,0.37690000,946.70000000,0.3756
1749263756,0.37700000,43404.90000000,0.3756
1749263756,0.37710000,11697.60000000,0.3756
1749263756,0.37720000,5875.40000000,0.3756
1749263756,0.37730000,11811.00000000,0.3756
1749263756,0.37740000,12341.00000000,0.3756
1749263756,0.37750000,5955.50000000,0.3756
1749263756,0.37760000,19382.60000000,0.3756
1749263756,0.37770000,117884.30000000,0.3756
1749263756,0.37780000,10641.90000000,0.3756
1749263756,0.37790000,11818.40000000,0.3756
1749263756,0.37800000,8516.20000000,0.3756
1749263756,0.37810000,8474.60000000,0.3756
1749263756,0.37820000,7432.60000000,0.3756
1749263756,0.37830000,5739.90000000,0.3756
1749263756,0.37840000,8769.20000000,0.3756
1749263756,0.37850000,1287.40000000,0.3756
1749263756,0.37860000,5020.50000000,0.3756
1749263756,0.37870000,4248.20000000,0.3756
1749263756,0.37880000,46.80000000,0.3756
1749263756,0.37890000,3534.70000000,0.3756
1749263756,0.37900000,2662.20000000,0.3756
1749263756,0.37910000,27.00000000,0.3756
1749263756,0.37920000,497.70000000,0.3756
1749263756,0.37930000,2660.90000000,0.3756
1749263756,0.37940000,70.20000000,0.3756
1749263756,0.37950000,26.90000000,0.3756
1749263756,0.37960000,9506.00000000,0.3756
1749263756,0.37970000,26.90000000,0.3756
1749263756,0.37980000,46.90000000,0.3756
1749263756,0.37990000,2642.30000000,0.3756
1749263756,0.38000000,4918.40000000,0.3756
1749263756,0.38010000,36974.30000000,0.3756
1749263756,0.38020000,18314.50000000,0.3756
1749263756,0.38030000,8642.30000000,0.3756
1749263756,0.38040000,46.90000000,0.3756
1749263756,0.38050000,26.90000000,0.3756
1749263756,0.38060000,2688.40000000,0.3756
1749263756,0.38070000,158.20000000,0.3756
1749263756,0.38080000,40.60000000,0.3756
1749263756,0.38090000,2642.20000000,0.3756
1749263756,0.38100000,1849.20000000,0.3756
1749263756,0.38110000,26753.80000000,0.3756
1749263756,0.38120000,77595.00000000,0.3756
1749263756,0.38130000,26.80000000,0.3756
1749263756,0.38140000,116.00000000,0.3756
1749263756,0.38150000,13526.80000000,0.3756
1749263756,0.38160000,4768.40000000,0.3756
1749263756,0.38170000,26.80000000,0.3756
1749263756,0.38180000,4026.80000000,0.3756
1749263756,0.38190000,11975.60000000,0.3756
1749263756,0.38200000,408.60000000,0.3756
1749263756,0.38210000,26.70000000,0.3756
1749263756,0.38220000,10026.70000000,0.3756
1749263756,0.38230000,26.70000000,0.3756
1749263756,0.38240000,175.60000000,0.3756
1749263756,0.38250000,115.10000000,0.3756
1749263756,0.38260000,13194.10000000,0.3756
1749263756,0.38270000,518805.20000000,0.3756
1749263756,0.38280000,26.70000000,0.3756
1749263756,0.38290000,26.70000000,0.3756
1749263756,0.38300000,55.50000000,0.3756
1749263756,0.38310000,26.70000000,0.3756
1749263756,0.38320000,2186.30000000,0.3756
1749263756,0.38350000,448.90000000,0.3756
1749263756,0.38360000,164.60000000,0.3756
1749263756,0.38380000,3851.50000000,0.3756
1749263756,0.38390000,59.60000000,0.3756
1749263756,0.38400000,19.20000000,0.3756
1749263756,0.38410000,1051.60000000,0.3756
1749263756,0.38420000,23.30000000,0.3756
1749263756,0.38440000,28223.00000000,0.3756
1749263756,0.38460000,1260.70000000,0.3756
1749263756,0.38470000,54.30000000,0.3756
1749263756,0.38480000,13341.30000000,0.3756
1749263756,0.38490000,34.50000000,0.3756
1749263756,0.38500000,5644.00000000,0.3756
1749263756,0.38510000,1155.80000000,0.3756
1749263756,0.38530000,18.00000000,0.3756
1749263756,0.38540000,37.70000000,0.3756
1749263756,0.38550000,111.10000000,0.3756
1749263756,0.38570000,23.30000000,0.3756
1749263756,0.38580000,516.20000000,0.3756
1749263756,0.38600000,200.00000000,0.3756
1749263756,0.38610000,70.60000000,0.3756
1749263756,0.38620000,178.40000000,0.3756
1749263756,0.38630000,199.40000000,0.3756
1749264058,0.37600000,9565.70000000,0.376
1749264058,0.37610000,11215.90000000,0.376
1749264058,0.37620000,28272.40000000,0.376
1749264058,0.37630000,84642.40000000,0.376
1749264058,0.37640000,55795.70000000,0.376
1749264058,0.37650000,21237.00000000,0.376
1749264058,0.37660000,38762.00000000,0.376
1749264058,0.37670000,41749.30000000,0.376
1749264058,0.37680000,15657.90000000,0.376
1749264058,0.37690000,2028.30000000,0.376
1749264058,0.37700000,37674.20000000,0.376
1749264058,0.37710000,7454.70000000,0.376
1749264058,0.37720000,1188.50000000,0.376
1749264058,0.37730000,28773.20000000,0.376
1749264058,0.37740000,11659.80000000,0.376
1749264058,0.37750000,5938.50000000,0.376
1749264058,0.37760000,11847.70000000,0.376
1749264058,0.37770000,11086.10000000,0.376
1749264058,0.37780000,19256.00000000,0.376
1749264058,0.37790000,13111.00000000,0.376
1749264058,0.37800000,15273.30000000,0.376
1749264058,0.37810000,114937.50000000,0.376
1749264058,0.37820000,12354.70000000,0.376
1749264058,0.37830000,10669.80000000,0.376
1749264058,0.37840000,13422.50000000,0.376
1749264058,0.37850000,7114.70000000,0.376
1749264058,0.37860000,6807.20000000,0.376
1749264058,0.37870000,10300.00000000,0.376
1749264058,0.37880000,6889.20000000,0.376
1749264058,0.37890000,3534.70000000,0.376
1749264058,0.37900000,2662.20000000,0.376
1749264058,0.37910000,27.00000000,0.376
1749264058,0.37920000,5917.00000000,0.376
1749264058,0.37930000,2660.90000000,0.376
1749264058,0.37940000,70.20000000,0.376
1749264058,0.37950000,26.90000000,0.376
1749264058,0.37960000,9506.00000000,0.376
1749264058,0.37970000,26.90000000,0.376
1749264058,0.37980000,46.90000000,0.376
1749264058,0.37990000,2642.30000000,0.376
1749264058,0.38000000,27275.80000000,0.376
1749264058,0.38010000,17232.30000000,0.376
1749264058,0.38020000,18314.50000000,0.376
1749264058,0.38030000,2642.30000000,0.376
1749264058,0.38040000,46.90000000,0.376
1749264058,0.38050000,26.90000000,0.376
1749264058,0.38060000,2688.40000000,0.376
1749264058,0.38070000,6158.20000000,0.376
1749264058,0.38080000,40.60000000,0.376
1749264058,0.38090000,2642.20000000,0.376
1749264058,0.38100000,1849.20000000,0.376
1749264058,0.38110000,458.80000000,0.376
1749264058,0.38120000,5776.00000000,0.376
1749264058,0.38130000,26.80000000,0.376
1749264058,0.38140000,116.00000000,0.376
1749264058,0.38150000,26321.80000000,0.376
1749264058,0.38160000,76513.40000000,0.376
1749264058,0.38170000,26.80000000,0.376
1749264058,0.38180000,4026.80000000,0.376
1749264058,0.38190000,16142.20000000,0.376
1749264058,0.38200000,408.60000000,0.376
1749264058,0.38210000,26.70000000,0.376
1749264058,0.38220000,10026.70000000,0.376
1749264058,0.38230000,9360.10000000,0.376
1749264058,0.38240000,175.60000000,0.376
1749264058,0.38250000,115.10000000,0.376
1749264058,0.38260000,50.00000000,0.376
1749264058,0.38270000,26.70000000,0.376
1749264058,0.38280000,26.70000000,0.376
1749264058,0.38290000,26.70000000,0.376
1749264058,0.38300000,13199.60000000,0.376
1749264058,0.38310000,500007.90000000,0.376
1749264058,0.38320000,2213.00000000,0.376
1749264058,0.38330000,26.70000000,0.376
1749264058,0.38340000,26.70000000,0.376
1749264058,0.38350000,475.60000000,0.376
1749264058,0.38360000,164.60000000,0.376
1749264058,0.38380000,327.70000000,0.376
1749264058,0.38390000,59.60000000,0.376
1749264058,0.38400000,19.20000000,0.376
1749264058,0.38410000,1051.60000000,0.376
1749264058,0.38420000,23.30000000,0.376
1749264058,0.38440000,28223.00000000,0.376
1749264058,0.38460000,1260.70000000,0.376
1749264058,0.38470000,3411.80000000,0.376
1749264058,0.38480000,13341.30000000,0.376
1749264058,0.38490000,34.50000000,0.376
1749264058,0.38500000,2609.70000000,0.376
1749264058,0.38510000,1155.80000000,0.376
1749264058,0.38530000,18.00000000,0.376
1749264058,0.38540000,3072.00000000,0.376
1749264058,0.38550000,111.10000000,0.376
1749264058,0.38570000,23.30000000,0.376
1749264058,0.38580000,516.20000000,0.376
1749264058,0.38600000,200.00000000,0.376
1749264058,0.38610000,70.60000000,0.376
1749264058,0.38620000,178.40000000,0.376
1749264058,0.38630000,199.40000000,0.376
1749264058,0.38650000,2126.20000000,0.376
1749264058,0.38660000,55.70000000,0.376
1749264359,0.37610000,5112.40000000,0.376
1749264359,0.37620000,23382.80000000,0.376
1749264359,0.37630000,28286.80000000,0.376
1749264359,0.37640000,53850.10000000,0.376
1749264359,0.37650000,59345.60000000,0.376
1749264359,0.37660000,42350.90000000,0.376
1749264359,0.37670000,42367.00000000,0.376
1749264359,0.37680000,43093.80000000,0.376
1749264359,0.37690000,21970.00000000,0.376
1749264359,0.37700000,15210.90000000,0.376
1749264359,0.37710000,32745.60000000,0.376
1749264359,0.37720000,1188.30000000,0.376
1749264359,0.37730000,11392.60000000,0.376
1749264359,0.37740000,6177.60000000,0.376
1749264359,0.37750000,1015.10000000,0.376
1749264359,0.37760000,12734.40000000,0.376
1749264359,0.37770000,11304.00000000,0.376
1749264359,0.37780000,19256.00000000,0.376
1749264359,0.37790000,13111.00000000,0.376
1749264359,0.37800000,15371.40000000,0.376
1749264359,0.37810000,8648.40000000,0.376
1749264359,0.37820000,118627.10000000,0.376
1749264359,0.37830000,10669.80000000,0.376
1749264359,0.37840000,14654.70000000,0.376
1749264359,0.37850000,7114.70000000,0.376
1749264359,0.37860000,10845.20000000,0.376
1749264359,0.37870000,10071.60000000,0.376
1749264359,0.37880000,5989.20000000,0.376
1749264359,0.37890000,3534.70000000,0.376
1749264359,0.37900000,2662.20000000,0.376
1749264359,0.37910000,27.00000000,0.376
1749264359,0.37920000,5917.00000000,0.376
1749264359,0.37930000,2660.90000000,0.376
1749264359,0.37940000,70.20000000,0.376
1749264359,0.37950000,26.90000000,0.376
1749264359,0.37960000,9506.00000000,0.376
1749264359,0.37970000,26.90000000,0.376
1749264359,0.37980000,46.90000000,0.376
1749264359,0.37990000,2642.30000000,0.376
1749264359,0.38000000,27275.80000000,0.376
1749264359,0.38010000,17232.30000000,0.376
1749264359,0.38020000,18314.50000000,0.376
1749264359,0.38030000,2642.30000000,0.376
1749264359,0.38040000,46.90000000,0.376
1749264359,0.38050000,26.90000000,0.376
1749264359,0.38060000,2688.40000000,0.376
1749264359,0.38070000,6158.20000000,0.376
1749264359,0.38080000,40.60000000,0.376
1749264359,0.38090000,2642.20000000,0.376
1749264359,0.38100000,1849.20000000,0.376
1749264359,0.38110000,458.80000000,0.376
1749264359,0.38120000,5776.00000000,0.376
1749264359,0.38130000,26.80000000,0.376
1749264359,0.38140000,26411.00000000,0.376
1749264359,0.38150000,26.80000000,0.376
1749264359,0.38160000,4768.40000000,0.376
1749264359,0.38170000,71760.60000000,0.376
1749264359,0.38180000,4026.80000000,0.376
1749264359,0.38190000,16142.20000000,0.376
1749264359,0.38200000,53.50000000,0.376
1749264359,0.38210000,26.70000000,0.376
1749264359,0.38220000,10026.70000000,0.376
1749264359,0.38230000,9360.10000000,0.376
1749264359,0.38240000,175.60000000,0.376
1749264359,0.38250000,115.10000000,0.376
1749264359,0.38260000,50.00000000,0.376
1749264359,0.38270000,26.70000000,0.376
1749264359,0.38280000,381.80000000,0.376
1749264359,0.38290000,26.70000000,0.376
1749264359,0.38300000,13199.60000000,0.376
1749264359,0.38310000,506438.20000000,0.376
1749264359,0.38320000,2213.00000000,0.376
1749264359,0.38330000,26.70000000,0.376
1749264359,0.38340000,26.70000000,0.376
1749264359,0.38350000,475.60000000,0.376
1749264359,0.38360000,191.20000000,0.376
1749264359,0.38380000,327.70000000,0.376
1749264359,0.38390000,59.60000000,0.376
1749264359,0.38400000,19.20000000,0.376
1749264359,0.38410000,1051.60000000,0.376
1749264359,0.38420000,23.30000000,0.376
1749264359,0.38440000,28223.00000000,0.376
1749264359,0.38460000,1260.70000000,0.376
1749264359,0.38470000,3411.80000000,0.376
1749264359,0.38480000,13341.30000000,0.376
1749264359,0.38490000,34.50000000,0.376
1749264359,0.38500000,2609.70000000,0.376
1749264359,0.38510000,1155.80000000,0.376
1749264359,0.38530000,18.00000000,0.376
1749264359,0.38540000,3072.00000000,0.376
1749264359,0.38550000,111.10000000,0.376
1749264359,0.38570000,23.30000000,0.376
1749264359,0.38580000,516.20000000,0.376
1749264359,0.38600000,200.00000000,0.376
1749264359,0.38610000,70.60000000,0.376
1749264359,0.38620000,178.40000000,0.376
1749264359,0.38630000,199.40000000,0.376
1749264359,0.38650000,2126.20000000,0.376
1749264359,0.38660000,55.70000000,0.376
1749264359,0.38680000,181.20000000,0.376
1749264661,0.37630000,7631.10000000,0.3763
1749264661,0.37640000,20670.60000000,0.3763
1749264661,0.37650000,37419.60000000,0.3763
1749264661,0.37660000,59132.70000000,0.3763
1749264661,0.37670000,61053.40000000,0.3763
1749264661,0.37680000,41653.80000000,0.3763
1749264661,0.37690000,49622.20000000,0.3763
1749264661,0.37700000,54542.70000000,0.3763
1749264661,0.37710000,9319.20000000,0.3763
1749264661,0.37720000,34815.50000000,0.3763
1749264661,0.37730000,8411.50000000,0.3763
1749264661,0.37740000,6197.60000000,0.3763
1749264661,0.37750000,1035.10000000,0.3763
1749264661,0.37760000,11264.50000000,0.3763
1749264661,0.37770000,6177.50000000,0.3763
1749264661,0.37780000,14319.50000000,0.3763
1749264661,0.37790000,11814.50000000,0.3763
1749264661,0.37800000,16560.20000000,0.3763
1749264661,0.37810000,8457.60000000,0.3763
1749264661,0.37820000,118088.70000000,0.3763
1749264661,0.37830000,10669.80000000,0.3763
1749264661,0.37840000,15822.10000000,0.3763
1749264661,0.37850000,10766.10000000,0.3763
1749264661,0.37860000,16787.60000000,0.3763
1749264661,0.37870000,8691.30000000,0.3763
1749264661,0.37880000,11804.70000000,0.3763
1749264661,0.37890000,4434.70000000,0.3763
1749264661,0.37900000,2662.20000000,0.3763
1749264661,0.37910000,200.80000000,0.3763
1749264661,0.37920000,6440.10000000,0.3763
1749264661,0.37930000,2660.90000000,0.3763
1749264661,0.37940000,956.90000000,0.3763
1749264661,0.37950000,13202.10000000,0.3763
1749264661,0.37960000,15448.40000000,0.3763
1749264661,0.37970000,570.30000000,0.3763
1749264661,0.37980000,46.90000000,0.3763
1749264661,0.37990000,2642.30000000,0.3763
1749264661,0.38000000,7533.80000000,0.3763
1749264661,0.38010000,26.90000000,0.3763
1749264661,0.38020000,3063.10000000,0.3763
1749264661,0.38030000,2642.30000000,0.3763
1749264661,0.38040000,1653.00000000,0.3763
1749264661,0.38050000,26.90000000,0.3763
1749264661,0.38060000,5303.80000000,0.3763
1749264661,0.38070000,158.20000000,0.3763
1749264661,0.38080000,40.60000000,0.3763
1749264661,0.38090000,6129.00000000,0.3763
1749264661,0.38100000,4464.60000000,0.3763
1749264661,0.38110000,26200.80000000,0.3763
1749264661,0.38120000,47300.10000000,0.3763
1749264661,0.38130000,26.80000000,0.3763
1749264661,0.38140000,116.00000000,0.3763
1749264661,0.38150000,26.80000000,0.3763
1749264661,0.38160000,4768.40000000,0.3763
1749264661,0.38170000,71763.90000000,0.3763
1749264661,0.38180000,4026.80000000,0.3763
1749264661,0.38190000,2642.20000000,0.3763
1749264661,0.38200000,53.50000000,0.3763
1749264661,0.38210000,26.70000000,0.3763
1749264661,0.38220000,10026.70000000,0.3763
1749264661,0.38230000,22860.10000000,0.3763
1749264661,0.38240000,175.60000000,0.3763
1749264661,0.38250000,115.10000000,0.3763
1749264661,0.38260000,50.00000000,0.3763
1749264661,0.38270000,26.70000000,0.3763
1749264661,0.38280000,381.80000000,0.3763
1749264661,0.38290000,26.70000000,0.3763
1749264661,0.38300000,55.50000000,0.3763
1749264661,0.38310000,13170.80000000,0.3763
1749264661,0.38320000,2213.00000000,0.3763
1749264661,0.38330000,26.70000000,0.3763
1749264661,0.38340000,507094.60000000,0.3763
1749264661,0.38350000,475.60000000,0.3763
1749264661,0.38360000,191.20000000,0.3763
1749264661,0.38370000,26.60000000,0.3763
1749264661,0.38380000,354.30000000,0.3763
1749264661,0.38390000,59.60000000,0.3763
1749264661,0.38400000,19.20000000,0.3763
1749264661,0.38420000,23.30000000,0.3763
1749264661,0.38460000,1260.70000000,0.3763
1749264661,0.38470000,3411.80000000,0.3763
1749264661,0.38480000,13317.90000000,0.3763
1749264661,0.38490000,34.50000000,0.3763
1749264661,0.38500000,2609.70000000,0.3763
1749264661,0.38510000,2207.40000000,0.3763
1749264661,0.38530000,18.00000000,0.3763
1749264661,0.38540000,37.70000000,0.3763
1749264661,0.38550000,111.10000000,0.3763
1749264661,0.38570000,23.30000000,0.3763
1749264661,0.38580000,516.20000000,0.3763
1749264661,0.38600000,200.00000000,0.3763
1749264661,0.38610000,3104.90000000,0.3763
1749264661,0.38620000,178.40000000,0.3763
1749264661,0.38630000,199.40000000,0.3763
1749264661,0.38640000,27919.90000000,0.3763
1749264661,0.38650000,2126.20000000,0.3763
1749264661,0.38660000,55.70000000,0.3763
1749264661,0.38680000,181.20000000,0.3763
1749264661,0.38700000,33.00000000,0.3763
1749264661,0.38720000,401.30000000,0.3763
1749264962,0.37700000,8599.80000000,0.3769
1749264962,0.37710000,26122.10000000,0.3769
1749264962,0.37720000,45164.00000000,0.3769
1749264962,0.37730000,54550.40000000,0.3769
1749264962,0.37740000,45815.90000000,0.3769
1749264962,0.37750000,26789.70000000,0.3769
1749264962,0.37760000,50550.20000000,0.3769
1749264962,0.37770000,53711.30000000,0.3769
1749264962,0.37780000,7878.10000000,0.3769
1749264962,0.37790000,12915.70000000,0.3769
1749264962,0.37800000,36611.10000000,0.3769
1749264962,0.37810000,4839.20000000,0.3769
1749264962,0.37820000,6909.10000000,0.3769
1749264962,0.37830000,5688.20000000,0.3769
1749264962,0.37840000,38289.80000000,0.3769
1749264962,0.37850000,7097.70000000,0.3769
1749264962,0.37860000,22849.00000000,0.3769
1749264962,0.37870000,8675.60000000,0.3769
1749264962,0.37880000,6889.20000000,0.3769
1749264962,0.37890000,9352.80000000,0.3769
1749264962,0.37900000,15029.00000000,0.3769
1749264962,0.37910000,113341.60000000,0.3769
1749264962,0.37920000,18414.30000000,0.3769
1749264962,0.37930000,11086.60000000,0.3769
1749264962,0.37940000,4987.00000000,0.3769
1749264962,0.37950000,6174.60000000,0.3769
1749264962,0.37960000,15724.40000000,0.3769
1749264962,0.37970000,570.30000000,0.3769
1749264962,0.37980000,5481.60000000,0.3769
1749264962,0.37990000,7552.60000000,0.3769
1749264962,0.38000000,14362.90000000,0.3769
1749264962,0.38010000,26.90000000,0.3769
1749264962,0.38020000,3063.10000000,0.3769
1749264962,0.38030000,2642.30000000,0.3769
1749264962,0.38040000,4011.30000000,0.3769
1749264962,0.38050000,26.90000000,0.3769
1749264962,0.38060000,5303.80000000,0.3769
1749264962,0.38070000,229.10000000,0.3769
1749264962,0.38080000,4288.90000000,0.3769
1749264962,0.38090000,2642.20000000,0.3769
1749264962,0.38100000,17659.70000000,0.3769
1749264962,0.38110000,20200.80000000,0.3769
1749264962,0.38120000,21025.00000000,0.3769
1749264962,0.38130000,26.80000000,0.3769
1749264962,0.38140000,116.00000000,0.3769
1749264962,0.38150000,26.80000000,0.3769
1749264962,0.38160000,7383.80000000,0.3769
1749264962,0.38170000,3650.50000000,0.3769
1749264962,0.38180000,4026.80000000,0.3769
1749264962,0.38190000,8642.20000000,0.3769
1749264962,0.38200000,53.50000000,0.3769
1749264962,0.38210000,26.70000000,0.3769
1749264962,0.38220000,10026.70000000,0.3769
1749264962,0.38230000,26.70000000,0.3769
1749264962,0.38240000,60.40000000,0.3769
1749264962,0.38250000,26410.10000000,0.3769
1749264962,0.38260000,71618.50000000,0.3769
1749264962,0.38270000,26.70000000,0.3769
1749264962,0.38280000,26.70000000,0.3769
1749264962,0.38290000,26.70000000,0.3769
1749264962,0.38300000,55.50000000,0.3769
1749264962,0.38310000,22860.10000000,0.3769
1749264962,0.38320000,2195.90000000,0.3769
1749264962,0.38330000,26.70000000,0.3769
1749264962,0.38340000,26.70000000,0.3769
1749264962,0.38350000,475.60000000,0.3769
1749264962,0.38360000,191.20000000,0.3769
1749264962,0.38370000,26.60000000,0.3769
1749264962,0.38380000,354.30000000,0.3769
1749264962,0.38390000,86.20000000,0.3769
1749264962,0.38400000,516.10000000,0.3769
1749264962,0.38410000,26.60000000,0.3769
1749264962,0.38420000,13217.40000000,0.3769
1749264962,0.38430000,514854.90000000,0.3769
1749264962,0.38440000,26.60000000,0.3769
1749264962,0.38450000,26.60000000,0.3769
1749264962,0.38460000,1260.70000000,0.3769
1749264962,0.38470000,54.30000000,0.3769
1749264962,0.38480000,13317.90000000,0.3769
1749264962,0.38490000,34.50000000,0.3769
1749264962,0.38500000,2609.70000000,0.3769
1749264962,0.38510000,2207.40000000,0.3769
1749264962,0.38530000,18.00000000,0.3769
1749264962,0.38540000,37.70000000,0.3769
1749264962,0.38550000,111.10000000,0.3769
1749264962,0.38560000,3271.30000000,0.3769
1749264962,0.38570000,23.30000000,0.3769
1749264962,0.38580000,516.20000000,0.3769
1749264962,0.38600000,200.00000000,0.3769
1749264962,0.38610000,3104.90000000,0.3769
1749264962,0.38620000,178.40000000,0.3769
1749264962,0.38630000,199.40000000,0.3769
1749264962,0.38640000,27919.90000000,0.3769
1749264962,0.38650000,2126.20000000,0.3769
1749264962,0.38660000,55.70000000,0.3769
1749264962,0.38680000,181.20000000,0.3769
1749264962,0.38700000,33.00000000,0.3769
1749264962,0.38720000,401.30000000,0.3769
1749264962,0.38730000,112.50000000,0.3769
1749264962,0.38750000,107.60000000,0.3769
1749265264,0.37650000,17149.60000000,0.3765
1749265264,0.37660000,14285.10000000,0.3765
1749265264,0.37670000,33431.40000000,0.3765
1749265264,0.37680000,61967.50000000,0.3765
1749265264,0.37690000,84724.60000000,0.3765
1749265264,0.37700000,301066.30000000,0.3765
1749265264,0.37710000,36355.50000000,0.3765
1749265264,0.37720000,51505.70000000,0.3765
1749265264,0.37730000,33267.50000000,0.3765
1749265264,0.37740000,15503.30000000,0.3765
1749265264,0.37750000,32929.30000000,0.3765
1749265264,0.37760000,12686.60000000,0.3765
1749265264,0.37770000,12814.70000000,0.3765
1749265264,0.37780000,966.80000000,0.3765
1749265264,0.37790000,11499.20000000,0.3765
1749265264,0.37800000,3830.10000000,0.3765
1749265264,0.37810000,8477.50000000,0.3765
1749265264,0.37820000,6909.10000000,0.3765
1749265264,0.37830000,10601.10000000,0.3765
1749265264,0.37840000,20805.30000000,0.3765
1749265264,0.37850000,7984.40000000,0.3765
1749265264,0.37860000,29057.10000000,0.3765
1749265264,0.37870000,114599.20000000,0.3765
1749265264,0.37880000,11802.10000000,0.3765
1749265264,0.37890000,9352.80000000,0.3765
1749265264,0.37900000,18828.10000000,0.3765
1749265264,0.37910000,6021.50000000,0.3765
1749265264,0.37920000,6440.10000000,0.3765
1749265264,0.37930000,5276.30000000,0.3765
1749265264,0.37940000,296.00000000,0.3765
1749265264,0.37950000,1259.10000000,0.3765
1749265264,0.37960000,11220.10000000,0.3765
1749265264,0.37970000,570.30000000,0.3765
1749265264,0.37980000,570.00000000,0.3765
1749265264,0.37990000,15817.50000000,0.3765
1749265264,0.38000000,13476.20000000,0.3765
1749265264,0.38010000,26.90000000,0.3765
1749265264,0.38020000,3063.10000000,0.3765
1749265264,0.38030000,2642.30000000,0.3765
1749265264,0.38040000,4011.30000000,0.3765
1749265264,0.38050000,26.90000000,0.3765
1749265264,0.38060000,5303.80000000,0.3765
1749265264,0.38070000,229.10000000,0.3765
1749265264,0.38080000,4288.90000000,0.3765
1749265264,0.38090000,2642.20000000,0.3765
1749265264,0.38100000,4484.50000000,0.3765
1749265264,0.38110000,20200.80000000,0.3765
1749265264,0.38120000,23928.80000000,0.3765
1749265264,0.38130000,26.80000000,0.3765
1749265264,0.38140000,116.00000000,0.3765
1749265264,0.38150000,6026.80000000,0.3765
1749265264,0.38160000,7383.80000000,0.3765
1749265264,0.38170000,26.80000000,0.3765
1749265264,0.38180000,4026.80000000,0.3765
1749265264,0.38190000,2642.20000000,0.3765
1749265264,0.38200000,53.50000000,0.3765
1749265264,0.38210000,26321.70000000,0.3765
1749265264,0.38220000,81677.50000000,0.3765
1749265264,0.38230000,26.70000000,0.3765
1749265264,0.38240000,60.40000000,0.3765
1749265264,0.38250000,115.10000000,0.3765
1749265264,0.38260000,9383.40000000,0.3765
1749265264,0.38270000,13526.70000000,0.3765
1749265264,0.38280000,26.70000000,0.3765
1749265264,0.38290000,26.70000000,0.3765
1749265264,0.38300000,55.50000000,0.3765
1749265264,0.38310000,26.70000000,0.3765
1749265264,0.38320000,2195.90000000,0.3765
1749265264,0.38330000,26.70000000,0.3765
1749265264,0.38340000,26.70000000,0.3765
1749265264,0.38350000,475.60000000,0.3765
1749265264,0.38360000,13335.30000000,0.3765
1749265264,0.38370000,503707.50000000,0.3765
1749265264,0.38380000,354.30000000,0.3765
1749265264,0.38390000,86.20000000,0.3765
1749265264,0.38400000,516.10000000,0.3765
1749265264,0.38420000,46.70000000,0.3765
1749265264,0.38430000,17.10000000,0.3765
1749265264,0.38460000,1260.70000000,0.3765
1749265264,0.38470000,54.30000000,0.3765
1749265264,0.38480000,13317.90000000,0.3765
1749265264,0.38490000,34.50000000,0.3765
1749265264,0.38500000,2609.70000000,0.3765
1749265264,0.38510000,2207.40000000,0.3765
1749265264,0.38530000,18.00000000,0.3765
1749265264,0.38540000,37.70000000,0.3765
1749265264,0.38550000,111.10000000,0.3765
1749265264,0.38560000,3271.30000000,0.3765
1749265264,0.38570000,23.30000000,0.3765
1749265264,0.38580000,516.20000000,0.3765
1749265264,0.38600000,200.00000000,0.3765
1749265264,0.38610000,70.60000000,0.3765
1749265264,0.38620000,178.40000000,0.3765
1749265264,0.38630000,3233.70000000,0.3765
1749265264,0.38640000,27919.90000000,0.3765
1749265264,0.38650000,2126.20000000,0.3765
1749265264,0.38660000,55.70000000,0.3765
1749265264,0.38680000,181.20000000,0.3765
1749265264,0.38700000,33.00000000,0.3765
1749265264,0.38720000,401.30000000,0.3765
1749265565,0.37740000,4750.60000000,0.3774
1749265565,0.37750000,22872.30000000,0.3774
1749265565,0.37760000,27026.40000000,0.3774
1749265565,0.37770000,40124.60000000,0.3774
1749265565,0.37780000,57427.50000000,0.3774
1749265565,0.37790000,35939.60000000,0.3774
1749265565,0.37800000,47573.90000000,0.3774
1749265565,0.37810000,56251.70000000,0.3774
1749265565,0.37820000,27236.70000000,0.3774
1749265565,0.37830000,9955.10000000,0.3774
1749265565,0.37840000,37920.30000000,0.3774
1749265565,0.37850000,8964.50000000,0.3774
1749265565,0.37860000,9524.50000000,0.3774
1749265565,0.37870000,3562.00000000,0.3774
1749265565,0.37880000,10858.60000000,0.3774
1749265565,0.37890000,9339.80000000,0.3774
1749265565,0.37900000,10116.10000000,0.3774
1749265565,0.37910000,7295.90000000,0.3774
1749265565,0.37920000,12245.20000000,0.3774
1749265565,0.37930000,17214.50000000,0.3774
1749265565,0.37940000,25359.80000000,0.3774
1749265565,0.37950000,112991.00000000,0.3774
1749265565,0.37960000,17025.20000000,0.3774
1749265565,0.37970000,6375.40000000,0.3774
1749265565,0.37980000,15571.00000000,0.3774
1749265565,0.37990000,7553.90000000,0.3774
1749265565,0.38000000,13476.20000000,0.3774
1749265565,0.38010000,4933.30000000,0.3774
1749265565,0.38020000,3949.80000000,0.3774
1749265565,0.38030000,2642.30000000,0.3774
1749265565,0.38040000,9430.60000000,0.3774
1749265565,0.38050000,26.90000000,0.3774
1749265565,0.38060000,5303.80000000,0.3774
1749265565,0.38070000,97.80000000,0.3774
1749265565,0.38080000,4288.90000000,0.3774
1749265565,0.38090000,2642.20000000,0.3774
1749265565,0.38100000,4484.50000000,0.3774
1749265565,0.38110000,458.80000000,0.3774
1749265565,0.38120000,5795.90000000,0.3774
1749265565,0.38130000,26.80000000,0.3774
1749265565,0.38140000,135.90000000,0.3774
1749265565,0.38150000,26.80000000,0.3774
1749265565,0.38160000,7403.70000000,0.3774
1749265565,0.38170000,26.80000000,0.3774
1749265565,0.38180000,4026.80000000,0.3774
1749265565,0.38190000,2642.20000000,0.3774
1749265565,0.38200000,3537.60000000,0.3774
1749265565,0.38210000,32943.90000000,0.3774
1749265565,0.38220000,25191.70000000,0.3774
1749265565,0.38230000,6026.70000000,0.3774
1749265565,0.38240000,191.10000000,0.3774
1749265565,0.38250000,115.10000000,0.3774
1749265565,0.38260000,50.00000000,0.3774
1749265565,0.38270000,26.70000000,0.3774
1749265565,0.38280000,26321.70000000,0.3774
1749265565,0.38290000,26.70000000,0.3774
1749265565,0.38300000,71549.00000000,0.3774
1749265565,0.38310000,26.70000000,0.3774
1749265565,0.38320000,2195.90000000,0.3774
1749265565,0.38330000,26.70000000,0.3774
1749265565,0.38340000,26.70000000,0.3774
1749265565,0.38350000,13975.60000000,0.3774
1749265565,0.38360000,9524.60000000,0.3774
1749265565,0.38370000,26.60000000,0.3774
1749265565,0.38380000,354.30000000,0.3774
1749265565,0.38390000,86.20000000,0.3774
1749265565,0.38400000,516.10000000,0.3774
1749265565,0.38410000,26.60000000,0.3774
1749265565,0.38420000,73.30000000,0.3774
1749265565,0.38430000,43.70000000,0.3774
1749265565,0.38440000,13170.70000000,0.3774
1749265565,0.38450000,26.60000000,0.3774
1749265565,0.38460000,1287.30000000,0.3774
1749265565,0.38470000,504791.80000000,0.3774
1749265565,0.38480000,13344.50000000,0.3774
1749265565,0.38490000,61.10000000,0.3774
1749265565,0.38500000,2609.70000000,0.3774
1749265565,0.38510000,1155.80000000,0.3774
1749265565,0.38530000,18.00000000,0.3774
1749265565,0.38540000,37.70000000,0.3774
1749265565,0.38550000,111.10000000,0.3774
1749265565,0.38570000,3257.40000000,0.3774
1749265565,0.38580000,516.20000000,0.3774
1749265565,0.38600000,70.50000000,0.3774
1749265565,0.38610000,1122.20000000,0.3774
1749265565,0.38620000,178.40000000,0.3774
1749265565,0.38630000,199.40000000,0.3774
1749265565,0.38640000,27919.90000000,0.3774
1749265565,0.38650000,2126.20000000,0.3774
1749265565,0.38660000,55.70000000,0.3774
1749265565,0.38680000,3215.50000000,0.3774
1749265565,0.38700000,33.00000000,0.3774
1749265565,0.38720000,401.30000000,0.3774
1749265565,0.38730000,112.50000000,0.3774
1749265565,0.38750000,107.60000000,0.3774
1749265565,0.38760000,128.90000000,0.3774
1749265565,0.38770000,445.10000000,0.3774
1749265565,0.38800000,174.30000000,0.3774
1749265565,0.38810000,2168.00000000,0.3774
1749265565,0.38820000,69.80000000,0.3774
1749265866,0.37770000,18011.20000000,0.3777
1749265866,0.37780000,15152.50000000,0.3777
1749265866,0.37790000,27106.20000000,0.3777
1749265866,0.37800000,28559.50000000,0.3777
1749265866,0.37810000,43597.70000000,0.3777
1749265866,0.37820000,69720.00000000,0.3777
1749265866,0.37830000,40770.40000000,0.3777
1749265866,0.37840000,22962.20000000,0.3777
1749265866,0.37850000,11260.60000000,0.3777
1749265866,0.37860000,9524.50000000,0.3777
1749265866,0.37870000,32664.60000000,0.3777
1749265866,0.37880000,7110.00000000,0.3777
1749265866,0.37890000,5711.90000000,0.3777
1749265866,0.37900000,26452.70000000,0.3777
1749265866,0.37910000,9920.10000000,0.3777
1749265866,0.37920000,12243.90000000,0.3777
1749265866,0.37930000,17214.50000000,0.3777
1749265866,0.37940000,26652.40000000,0.3777
1749265866,0.37950000,7074.60000000,0.3777
1749265866,0.37960000,17025.20000000,0.3777
1749265866,0.37970000,6375.40000000,0.3777
1749265866,0.37980000,121399.60000000,0.3777
1749265866,0.37990000,8453.90000000,0.3777
1749265866,0.38000000,14376.20000000,0.3777
1749265866,0.38010000,5833.30000000,0.3777
1749265866,0.38020000,3063.10000000,0.3777
1749265866,0.38030000,7547.40000000,0.3777
1749265866,0.38040000,9430.60000000,0.3777
1749265866,0.38050000,26.90000000,0.3777
1749265866,0.38060000,5303.80000000,0.3777
1749265866,0.38070000,984.50000000,0.3777
1749265866,0.38080000,4288.90000000,0.3777
1749265866,0.38090000,2642.20000000,0.3777
1749265866,0.38100000,4484.50000000,0.3777
1749265866,0.38110000,458.80000000,0.3777
1749265866,0.38120000,5795.90000000,0.3777
1749265866,0.38130000,26.80000000,0.3777
1749265866,0.38140000,135.90000000,0.3777
1749265866,0.38150000,26.80000000,0.3777
1749265866,0.38160000,7403.70000000,0.3777
1749265866,0.38170000,26.80000000,0.3777
1749265866,0.38180000,4026.80000000,0.3777
1749265866,0.38190000,2642.20000000,0.3777
1749265866,0.38200000,3537.60000000,0.3777
1749265866,0.38210000,32943.90000000,0.3777
1749265866,0.38220000,25191.70000000,0.3777
1749265866,0.38230000,6026.70000000,0.3777
1749265866,0.38240000,191.10000000,0.3777
1749265866,0.38250000,115.10000000,0.3777
1749265866,0.38260000,50.00000000,0.3777
1749265866,0.38270000,26.70000000,0.3777
1749265866,0.38280000,26.70000000,0.3777
1749265866,0.38290000,26321.70000000,0.3777
1749265866,0.38300000,55.50000000,0.3777
1749265866,0.38310000,26.70000000,0.3777
1749265866,0.38320000,2195.90000000,0.3777
1749265866,0.38330000,71461.00000000,0.3777
1749265866,0.38340000,26.70000000,0.3777
1749265866,0.38350000,13975.60000000,0.3777
1749265866,0.38360000,9524.60000000,0.3777
1749265866,0.38370000,26.60000000,0.3777
1749265866,0.38380000,354.30000000,0.3777
1749265866,0.38390000,86.20000000,0.3777
1749265866,0.38400000,45.80000000,0.3777
1749265866,0.38410000,26.60000000,0.3777
1749265866,0.38420000,73.30000000,0.3777
1749265866,0.38430000,43.70000000,0.3777
1749265866,0.38440000,13170.70000000,0.3777
1749265866,0.38450000,26.60000000,0.3777
1749265866,0.38460000,1757.60000000,0.3777
1749265866,0.38470000,80.90000000,0.3777
1749265866,0.38480000,13344.50000000,0.3777
1749265866,0.38490000,519527.80000000,0.3777
1749265866,0.38500000,2636.20000000,0.3777
1749265866,0.38510000,1182.30000000,0.3777
1749265866,0.38520000,26.50000000,0.3777
1749265866,0.38530000,18.00000000,0.3777
1749265866,0.38540000,37.70000000,0.3777
1749265866,0.38550000,111.10000000,0.3777
1749265866,0.38570000,3257.40000000,0.3777
1749265866,0.38580000,516.20000000,0.3777
1749265866,0.38600000,70.50000000,0.3777
1749265866,0.38610000,1122.20000000,0.3777
1749265866,0.38620000,178.40000000,0.3777
1749265866,0.38630000,199.40000000,0.3777
1749265866,0.38640000,27919.90000000,0.3777
1749265866,0.38650000,2126.20000000,0.3777
1749265866,0.38660000,55.70000000,0.3777
1749265866,0.38680000,3215.50000000,0.3777
1749265866,0.38700000,33.00000000,0.3777
1749265866,0.38720000,401.30000000,0.3777
1749265866,0.38730000,112.50000000,0.3777
1749265866,0.38750000,107.60000000,0.3777
1749265866,0.38760000,128.90000000,0.3777
1749265866,0.38770000,445.10000000,0.3777
1749265866,0.38800000,174.30000000,0.3777
1749265866,0.38810000,2168.00000000,0.3777
1749265866,0.38820000,69.80000000,0.3777
1749265866,0.38830000,15.20000000,0.3777
1749265866,0.38840000,77.00000000,0.3777
1749266168,0.37840000,5764.80000000,0.3783
1749266168,0.37850000,15232.70000000,0.3783
1749266168,0.37860000,21041.30000000,0.3783
1749266168,0.37870000,31487.80000000,0.3783
1749266168,0.37880000,55156.50000000,0.3783
1749266168,0.37890000,30458.80000000,0.3783
1749266168,0.37900000,36983.50000000,0.3783
1749266168,0.37910000,46661.20000000,0.3783
1749266168,0.37920000,13644.30000000,0.3783
1749266168,0.37930000,10459.30000000,0.3783
1749266168,0.37940000,35979.30000000,0.3783
1749266168,0.37950000,946.80000000,0.3783
1749266168,0.37960000,13617.70000000,0.3783
1749266168,0.37970000,926.90000000,0.3783
1749266168,0.37980000,6889.30000000,0.3783
1749266168,0.37990000,12644.10000000,0.3783
1749266168,0.38000000,19886.30000000,0.3783
1749266168,0.38010000,12072.60000000,0.3783
1749266168,0.38020000,14805.40000000,0.3783
1749266168,0.38030000,25640.20000000,0.3783
1749266168,0.38040000,15974.20000000,0.3783
1749266168,0.38050000,7061.60000000,0.3783
1749266168,0.38060000,122142.10000000,0.3783
1749266168,0.38070000,5897.70000000,0.3783
1749266168,0.38080000,11799.00000000,0.3783
1749266168,0.38090000,8438.20000000,0.3783
1749266168,0.38100000,10075.00000000,0.3783
1749266168,0.38110000,632.60000000,0.3783
1749266168,0.38120000,5795.90000000,0.3783
1749266168,0.38130000,570.20000000,0.3783
1749266168,0.38140000,135.90000000,0.3783
1749266168,0.38150000,26.80000000,0.3783
1749266168,0.38160000,7403.70000000,0.3783
1749266168,0.38170000,26.80000000,0.3783
1749266168,0.38180000,4062.40000000,0.3783
1749266168,0.38190000,2642.20000000,0.3783
1749266168,0.38200000,2688.80000000,0.3783
1749266168,0.38210000,32943.90000000,0.3783
1749266168,0.38220000,10046.60000000,0.3783
1749266168,0.38230000,26.70000000,0.3783
1749266168,0.38240000,2826.40000000,0.3783
1749266168,0.38250000,228.20000000,0.3783
1749266168,0.38260000,2665.40000000,0.3783
1749266168,0.38270000,4255.00000000,0.3783
1749266168,0.38280000,2946.40000000,0.3783
1749266168,0.38290000,26.70000000,0.3783
1749266168,0.38300000,55.50000000,0.3783
1749266168,0.38310000,21540.60000000,0.3783
1749266168,0.38320000,2195.90000000,0.3783
1749266168,0.38330000,26.70000000,0.3783
1749266168,0.38340000,26.70000000,0.3783
1749266168,0.38350000,475.60000000,0.3783
1749266168,0.38360000,191.20000000,0.3783
1749266168,0.38370000,26.60000000,0.3783
1749266168,0.38380000,26649.30000000,0.3783
1749266168,0.38390000,86.20000000,0.3783
1749266168,0.38400000,45.80000000,0.3783
1749266168,0.38410000,71322.00000000,0.3783
1749266168,0.38420000,73.30000000,0.3783
1749266168,0.38430000,26.60000000,0.3783
1749266168,0.38440000,22860.00000000,0.3783
1749266168,0.38450000,26.60000000,0.3783
1749266168,0.38460000,1287.30000000,0.3783
1749266168,0.38470000,80.90000000,0.3783
1749266168,0.38480000,13344.50000000,0.3783
1749266168,0.38490000,61.10000000,0.3783
1749266168,0.38500000,2636.20000000,0.3783
1749266168,0.38510000,1182.30000000,0.3783
1749266168,0.38520000,26.50000000,0.3783
1749266168,0.38530000,44.50000000,0.3783
1749266168,0.38540000,13678.60000000,0.3783
1749266168,0.38550000,154.70000000,0.3783
1749266168,0.38560000,518085.00000000,0.3783
1749266168,0.38570000,49.80000000,0.3783
1749266168,0.38580000,542.70000000,0.3783
1749266168,0.38590000,26.50000000,0.3783
1749266168,0.38600000,70.50000000,0.3783
1749266168,0.38610000,1122.20000000,0.3783
1749266168,0.38620000,178.40000000,0.3783
1749266168,0.38630000,199.40000000,0.3783
1749266168,0.38650000,2126.20000000,0.3783
1749266168,0.38660000,55.70000000,0.3783
1749266168,0.38670000,3229.60000000,0.3783
1749266168,0.38680000,181.20000000,0.3783
1749266168,0.38700000,33.00000000,0.3783
1749266168,0.38720000,401.30000000,0.3783
1749266168,0.38730000,112.50000000,0.3783
1749266168,0.38750000,107.60000000,0.3783
1749266168,0.38760000,3163.20000000,0.3783
1749266168,0.38770000,445.10000000,0.3783
1749266168,0.38800000,174.30000000,0.3783
1749266168,0.38810000,2168.00000000,0.3783
1749266168,0.38820000,69.80000000,0.3783
1749266168,0.38830000,15.20000000,0.3783
1749266168,0.38840000,28511.50000000,0.3783
1749266168,0.38850000,6783.50000000,0.3783
1749266168,0.38870000,49.70000000,0.3783
1749266168,0.38880000,164.60000000,0.3783
1749266168,0.38890000,42.50000000,0.3783
1749266168,0.38920000,2689.10000000,0.3783
1749266469,0.37740000,8751.40000000,0.3773
1749266469,0.37750000,13943.40000000,0.3773
1749266469,0.37760000,19087.00000000,0.3773
1749266469,0.37770000,26185.00000000,0.3773
1749266469,0.37780000,49878.70000000,0.3773
1749266469,0.37790000,42567.50000000,0.3773
1749266469,0.37800000,52196.00000000,0.3773
1749266469,0.37810000,55475.60000000,0.3773
1749266469,0.37820000,44976.50000000,0.3773
1749266469,0.37830000,16494.70000000,0.3773
1749266469,0.37840000,17637.50000000,0.3773
1749266469,0.37850000,28163.10000000,0.3773
1749266469,0.37860000,12171.00000000,0.3773
1749266469,0.37870000,4839.20000000,0.3773
1749266469,0.37880000,10573.90000000,0.3773
1749266469,0.37890000,21395.50000000,0.3773
1749266469,0.37900000,9524.50000000,0.3773
1749266469,0.37910000,5850.70000000,0.3773
1749266469,0.37920000,12262.50000000,0.3773
1749266469,0.37930000,17205.80000000,0.3773
1749266469,0.37940000,8225.10000000,0.3773
1749266469,0.37950000,5824.20000000,0.3773
1749266469,0.37960000,122901.80000000,0.3773
1749266469,0.37970000,5822.90000000,0.3773
1749266469,0.37980000,11791.80000000,0.3773
1749266469,0.37990000,8609.50000000,0.3773
1749266469,0.38000000,19886.30000000,0.3773
1749266469,0.38010000,10150.70000000,0.3773
1749266469,0.38020000,14809.30000000,0.3773
1749266469,0.38030000,19442.50000000,0.3773
1749266469,0.38040000,9473.40000000,0.3773
1749266469,0.38050000,2159.10000000,0.3773
1749266469,0.38060000,12146.20000000,0.3773
1749266469,0.38070000,97.80000000,0.3773
1749266469,0.38080000,6003.00000000,0.3773
1749266469,0.38090000,2642.20000000,0.3773
1749266469,0.38100000,4484.50000000,0.3773
1749266469,0.38110000,458.80000000,0.3773
1749266469,0.38120000,5795.90000000,0.3773
1749266469,0.38130000,570.20000000,0.3773
1749266469,0.38140000,135.90000000,0.3773
1749266469,0.38150000,26.80000000,0.3773
1749266469,0.38160000,7403.70000000,0.3773
1749266469,0.38170000,26.80000000,0.3773
1749266469,0.38180000,4062.40000000,0.3773
1749266469,0.38190000,2642.20000000,0.3773
1749266469,0.38200000,4294.90000000,0.3773
1749266469,0.38210000,32943.90000000,0.3773
1749266469,0.38220000,28655.70000000,0.3773
1749266469,0.38230000,6026.70000000,0.3773
1749266469,0.38240000,2826.40000000,0.3773
1749266469,0.38250000,228.20000000,0.3773
1749266469,0.38260000,2665.40000000,0.3773
1749266469,0.38270000,4255.00000000,0.3773
1749266469,0.38280000,26.70000000,0.3773
1749266469,0.38290000,26.70000000,0.3773
1749266469,0.38300000,55.50000000,0.3773
1749266469,0.38310000,26.70000000,0.3773
1749266469,0.38320000,99957.50000000,0.3773
1749266469,0.38330000,26.70000000,0.3773
1749266469,0.38340000,26.70000000,0.3773
1749266469,0.38350000,13975.60000000,0.3773
1749266469,0.38360000,9524.60000000,0.3773
1749266469,0.38370000,26.60000000,0.3773
1749266469,0.38380000,354.30000000,0.3773
1749266469,0.38390000,86.20000000,0.3773
1749266469,0.38400000,45.80000000,0.3773
1749266469,0.38410000,26.60000000,0.3773
1749266469,0.38420000,73.30000000,0.3773
1749266469,0.38430000,26.60000000,0.3773
1749266469,0.38440000,26.60000000,0.3773
1749266469,0.38450000,26.60000000,0.3773
1749266469,0.38460000,500384.20000000,0.3773
1749266469,0.38470000,13225.00000000,0.3773
1749266469,0.38480000,13344.50000000,0.3773
1749266469,0.38490000,61.10000000,0.3773
1749266469,0.38500000,2609.70000000,0.3773
1749266469,0.38510000,1510.90000000,0.3773
1749266469,0.38530000,18.00000000,0.3773
1749266469,0.38540000,152.90000000,0.3773
1749266469,0.38550000,128.20000000,0.3773
1749266469,0.38570000,23.30000000,0.3773
1749266469,0.38580000,516.20000000,0.3773
1749266469,0.38590000,3492.00000000,0.3773
1749266469,0.38600000,70.50000000,0.3773
1749266469,0.38610000,1122.20000000,0.3773
1749266469,0.38620000,178.40000000,0.3773
1749266469,0.38630000,199.40000000,0.3773
1749266469,0.38650000,2126.20000000,0.3773
1749266469,0.38660000,55.70000000,0.3773
1749266469,0.38680000,181.20000000,0.3773
1749266469,0.38700000,33.00000000,0.3773
1749266469,0.38720000,401.30000000,0.3773
1749266469,0.38730000,112.50000000,0.3773
1749266469,0.38750000,107.60000000,0.3773
1749266469,0.38760000,3163.20000000,0.3773
1749266469,0.38770000,445.10000000,0.3773
1749266469,0.38800000,174.30000000,0.3773
1749266469,0.38810000,2168.00000000,0.3773
1749266469,0.38820000,69.80000000,0.3773
1749266771,0.37840000,11205.00000000,0.3783
1749266771,0.37850000,25738.50000000,0.3783
1749266771,0.37860000,40454.90000000,0.3783
1749266771,0.37870000,13224.00000000,0.3783
1749266771,0.37880000,33268.20000000,0.3783
1749266771,0.37890000,32260.60000000,0.3783
1749266771,0.37900000,23856.00000000,0.3783
1749266771,0.37910000,10283.40000000,0.3783
1749266771,0.37920000,13276.20000000,0.3783
1749266771,0.37930000,11792.30000000,0.3783
1749266771,0.37940000,36809.60000000,0.3783
1749266771,0.37950000,6960.50000000,0.3783
1749266771,0.37960000,13637.60000000,0.3783
1749266771,0.37970000,16017.90000000,0.3783
1749266771,0.37980000,6889.30000000,0.3783
1749266771,0.37990000,8434.40000000,0.3783
1749266771,0.38000000,14987.70000000,0.3783
1749266771,0.38010000,5817.80000000,0.3783
1749266771,0.38020000,14809.30000000,0.3783
1749266771,0.38030000,24339.80000000,0.3783
1749266771,0.38040000,13303.70000000,0.3783
1749266771,0.38050000,13314.00000000,0.3783
1749266771,0.38060000,17042.20000000,0.3783
1749266771,0.38070000,111481.60000000,0.3783
1749266771,0.38080000,11799.00000000,0.3783
1749266771,0.38090000,12622.90000000,0.3783
1749266771,0.38100000,5384.50000000,0.3783
1749266771,0.38110000,6428.60000000,0.3783
1749266771,0.38120000,6695.90000000,0.3783
1749266771,0.38130000,570.20000000,0.3783
1749266771,0.38140000,135.90000000,0.3783
1749266771,0.38150000,26.80000000,0.3783
1749266771,0.38160000,7403.70000000,0.3783
1749266771,0.38170000,26.80000000,0.3783
1749266771,0.38180000,4062.40000000,0.3783
1749266771,0.38190000,2642.20000000,0.3783
1749266771,0.38200000,6653.20000000,0.3783
1749266771,0.38210000,26.70000000,0.3783
1749266771,0.38220000,10046.60000000,0.3783
1749266771,0.38230000,26.70000000,0.3783
1749266771,0.38240000,2826.40000000,0.3783
1749266771,0.38250000,228.20000000,0.3783
1749266771,0.38260000,2685.30000000,0.3783
1749266771,0.38270000,4255.00000000,0.3783
1749266771,0.38280000,26.70000000,0.3783
1749266771,0.38290000,26.70000000,0.3783
1749266771,0.38300000,55.50000000,0.3783
1749266771,0.38310000,38943.90000000,0.3783
1749266771,0.38320000,17691.70000000,0.3783
1749266771,0.38330000,26.70000000,0.3783
1749266771,0.38340000,2793.40000000,0.3783
1749266771,0.38350000,475.60000000,0.3783
1749266771,0.38360000,191.20000000,0.3783
1749266771,0.38370000,26.60000000,0.3783
1749266771,0.38380000,354.30000000,0.3783
1749266771,0.38390000,86.20000000,0.3783
1749266771,0.38400000,45.80000000,0.3783
1749266771,0.38410000,26321.60000000,0.3783
1749266771,0.38420000,71341.50000000,0.3783
1749266771,0.38430000,13526.60000000,0.3783
1749266771,0.38440000,9360.00000000,0.3783
1749266771,0.38450000,141.80000000,0.3783
1749266771,0.38460000,1287.30000000,0.3783
1749266771,0.38470000,80.90000000,0.3783
1749266771,0.38480000,13344.50000000,0.3783
1749266771,0.38490000,61.10000000,0.3783
1749266771,0.38500000,2636.20000000,0.3783
1749266771,0.38510000,1537.40000000,0.3783
1749266771,0.38520000,26.50000000,0.3783
1749266771,0.38530000,44.50000000,0.3783
1749266771,0.38540000,64.20000000,0.3783
1749266771,0.38550000,13298.80000000,0.3783
1749266771,0.38560000,503718.70000000,0.3783
1749266771,0.38570000,49.80000000,0.3783
1749266771,0.38580000,542.70000000,0.3783
1749266771,0.38590000,26.50000000,0.3783
1749266771,0.38600000,70.50000000,0.3783
1749266771,0.38610000,70.60000000,0.3783
1749266771,0.38620000,178.40000000,0.3783
1749266771,0.38630000,199.40000000,0.3783
1749266771,0.38650000,2126.20000000,0.3783
1749266771,0.38660000,55.70000000,0.3783
1749266771,0.38670000,3034.30000000,0.3783
1749266771,0.38680000,181.20000000,0.3783
1749266771,0.38700000,33.00000000,0.3783
1749266771,0.38710000,1051.60000000,0.3783
1749266771,0.38720000,401.30000000,0.3783
1749266771,0.38730000,112.50000000,0.3783
1749266771,0.38740000,2714.30000000,0.3783
1749266771,0.38750000,107.60000000,0.3783
1749266771,0.38760000,128.90000000,0.3783
1749266771,0.38770000,445.10000000,0.3783
1749266771,0.38800000,174.30000000,0.3783
1749266771,0.38810000,2168.00000000,0.3783
1749266771,0.38820000,69.80000000,0.3783
1749266771,0.38830000,15.20000000,0.3783
1749266771,0.38840000,28511.50000000,0.3783
1749266771,0.38850000,6783.50000000,0.3783
1749266771,0.38870000,49.70000000,0.3783
1749266771,0.38880000,164.60000000,0.3783
1749267072,0.37840000,11950.30000000,0.3784
1749267072,0.37850000,16735.90000000,0.3784
1749267072,0.37860000,29116.80000000,0.3784
1749267072,0.37870000,40865.30000000,0.3784
1749267072,0.37880000,54812.90000000,0.3784
1749267072,0.37890000,40661.70000000,0.3784
1749267072,0.37900000,19725.70000000,0.3784
1749267072,0.37910000,12763.10000000,0.3784
1749267072,0.37920000,22286.60000000,0.3784
1749267072,0.37930000,19779.10000000,0.3784
1749267072,0.37940000,37249.00000000,0.3784
1749267072,0.37950000,6960.70000000,0.3784
1749267072,0.37960000,12360.40000000,0.3784
1749267072,0.37970000,5519.10000000,0.3784
1749267072,0.37980000,6889.30000000,0.3784
1749267072,0.37990000,8434.40000000,0.3784
1749267072,0.38000000,14987.70000000,0.3784
1749267072,0.38010000,5817.80000000,0.3784
1749267072,0.38020000,14809.30000000,0.3784
1749267072,0.38030000,24339.80000000,0.3784
1749267072,0.38040000,13303.70000000,0.3784
1749267072,0.38050000,118949.90000000,0.3784
1749267072,0.38060000,17042.20000000,0.3784
1749267072,0.38070000,6785.70000000,0.3784
1749267072,0.38080000,11799.00000000,0.3784
1749267072,0.38090000,11736.20000000,0.3784
1749267072,0.38100000,5384.50000000,0.3784
1749267072,0.38110000,6428.60000000,0.3784
1749267072,0.38120000,6695.90000000,0.3784
1749267072,0.38130000,570.20000000,0.3784
1749267072,0.38140000,135.90000000,0.3784
1749267072,0.38150000,26.80000000,0.3784
1749267072,0.38160000,7403.70000000,0.3784
1749267072,0.38170000,26.80000000,0.3784
1749267072,0.38180000,4062.40000000,0.3784
1749267072,0.38190000,2642.20000000,0.3784
1749267072,0.38200000,6653.20000000,0.3784
1749267072,0.38210000,26.70000000,0.3784
1749267072,0.38220000,10046.60000000,0.3784
1749267072,0.38230000,26.70000000,0.3784
1749267072,0.38240000,2826.40000000,0.3784
1749267072,0.38250000,228.20000000,0.3784
1749267072,0.38260000,2685.30000000,0.3784
1749267072,0.38270000,4255.00000000,0.3784
1749267072,0.38280000,26.70000000,0.3784
1749267072,0.38290000,26.70000000,0.3784
1749267072,0.38300000,55.50000000,0.3784
1749267072,0.38310000,38943.90000000,0.3784
1749267072,0.38320000,17691.70000000,0.3784
1749267072,0.38330000,2841.90000000,0.3784
1749267072,0.38340000,26.70000000,0.3784
1749267072,0.38350000,475.60000000,0.3784
1749267072,0.38360000,191.20000000,0.3784
1749267072,0.38370000,26.60000000,0.3784
1749267072,0.38380000,354.30000000,0.3784
1749267072,0.38390000,86.20000000,0.3784
1749267072,0.38400000,97644.90000000,0.3784
1749267072,0.38410000,26.60000000,0.3784
1749267072,0.38420000,73.30000000,0.3784
1749267072,0.38430000,13526.60000000,0.3784
1749267072,0.38440000,9360.00000000,0.3784
1749267072,0.38450000,26.60000000,0.3784
1749267072,0.38460000,1287.30000000,0.3784
1749267072,0.38470000,80.90000000,0.3784
1749267072,0.38480000,13344.50000000,0.3784
1749267072,0.38490000,61.10000000,0.3784
1749267072,0.38500000,2636.20000000,0.3784
1749267072,0.38510000,1182.30000000,0.3784
1749267072,0.38520000,26.50000000,0.3784
1749267072,0.38530000,44.50000000,0.3784
1749267072,0.38540000,64.20000000,0.3784
1749267072,0.38550000,13769.10000000,0.3784
1749267072,0.38560000,517244.70000000,0.3784
1749267072,0.38570000,49.80000000,0.3784
1749267072,0.38580000,542.70000000,0.3784
1749267072,0.38590000,26.50000000,0.3784
1749267072,0.38600000,70.50000000,0.3784
1749267072,0.38610000,70.60000000,0.3784
1749267072,0.38620000,178.40000000,0.3784
1749267072,0.38630000,199.40000000,0.3784
1749267072,0.38650000,2126.20000000,0.3784
1749267072,0.38660000,55.70000000,0.3784
1749267072,0.38680000,181.20000000,0.3784
1749267072,0.38700000,33.00000000,0.3784
1749267072,0.38710000,1051.60000000,0.3784
1749267072,0.38720000,401.30000000,0.3784
1749267072,0.38730000,112.50000000,0.3784
1749267072,0.38740000,2714.30000000,0.3784
1749267072,0.38750000,107.60000000,0.3784
1749267072,0.38760000,128.90000000,0.3784
1749267072,0.38770000,445.10000000,0.3784
1749267072,0.38790000,3034.30000000,0.3784
1749267072,0.38800000,174.30000000,0.3784
1749267072,0.38810000,2168.00000000,0.3784
1749267072,0.38820000,69.80000000,0.3784
1749267072,0.38830000,15.20000000,0.3784
1749267072,0.38840000,28511.50000000,0.3784
1749267072,0.38850000,6783.50000000,0.3784
1749267072,0.38870000,49.70000000,0.3784
1749267072,0.38880000,164.60000000,0.3784
1749267374,0.37860000,15538.80000000,0.3786
1749267374,0.37870000,9672.70000000,0.3786
1749267374,0.37880000,27678.10000000,0.3786
1749267374,0.37890000,30737.70000000,0.3786
1749267374,0.37900000,29431.40000000,0.3786
1749267374,0.37910000,38186.50000000,0.3786
1749267374,0.37920000,33396.10000000,0.3786
1749267374,0.37930000,14241.50000000,0.3786
1749267374,0.37940000,13918.30000000,0.3786
1749267374,0.37950000,4351.40000000,0.3786
1749267374,0.37960000,41393.00000000,0.3786
1749267374,0.37970000,15931.40000000,0.3786
1749267374,0.37980000,6889.30000000,0.3786
1749267374,0.37990000,3542.30000000,0.3786
1749267374,0.38000000,18752.20000000,0.3786
1749267374,0.38010000,5817.80000000,0.3786
1749267374,0.38020000,14809.30000000,0.3786
1749267374,0.38030000,25632.40000000,0.3786
1749267374,0.38040000,12011.10000000,0.3786
1749267374,0.38050000,14139.60000000,0.3786
1749267374,0.38060000,17042.20000000,0.3786
1749267374,0.38070000,5899.00000000,0.3786
1749267374,0.38080000,117370.70000000,0.3786
1749267374,0.38090000,11736.20000000,0.3786
1749267374,0.38100000,5384.50000000,0.3786
1749267374,0.38110000,6426.00000000,0.3786
1749267374,0.38120000,6695.90000000,0.3786
1749267374,0.38130000,570.20000000,0.3786
1749267374,0.38140000,135.90000000,0.3786
1749267374,0.38150000,26.80000000,0.3786
1749267374,0.38160000,7403.70000000,0.3786
1749267374,0.38170000,26.80000000,0.3786
1749267374,0.38180000,4062.40000000,0.3786
1749267374,0.38190000,2642.20000000,0.3786
1749267374,0.38200000,6653.20000000,0.3786
1749267374,0.38210000,26.70000000,0.3786
1749267374,0.38220000,10046.60000000,0.3786
1749267374,0.38230000,26.70000000,0.3786
1749267374,0.38240000,2826.40000000,0.3786
1749267374,0.38250000,228.20000000,0.3786
1749267374,0.38260000,2685.30000000,0.3786
1749267374,0.38270000,8022.40000000,0.3786
1749267374,0.38280000,26.70000000,0.3786
1749267374,0.38290000,26.70000000,0.3786
1749267374,0.38300000,55.50000000,0.3786
1749267374,0.38310000,38943.90000000,0.3786
1749267374,0.38320000,17691.70000000,0.3786
1749267374,0.38330000,26.70000000,0.3786
1749267374,0.38340000,26.70000000,0.3786
1749267374,0.38350000,475.60000000,0.3786
1749267374,0.38360000,191.20000000,0.3786
1749267374,0.38370000,26.60000000,0.3786
1749267374,0.38380000,354.30000000,0.3786
1749267374,0.38390000,86.20000000,0.3786
1749267374,0.38400000,45.80000000,0.3786
1749267374,0.38410000,26.60000000,0.3786
1749267374,0.38420000,97629.10000000,0.3786
1749267374,0.38430000,13526.60000000,0.3786
1749267374,0.38440000,9360.00000000,0.3786
1749267374,0.38450000,26.60000000,0.3786
1749267374,0.38460000,1287.30000000,0.3786
1749267374,0.38470000,80.90000000,0.3786
1749267374,0.38480000,13344.50000000,0.3786
1749267374,0.38490000,61.10000000,0.3786
1749267374,0.38500000,2636.20000000,0.3786
1749267374,0.38510000,1182.30000000,0.3786
1749267374,0.38520000,26.50000000,0.3786
1749267374,0.38530000,399.60000000,0.3786
1749267374,0.38540000,64.20000000,0.3786
1749267374,0.38550000,269.90000000,0.3786
1749267374,0.38560000,26.50000000,0.3786
1749267374,0.38570000,13193.90000000,0.3786
1749267374,0.38580000,518883.00000000,0.3786
1749267374,0.38590000,26.50000000,0.3786
1749267374,0.38600000,97.00000000,0.3786
1749267374,0.38610000,97.10000000,0.3786
1749267374,0.38620000,178.40000000,0.3786
1749267374,0.38630000,199.40000000,0.3786
1749267374,0.38650000,2126.20000000,0.3786
1749267374,0.38660000,4216.70000000,0.3786
1749267374,0.38680000,181.20000000,0.3786
1749267374,0.38700000,33.00000000,0.3786
1749267374,0.38710000,1051.60000000,0.3786
1749267374,0.38720000,401.30000000,0.3786
1749267374,0.38730000,112.50000000,0.3786
1749267374,0.38750000,107.60000000,0.3786
1749267374,0.38760000,128.90000000,0.3786
1749267374,0.38770000,445.10000000,0.3786
1749267374,0.38790000,3034.30000000,0.3786
1749267374,0.38800000,174.30000000,0.3786
1749267374,0.38810000,2168.00000000,0.3786
1749267374,0.38820000,69.80000000,0.3786
1749267374,0.38830000,15.20000000,0.3786
1749267374,0.38840000,28511.50000000,0.3786
1749267374,0.38850000,6783.50000000,0.3786
1749267374,0.38870000,49.70000000,0.3786
1749267374,0.38880000,164.60000000,0.3786
