timestamp,price,volume,current_price
1749254461,0.26940000,4981.00000000,0.2694
1749254461,0.26950000,35969.00000000,0.2694
1749254461,0.26960000,17606.00000000,0.2694
1749254461,0.26970000,49729.00000000,0.2694
1749254461,0.26980000,63580.00000000,0.2694
1749254461,0.26990000,61548.00000000,0.2694
1749254461,0.27000000,17564.00000000,0.2694
1749254461,0.27010000,4532.00000000,0.2694
1749254461,0.27020000,42171.00000000,0.2694
1749254461,0.27030000,55788.00000000,0.2694
1749254461,0.27040000,3384.00000000,0.2694
1749254461,0.27050000,6209.00000000,0.2694
1749254461,0.27060000,3723.00000000,0.2694
1749254461,0.27070000,2334.00000000,0.2694
1749254461,0.27080000,70034.00000000,0.2694
1749254461,0.27090000,1669.00000000,0.2694
1749254461,0.27100000,1712.00000000,0.2694
1749254461,0.27110000,1669.00000000,0.2694
1749254461,0.27120000,3806.00000000,0.2694
1749254461,0.27130000,3805.00000000,0.2694
1749254461,0.27140000,1661.00000000,0.2694
1749254461,0.27150000,7931.00000000,0.2694
1749254461,0.27160000,1661.00000000,0.2694
1749254461,0.27170000,1640.00000000,0.2694
1749254461,0.27180000,1702.00000000,0.2694
1749254461,0.27190000,2906.00000000,0.2694
1749254461,0.27200000,1661.00000000,0.2694
1749254461,0.27210000,20216.00000000,0.2694
1749254461,0.27220000,20806.00000000,0.2694
1749254461,0.27230000,1662.00000000,0.2694
1749254461,0.27240000,86.00000000,0.2694
1749254461,0.27250000,7500.00000000,0.2694
1749254461,0.27260000,65.00000000,0.2694
1749254461,0.27270000,65.00000000,0.2694
1749254461,0.27280000,498.00000000,0.2694
1749254461,0.27290000,1619.00000000,0.2694
1749254461,0.27300000,5065.00000000,0.2694
1749254461,0.27310000,65.00000000,0.2694
1749254461,0.27320000,108.00000000,0.2694
1749254461,0.27330000,249.00000000,0.2694
1749254461,0.27340000,9174.00000000,0.2694
1749254461,0.27350000,59.00000000,0.2694
1749254461,0.27360000,589.00000000,0.2694
1749254461,0.27370000,5991.00000000,0.2694
1749254461,0.27380000,5399.00000000,0.2694
1749254461,0.27390000,57.00000000,0.2694
1749254461,0.27400000,116.00000000,0.2694
1749254461,0.27410000,37.00000000,0.2694
1749254461,0.27420000,37.00000000,0.2694
1749254461,0.27430000,5037.00000000,0.2694
1749254461,0.27440000,137.00000000,0.2694
1749254461,0.27450000,37.00000000,0.2694
1749254461,0.27460000,37.00000000,0.2694
1749254461,0.27470000,37.00000000,0.2694
1749254461,0.27480000,9360.00000000,0.2694
1749254461,0.27490000,723.00000000,0.2694
1749254461,0.27500000,1877.00000000,0.2694
1749254461,0.27510000,37.00000000,0.2694
1749254461,0.27520000,1611.00000000,0.2694
1749254461,0.27530000,37.00000000,0.2694
1749254461,0.27540000,96.00000000,0.2694
1749254461,0.27550000,37.00000000,0.2694
1749254461,0.27560000,37.00000000,0.2694
1749254461,0.27570000,37.00000000,0.2694
1749254461,0.27580000,37.00000000,0.2694
1749254461,0.27590000,58.00000000,0.2694
1749254461,0.27600000,131.00000000,0.2694
1749254461,0.27610000,1595.00000000,0.2694
1749254461,0.27620000,86.00000000,0.2694
1749254461,0.27630000,60.00000000,0.2694
1749254461,0.27640000,89.00000000,0.2694
1749254461,0.27650000,975.00000000,0.2694
1749254461,0.27660000,82.00000000,0.2694
1749254461,0.27670000,150.00000000,0.2694
1749254461,0.27680000,66.00000000,0.2694
1749254461,0.27690000,38.00000000,0.2694
1749254461,0.27700000,104.00000000,0.2694
1749254461,0.27720000,101.00000000,0.2694
1749254461,0.27730000,22.00000000,0.2694
1749254461,0.27750000,115.00000000,0.2694
1749254461,0.27800000,241.00000000,0.2694
1749254461,0.27830000,3089.00000000,0.2694
1749254461,0.27850000,3840.00000000,0.2694
1749254461,0.27860000,74.00000000,0.2694
1749254461,0.27880000,260.00000000,0.2694
1749254461,0.27890000,588.00000000,0.2694
1749254461,0.27900000,106.00000000,0.2694
1749254461,0.27920000,29.00000000,0.2694
1749254461,0.27940000,36.00000000,0.2694
1749254461,0.27970000,20.00000000,0.2694
1749254461,0.27980000,56.00000000,0.2694
1749254461,0.27990000,22.00000000,0.2694
1749254461,0.28000000,1372.00000000,0.2694
1749254461,0.28010000,21.00000000,0.2694
1749254461,0.28060000,3820.00000000,0.2694
1749254461,0.28070000,24.00000000,0.2694
1749254461,0.28120000,206.00000000,0.2694
1749254461,0.28160000,39.00000000,0.2694
1749254461,0.28180000,26.00000000,0.2694
1749254461,0.28190000,72.00000000,0.2694
1749254762,0.26960000,7500.00000000,0.2696
1749254762,0.26970000,27606.00000000,0.2696
1749254762,0.26980000,21825.00000000,0.2696
1749254762,0.26990000,58333.00000000,0.2696
1749254762,0.27000000,30850.00000000,0.2696
1749254762,0.27010000,73474.00000000,0.2696
1749254762,0.27020000,71751.00000000,0.2696
1749254762,0.27030000,3384.00000000,0.2696
1749254762,0.27040000,3476.00000000,0.2696
1749254762,0.27050000,2799.00000000,0.2696
1749254762,0.27060000,55293.00000000,0.2696
1749254762,0.27070000,6176.00000000,0.2696
1749254762,0.27080000,70126.00000000,0.2696
1749254762,0.27090000,2779.00000000,0.2696
1749254762,0.27100000,2914.00000000,0.2696
1749254762,0.27110000,1669.00000000,0.2696
1749254762,0.27120000,2012.00000000,0.2696
1749254762,0.27130000,2506.00000000,0.2696
1749254762,0.27140000,4937.00000000,0.2696
1749254762,0.27150000,7931.00000000,0.2696
1749254762,0.27160000,1753.00000000,0.2696
1749254762,0.27170000,1640.00000000,0.2696
1749254762,0.27180000,1702.00000000,0.2696
1749254762,0.27190000,8663.00000000,0.2696
1749254762,0.27200000,1661.00000000,0.2696
1749254762,0.27210000,20216.00000000,0.2696
1749254762,0.27220000,20806.00000000,0.2696
1749254762,0.27230000,1662.00000000,0.2696
1749254762,0.27240000,86.00000000,0.2696
1749254762,0.27250000,180.00000000,0.2696
1749254762,0.27260000,65.00000000,0.2696
1749254762,0.27270000,65.00000000,0.2696
1749254762,0.27280000,1661.00000000,0.2696
1749254762,0.27290000,3194.00000000,0.2696
1749254762,0.27300000,5477.00000000,0.2696
1749254762,0.27310000,65.00000000,0.2696
1749254762,0.27320000,108.00000000,0.2696
1749254762,0.27330000,249.00000000,0.2696
1749254762,0.27340000,9701.00000000,0.2696
1749254762,0.27350000,59.00000000,0.2696
1749254762,0.27360000,58.00000000,0.2696
1749254762,0.27370000,5991.00000000,0.2696
1749254762,0.27380000,5399.00000000,0.2696
1749254762,0.27390000,57.00000000,0.2696
1749254762,0.27400000,116.00000000,0.2696
1749254762,0.27410000,37.00000000,0.2696
1749254762,0.27420000,37.00000000,0.2696
1749254762,0.27430000,5037.00000000,0.2696
1749254762,0.27440000,137.00000000,0.2696
1749254762,0.27450000,37.00000000,0.2696
1749254762,0.27460000,37.00000000,0.2696
1749254762,0.27470000,37.00000000,0.2696
1749254762,0.27480000,8829.00000000,0.2696
1749254762,0.27490000,37.00000000,0.2696
1749254762,0.27500000,3094.00000000,0.2696
1749254762,0.27510000,37.00000000,0.2696
1749254762,0.27520000,1611.00000000,0.2696
1749254762,0.27530000,37.00000000,0.2696
1749254762,0.27540000,96.00000000,0.2696
1749254762,0.27550000,37.00000000,0.2696
1749254762,0.27560000,37.00000000,0.2696
1749254762,0.27570000,37.00000000,0.2696
1749254762,0.27580000,37.00000000,0.2696
1749254762,0.27590000,58.00000000,0.2696
1749254762,0.27600000,131.00000000,0.2696
1749254762,0.27610000,37.00000000,0.2696
1749254762,0.27620000,1644.00000000,0.2696
1749254762,0.27630000,60.00000000,0.2696
1749254762,0.27640000,89.00000000,0.2696
1749254762,0.27650000,975.00000000,0.2696
1749254762,0.27660000,82.00000000,0.2696
1749254762,0.27670000,150.00000000,0.2696
1749254762,0.27680000,66.00000000,0.2696
1749254762,0.27690000,38.00000000,0.2696
1749254762,0.27700000,142.00000000,0.2696
1749254762,0.27710000,38.00000000,0.2696
1749254762,0.27720000,101.00000000,0.2696
1749254762,0.27730000,22.00000000,0.2696
1749254762,0.27750000,115.00000000,0.2696
1749254762,0.27800000,241.00000000,0.2696
1749254762,0.27830000,3089.00000000,0.2696
1749254762,0.27850000,3840.00000000,0.2696
1749254762,0.27860000,74.00000000,0.2696
1749254762,0.27880000,260.00000000,0.2696
1749254762,0.27890000,588.00000000,0.2696
1749254762,0.27900000,106.00000000,0.2696
1749254762,0.27920000,29.00000000,0.2696
1749254762,0.27940000,36.00000000,0.2696
1749254762,0.27970000,20.00000000,0.2696
1749254762,0.27980000,56.00000000,0.2696
1749254762,0.27990000,22.00000000,0.2696
1749254762,0.28000000,1372.00000000,0.2696
1749254762,0.28010000,21.00000000,0.2696
1749254762,0.28060000,3820.00000000,0.2696
1749254762,0.28070000,24.00000000,0.2696
1749254762,0.28120000,206.00000000,0.2696
1749254762,0.28160000,39.00000000,0.2696
1749254762,0.28180000,26.00000000,0.2696
1749254762,0.28190000,72.00000000,0.2696
1749254762,0.28230000,21.00000000,0.2696
