timestamp,price,volume,current_price
1749260650,0.27160000,17435.00000000,0.2715
1749260650,0.27170000,51204.00000000,0.2715
1749260650,0.27180000,27532.00000000,0.2715
1749260650,0.27190000,53917.00000000,0.2715
1749260650,0.27200000,51864.00000000,0.2715
1749260650,0.27210000,42127.00000000,0.2715
1749260650,0.27220000,50331.00000000,0.2715
1749260650,0.27230000,4117.00000000,0.2715
1749260650,0.27240000,3175.00000000,0.2715
1749260650,0.27250000,4092.00000000,0.2715
1749260650,0.27260000,3708.00000000,0.2715
1749260650,0.27270000,57746.00000000,0.2715
1749260650,0.27280000,3020.00000000,0.2715
1749260650,0.27290000,2769.00000000,0.2715
1749260650,0.27300000,69871.00000000,0.2715
1749260650,0.27310000,3730.00000000,0.2715
1749260650,0.27320000,7438.00000000,0.2715
1749260650,0.27330000,40760.00000000,0.2715
1749260650,0.27340000,5540.00000000,0.2715
1749260650,0.27350000,1662.00000000,0.2715
1749260650,0.27360000,86.00000000,0.2715
1749260650,0.27370000,1674.00000000,0.2715
1749260650,0.27380000,6224.00000000,0.2715
1749260650,0.27390000,85.00000000,0.2715
1749260650,0.27400000,1317.00000000,0.2715
1749260650,0.27410000,882.00000000,0.2715
1749260650,0.27420000,65.00000000,0.2715
1749260650,0.27430000,65.00000000,0.2715
1749260650,0.27440000,186.00000000,0.2715
1749260650,0.27450000,65.00000000,0.2715
1749260650,0.27460000,6019.00000000,0.2715
1749260650,0.27470000,65.00000000,0.2715
1749260650,0.27480000,108.00000000,0.2715
1749260650,0.27490000,9098.00000000,0.2715
1749260650,0.27500000,1926.00000000,0.2715
1749260650,0.27510000,37.00000000,0.2715
1749260650,0.27520000,5469.00000000,0.2715
1749260650,0.27530000,37.00000000,0.2715
1749260650,0.27540000,96.00000000,0.2715
1749260650,0.27550000,5378.00000000,0.2715
1749260650,0.27560000,1611.00000000,0.2715
1749260650,0.27570000,37.00000000,0.2715
1749260650,0.27580000,37.00000000,0.2715
1749260650,0.27590000,58.00000000,0.2715
1749260650,0.27600000,153.00000000,0.2715
1749260650,0.27610000,38.00000000,0.2715
1749260650,0.27620000,609.00000000,0.2715
1749260650,0.27630000,8831.00000000,0.2715
1749260650,0.27640000,90.00000000,0.2715
1749260650,0.27650000,5038.00000000,0.2715
1749260650,0.27660000,1657.00000000,0.2715
1749260650,0.27670000,107.00000000,0.2715
1749260650,0.27680000,67.00000000,0.2715
1749260650,0.27690000,38.00000000,0.2715
1749260650,0.27700000,163.00000000,0.2715
1749260650,0.27710000,38.00000000,0.2715
1749260650,0.27720000,139.00000000,0.2715
1749260650,0.27730000,104.00000000,0.2715
1749260650,0.27740000,568.00000000,0.2715
1749260650,0.27750000,845.00000000,0.2715
1749260650,0.27760000,219.00000000,0.2715
1749260650,0.27770000,38.00000000,0.2715
1749260650,0.27780000,38.00000000,0.2715
1749260650,0.27790000,38.00000000,0.2715
1749260650,0.27800000,1217.00000000,0.2715
1749260650,0.27810000,38.00000000,0.2715
1749260650,0.27820000,38.00000000,0.2715
1749260650,0.27830000,4673.00000000,0.2715
1749260650,0.27840000,38.00000000,0.2715
1749260650,0.27850000,38.00000000,0.2715
1749260650,0.27860000,112.00000000,0.2715
1749260650,0.27870000,38.00000000,0.2715
1749260650,0.27880000,298.00000000,0.2715
1749260650,0.27890000,625.00000000,0.2715
1749260650,0.27900000,143.00000000,0.2715
1749260650,0.27910000,37.00000000,0.2715
1749260650,0.27920000,29.00000000,0.2715
1749260650,0.27940000,36.00000000,0.2715
1749260650,0.27970000,20.00000000,0.2715
1749260650,0.27980000,56.00000000,0.2715
1749260650,0.27990000,22.00000000,0.2715
1749260650,0.28000000,1372.00000000,0.2715
1749260650,0.28010000,21.00000000,0.2715
1749260650,0.28070000,24.00000000,0.2715
1749260650,0.28100000,3840.00000000,0.2715
1749260650,0.28120000,206.00000000,0.2715
1749260650,0.28160000,39.00000000,0.2715
1749260650,0.28180000,26.00000000,0.2715
1749260650,0.28190000,72.00000000,0.2715
1749260650,0.28230000,21.00000000,0.2715
1749260650,0.28250000,137.00000000,0.2715
1749260650,0.28300000,3852.00000000,0.2715
1749260650,0.28330000,39.00000000,0.2715
1749260650,0.28370000,71.00000000,0.2715
1749260650,0.28380000,238.00000000,0.2715
1749260650,0.28400000,211.00000000,0.2715
1749260650,0.28420000,35.00000000,0.2715
1749260650,0.28440000,21.00000000,0.2715
1749260650,0.28450000,154.00000000,0.2715
1749260650,0.28490000,42.00000000,0.2715
1749260952,0.27170000,4389.00000000,0.2715
1749260952,0.27180000,25867.00000000,0.2715
1749260952,0.27190000,44426.00000000,0.2715
1749260952,0.27200000,60608.00000000,0.2715
1749260952,0.27210000,40806.00000000,0.2715
1749260952,0.27220000,31498.00000000,0.2715
1749260952,0.27230000,43249.00000000,0.2715
1749260952,0.27240000,53138.00000000,0.2715
1749260952,0.27250000,7146.00000000,0.2715
1749260952,0.27260000,4735.00000000,0.2715
1749260952,0.27270000,3173.00000000,0.2715
1749260952,0.27280000,3174.00000000,0.2715
1749260952,0.27290000,58498.00000000,0.2715
1749260952,0.27300000,3947.00000000,0.2715
1749260952,0.27310000,3758.00000000,0.2715
1749260952,0.27320000,65314.00000000,0.2715
1749260952,0.27330000,1640.00000000,0.2715
1749260952,0.27340000,2366.00000000,0.2715
1749260952,0.27350000,1662.00000000,0.2715
1749260952,0.27360000,1891.00000000,0.2715
1749260952,0.27370000,3272.00000000,0.2715
1749260952,0.27380000,107.00000000,0.2715
1749260952,0.27390000,6264.00000000,0.2715
1749260952,0.27400000,7078.00000000,0.2715
1749260952,0.27410000,19130.00000000,0.2715
1749260952,0.27420000,23218.00000000,0.2715
1749260952,0.27430000,65.00000000,0.2715
1749260952,0.27440000,186.00000000,0.2715
1749260952,0.27450000,65.00000000,0.2715
1749260952,0.27460000,6019.00000000,0.2715
1749260952,0.27470000,65.00000000,0.2715
1749260952,0.27480000,108.00000000,0.2715
1749260952,0.27490000,65.00000000,0.2715
1749260952,0.27500000,1926.00000000,0.2715
1749260952,0.27510000,37.00000000,0.2715
1749260952,0.27520000,5057.00000000,0.2715
1749260952,0.27530000,37.00000000,0.2715
1749260952,0.27540000,96.00000000,0.2715
1749260952,0.27550000,442.00000000,0.2715
1749260952,0.27560000,9090.00000000,0.2715
1749260952,0.27570000,37.00000000,0.2715
1749260952,0.27580000,37.00000000,0.2715
1749260952,0.27590000,58.00000000,0.2715
1749260952,0.27600000,173.00000000,0.2715
1749260952,0.27610000,5379.00000000,0.2715
1749260952,0.27620000,87.00000000,0.2715
1749260952,0.27630000,2137.00000000,0.2715
1749260952,0.27640000,90.00000000,0.2715
1749260952,0.27650000,38.00000000,0.2715
1749260952,0.27660000,83.00000000,0.2715
1749260952,0.27670000,107.00000000,0.2715
1749260952,0.27680000,5067.00000000,0.2715
1749260952,0.27690000,38.00000000,0.2715
1749260952,0.27700000,8933.00000000,0.2715
1749260952,0.27710000,38.00000000,0.2715
1749260952,0.27720000,139.00000000,0.2715
1749260952,0.27730000,1678.00000000,0.2715
1749260952,0.27740000,38.00000000,0.2715
1749260952,0.27750000,153.00000000,0.2715
1749260952,0.27760000,219.00000000,0.2715
1749260952,0.27770000,38.00000000,0.2715
1749260952,0.27780000,38.00000000,0.2715
1749260952,0.27790000,38.00000000,0.2715
1749260952,0.27800000,279.00000000,0.2715
1749260952,0.27810000,575.00000000,0.2715
1749260952,0.27820000,719.00000000,0.2715
1749260952,0.27830000,3127.00000000,0.2715
1749260952,0.27840000,38.00000000,0.2715
1749260952,0.27850000,1583.00000000,0.2715
1749260952,0.27860000,112.00000000,0.2715
1749260952,0.27870000,976.00000000,0.2715
1749260952,0.27880000,298.00000000,0.2715
1749260952,0.27890000,625.00000000,0.2715
1749260952,0.27900000,143.00000000,0.2715
1749260952,0.27910000,37.00000000,0.2715
1749260952,0.27920000,66.00000000,0.2715
1749260952,0.27940000,36.00000000,0.2715
1749260952,0.27970000,20.00000000,0.2715
1749260952,0.27980000,56.00000000,0.2715
1749260952,0.27990000,22.00000000,0.2715
1749260952,0.28000000,1372.00000000,0.2715
1749260952,0.28010000,21.00000000,0.2715
1749260952,0.28070000,24.00000000,0.2715
1749260952,0.28100000,3840.00000000,0.2715
1749260952,0.28120000,206.00000000,0.2715
1749260952,0.28160000,39.00000000,0.2715
1749260952,0.28180000,26.00000000,0.2715
1749260952,0.28190000,72.00000000,0.2715
1749260952,0.28230000,21.00000000,0.2715
1749260952,0.28250000,137.00000000,0.2715
1749260952,0.28300000,32.00000000,0.2715
1749260952,0.28330000,39.00000000,0.2715
1749260952,0.28370000,71.00000000,0.2715
1749260952,0.28380000,4058.00000000,0.2715
1749260952,0.28400000,211.00000000,0.2715
1749260952,0.28420000,35.00000000,0.2715
1749260952,0.28440000,21.00000000,0.2715
1749260952,0.28450000,154.00000000,0.2715
1749260952,0.28490000,42.00000000,0.2715
1749260952,0.28500000,4282.00000000,0.2715
1749261258,0.27140000,4034.00000000,0.2714
1749261258,0.27150000,24205.00000000,0.2714
1749261258,0.27160000,43122.00000000,0.2714
1749261258,0.27170000,29660.00000000,0.2714
1749261258,0.27180000,69015.00000000,0.2714
1749261258,0.27190000,54950.00000000,0.2714
1749261258,0.27200000,42053.00000000,0.2714
1749261258,0.27210000,46267.00000000,0.2714
1749261258,0.27220000,3819.00000000,0.2714
1749261258,0.27230000,3197.00000000,0.2714
1749261258,0.27240000,5901.00000000,0.2714
1749261258,0.27250000,58512.00000000,0.2714
1749261258,0.27260000,3707.00000000,0.2714
1749261258,0.27270000,65293.00000000,0.2714
1749261258,0.27280000,3021.00000000,0.2714
1749261258,0.27290000,1668.00000000,0.2714
1749261258,0.27300000,3683.00000000,0.2714
1749261258,0.27310000,3758.00000000,0.2714
1749261258,0.27320000,1689.00000000,0.2714
1749261258,0.27330000,1640.00000000,0.2714
1749261258,0.27340000,9428.00000000,0.2714
1749261258,0.27350000,9776.00000000,0.2714
1749261258,0.27360000,86.00000000,0.2714
1749261258,0.27370000,99.00000000,0.2714
1749261258,0.27380000,86.00000000,0.2714
1749261258,0.27390000,85.00000000,0.2714
1749261258,0.27400000,480.00000000,0.2714
1749261258,0.27410000,19130.00000000,0.2714
1749261258,0.27420000,23218.00000000,0.2714
1749261258,0.27430000,65.00000000,0.2714
1749261258,0.27440000,186.00000000,0.2714
1749261258,0.27450000,65.00000000,0.2714
1749261258,0.27460000,6019.00000000,0.2714
1749261258,0.27470000,65.00000000,0.2714
1749261258,0.27480000,5108.00000000,0.2714
1749261258,0.27490000,65.00000000,0.2714
1749261258,0.27500000,1926.00000000,0.2714
1749261258,0.27510000,37.00000000,0.2714
1749261258,0.27520000,57.00000000,0.2714
1749261258,0.27530000,442.00000000,0.2714
1749261258,0.27540000,96.00000000,0.2714
1749261258,0.27550000,5898.00000000,0.2714
1749261258,0.27560000,9090.00000000,0.2714
1749261258,0.27570000,37.00000000,0.2714
1749261258,0.27580000,37.00000000,0.2714
1749261258,0.27590000,58.00000000,0.2714
1749261258,0.27600000,173.00000000,0.2714
1749261258,0.27610000,38.00000000,0.2714
1749261258,0.27620000,87.00000000,0.2714
1749261258,0.27630000,1615.00000000,0.2714
1749261258,0.27640000,90.00000000,0.2714
1749261258,0.27650000,5038.00000000,0.2714
1749261258,0.27660000,83.00000000,0.2714
1749261258,0.27670000,107.00000000,0.2714
1749261258,0.27680000,67.00000000,0.2714
1749261258,0.27690000,719.00000000,0.2714
1749261258,0.27700000,9474.00000000,0.2714
1749261258,0.27710000,38.00000000,0.2714
1749261258,0.27720000,139.00000000,0.2714
1749261258,0.27730000,1678.00000000,0.2714
1749261258,0.27740000,38.00000000,0.2714
1749261258,0.27750000,153.00000000,0.2714
1749261258,0.27760000,219.00000000,0.2714
1749261258,0.27770000,38.00000000,0.2714
1749261258,0.27780000,38.00000000,0.2714
1749261258,0.27790000,38.00000000,0.2714
1749261258,0.27800000,279.00000000,0.2714
1749261258,0.27810000,38.00000000,0.2714
1749261258,0.27820000,1585.00000000,0.2714
1749261258,0.27830000,3127.00000000,0.2714
1749261258,0.27840000,38.00000000,0.2714
1749261258,0.27850000,38.00000000,0.2714
1749261258,0.27860000,112.00000000,0.2714
1749261258,0.27870000,976.00000000,0.2714
1749261258,0.27880000,298.00000000,0.2714
1749261258,0.27890000,625.00000000,0.2714
1749261258,0.27900000,106.00000000,0.2714
1749261258,0.27920000,29.00000000,0.2714
1749261258,0.27940000,36.00000000,0.2714
1749261258,0.27970000,20.00000000,0.2714
1749261258,0.27980000,56.00000000,0.2714
1749261258,0.27990000,22.00000000,0.2714
1749261258,0.28000000,1372.00000000,0.2714
1749261258,0.28010000,21.00000000,0.2714
1749261258,0.28070000,24.00000000,0.2714
1749261258,0.28100000,3840.00000000,0.2714
1749261258,0.28120000,206.00000000,0.2714
1749261258,0.28160000,39.00000000,0.2714
1749261258,0.28180000,26.00000000,0.2714
1749261258,0.28190000,72.00000000,0.2714
1749261258,0.28230000,21.00000000,0.2714
1749261258,0.28250000,137.00000000,0.2714
1749261258,0.28300000,32.00000000,0.2714
1749261258,0.28330000,39.00000000,0.2714
1749261258,0.28370000,71.00000000,0.2714
1749261258,0.28380000,4058.00000000,0.2714
1749261258,0.28400000,211.00000000,0.2714
1749261258,0.28420000,35.00000000,0.2714
1749261258,0.28440000,21.00000000,0.2714
1749261258,0.28450000,154.00000000,0.2714
1749261565,0.27160000,6122.00000000,0.2715
1749261565,0.27170000,30968.00000000,0.2715
1749261565,0.27180000,17529.00000000,0.2715
1749261565,0.27190000,54372.00000000,0.2715
1749261565,0.27200000,40914.00000000,0.2715
1749261565,0.27210000,60304.00000000,0.2715
1749261565,0.27220000,15473.00000000,0.2715
1749261565,0.27230000,3194.00000000,0.2715
1749261565,0.27240000,44344.00000000,0.2715
1749261565,0.27250000,53998.00000000,0.2715
1749261565,0.27260000,3709.00000000,0.2715
1749261565,0.27270000,68674.00000000,0.2715
1749261565,0.27280000,3020.00000000,0.2715
1749261565,0.27290000,2769.00000000,0.2715
1749261565,0.27300000,4784.00000000,0.2715
1749261565,0.27310000,3758.00000000,0.2715
1749261565,0.27320000,2762.00000000,0.2715
1749261565,0.27330000,1640.00000000,0.2715
1749261565,0.27340000,8139.00000000,0.2715
1749261565,0.27350000,11064.00000000,0.2715
1749261565,0.27360000,86.00000000,0.2715
1749261565,0.27370000,99.00000000,0.2715
1749261565,0.27380000,86.00000000,0.2715
1749261565,0.27390000,1660.00000000,0.2715
1749261565,0.27400000,480.00000000,0.2715
1749261565,0.27410000,20705.00000000,0.2715
1749261565,0.27420000,24793.00000000,0.2715
1749261565,0.27430000,65.00000000,0.2715
1749261565,0.27440000,186.00000000,0.2715
1749261565,0.27450000,65.00000000,0.2715
1749261565,0.27460000,7594.00000000,0.2715
1749261565,0.27470000,65.00000000,0.2715
1749261565,0.27480000,108.00000000,0.2715
1749261565,0.27490000,65.00000000,0.2715
1749261565,0.27500000,3501.00000000,0.2715
1749261565,0.27510000,5453.00000000,0.2715
1749261565,0.27520000,57.00000000,0.2715
1749261565,0.27530000,37.00000000,0.2715
1749261565,0.27540000,96.00000000,0.2715
1749261565,0.27550000,5378.00000000,0.2715
1749261565,0.27560000,9090.00000000,0.2715
1749261565,0.27570000,37.00000000,0.2715
1749261565,0.27580000,37.00000000,0.2715
1749261565,0.27590000,58.00000000,0.2715
1749261565,0.27600000,153.00000000,0.2715
1749261565,0.27610000,38.00000000,0.2715
1749261565,0.27620000,606.00000000,0.2715
1749261565,0.27630000,1615.00000000,0.2715
1749261565,0.27640000,90.00000000,0.2715
1749261565,0.27650000,5038.00000000,0.2715
1749261565,0.27660000,83.00000000,0.2715
1749261565,0.27670000,107.00000000,0.2715
1749261565,0.27680000,67.00000000,0.2715
1749261565,0.27690000,38.00000000,0.2715
1749261565,0.27700000,9460.00000000,0.2715
1749261565,0.27710000,38.00000000,0.2715
1749261565,0.27720000,831.00000000,0.2715
1749261565,0.27730000,1678.00000000,0.2715
1749261565,0.27740000,38.00000000,0.2715
1749261565,0.27750000,153.00000000,0.2715
1749261565,0.27760000,219.00000000,0.2715
1749261565,0.27770000,38.00000000,0.2715
1749261565,0.27780000,38.00000000,0.2715
1749261565,0.27790000,38.00000000,0.2715
1749261565,0.27800000,279.00000000,0.2715
1749261565,0.27810000,38.00000000,0.2715
1749261565,0.27820000,38.00000000,0.2715
1749261565,0.27830000,4673.00000000,0.2715
1749261565,0.27840000,38.00000000,0.2715
1749261565,0.27850000,38.00000000,0.2715
1749261565,0.27860000,112.00000000,0.2715
1749261565,0.27870000,976.00000000,0.2715
1749261565,0.27880000,297.00000000,0.2715
1749261565,0.27890000,625.00000000,0.2715
1749261565,0.27900000,143.00000000,0.2715
1749261565,0.27910000,37.00000000,0.2715
1749261565,0.27920000,29.00000000,0.2715
1749261565,0.27940000,36.00000000,0.2715
1749261565,0.27970000,20.00000000,0.2715
1749261565,0.27980000,56.00000000,0.2715
1749261565,0.27990000,22.00000000,0.2715
1749261565,0.28000000,1372.00000000,0.2715
1749261565,0.28010000,21.00000000,0.2715
1749261565,0.28070000,24.00000000,0.2715
1749261565,0.28100000,3840.00000000,0.2715
1749261565,0.28120000,206.00000000,0.2715
1749261565,0.28160000,39.00000000,0.2715
1749261565,0.28180000,26.00000000,0.2715
1749261565,0.28190000,72.00000000,0.2715
1749261565,0.28230000,21.00000000,0.2715
1749261565,0.28250000,137.00000000,0.2715
1749261565,0.28300000,3852.00000000,0.2715
1749261565,0.28330000,39.00000000,0.2715
1749261565,0.28370000,71.00000000,0.2715
1749261565,0.28380000,238.00000000,0.2715
1749261565,0.28400000,211.00000000,0.2715
1749261565,0.28420000,35.00000000,0.2715
1749261565,0.28440000,21.00000000,0.2715
1749261565,0.28450000,154.00000000,0.2715
1749261565,0.28490000,42.00000000,0.2715
1749261866,0.27140000,1932.00000000,0.2714
1749261866,0.27150000,23203.00000000,0.2714
1749261866,0.27160000,37767.00000000,0.2714
1749261866,0.27170000,44998.00000000,0.2714
1749261866,0.27180000,34149.00000000,0.2714
1749261866,0.27190000,67776.00000000,0.2714
1749261866,0.27200000,31712.00000000,0.2714
1749261866,0.27210000,48535.00000000,0.2714
1749261866,0.27220000,4096.00000000,0.2714
1749261866,0.27230000,3194.00000000,0.2714
1749261866,0.27240000,55120.00000000,0.2714
1749261866,0.27250000,6208.00000000,0.2714
1749261866,0.27260000,2790.00000000,0.2714
1749261866,0.27270000,65293.00000000,0.2714
1749261866,0.27280000,3020.00000000,0.2714
1749261866,0.27290000,2770.00000000,0.2714
1749261866,0.27300000,3683.00000000,0.2714
1749261866,0.27310000,5644.00000000,0.2714
1749261866,0.27320000,21199.00000000,0.2714
1749261866,0.27330000,24793.00000000,0.2714
1749261866,0.27340000,7474.00000000,0.2714
1749261866,0.27350000,7890.00000000,0.2714
1749261866,0.27360000,86.00000000,0.2714
1749261866,0.27370000,99.00000000,0.2714
1749261866,0.27380000,86.00000000,0.2714
1749261866,0.27390000,1660.00000000,0.2714
1749261866,0.27400000,480.00000000,0.2714
1749261866,0.27410000,2457.00000000,0.2714
1749261866,0.27420000,1640.00000000,0.2714
1749261866,0.27430000,65.00000000,0.2714
1749261866,0.27440000,186.00000000,0.2714
1749261866,0.27450000,65.00000000,0.2714
1749261866,0.27460000,7594.00000000,0.2714
1749261866,0.27470000,65.00000000,0.2714
1749261866,0.27480000,6683.00000000,0.2714
1749261866,0.27490000,65.00000000,0.2714
1749261866,0.27500000,3501.00000000,0.2714
1749261866,0.27510000,37.00000000,0.2714
1749261866,0.27520000,57.00000000,0.2714
1749261866,0.27530000,446.00000000,0.2714
1749261866,0.27540000,634.00000000,0.2714
1749261866,0.27550000,5378.00000000,0.2714
1749261866,0.27560000,9090.00000000,0.2714
1749261866,0.27570000,37.00000000,0.2714
1749261866,0.27580000,37.00000000,0.2714
1749261866,0.27590000,58.00000000,0.2714
1749261866,0.27600000,153.00000000,0.2714
1749261866,0.27610000,38.00000000,0.2714
1749261866,0.27620000,5087.00000000,0.2714
1749261866,0.27630000,1615.00000000,0.2714
1749261866,0.27640000,90.00000000,0.2714
1749261866,0.27650000,38.00000000,0.2714
1749261866,0.27660000,83.00000000,0.2714
1749261866,0.27670000,107.00000000,0.2714
1749261866,0.27680000,67.00000000,0.2714
1749261866,0.27690000,716.00000000,0.2714
1749261866,0.27700000,9467.00000000,0.2714
1749261866,0.27710000,38.00000000,0.2714
1749261866,0.27720000,139.00000000,0.2714
1749261866,0.27730000,1678.00000000,0.2714
1749261866,0.27740000,38.00000000,0.2714
1749261866,0.27750000,153.00000000,0.2714
1749261866,0.27760000,219.00000000,0.2714
1749261866,0.27770000,38.00000000,0.2714
1749261866,0.27780000,38.00000000,0.2714
1749261866,0.27790000,38.00000000,0.2714
1749261866,0.27800000,279.00000000,0.2714
1749261866,0.27810000,38.00000000,0.2714
1749261866,0.27820000,38.00000000,0.2714
1749261866,0.27830000,4673.00000000,0.2714
1749261866,0.27840000,38.00000000,0.2714
1749261866,0.27850000,38.00000000,0.2714
1749261866,0.27860000,112.00000000,0.2714
1749261866,0.27870000,976.00000000,0.2714
1749261866,0.27880000,298.00000000,0.2714
1749261866,0.27890000,625.00000000,0.2714
1749261866,0.27900000,106.00000000,0.2714
1749261866,0.27920000,29.00000000,0.2714
1749261866,0.27940000,36.00000000,0.2714
1749261866,0.27970000,20.00000000,0.2714
1749261866,0.27980000,56.00000000,0.2714
1749261866,0.27990000,22.00000000,0.2714
1749261866,0.28000000,1372.00000000,0.2714
1749261866,0.28010000,21.00000000,0.2714
1749261866,0.28070000,24.00000000,0.2714
1749261866,0.28100000,3840.00000000,0.2714
1749261866,0.28120000,206.00000000,0.2714
1749261866,0.28160000,39.00000000,0.2714
1749261866,0.28180000,26.00000000,0.2714
1749261866,0.28190000,72.00000000,0.2714
1749261866,0.28230000,21.00000000,0.2714
1749261866,0.28250000,137.00000000,0.2714
1749261866,0.28300000,3852.00000000,0.2714
1749261866,0.28330000,39.00000000,0.2714
1749261866,0.28370000,71.00000000,0.2714
1749261866,0.28380000,202.00000000,0.2714
1749261866,0.28400000,211.00000000,0.2714
1749261866,0.28420000,35.00000000,0.2714
1749261866,0.28440000,21.00000000,0.2714
1749261866,0.28450000,154.00000000,0.2714
1749262168,0.27120000,379.00000000,0.2712
1749262168,0.27130000,19628.00000000,0.2712
1749262168,0.27140000,49820.00000000,0.2712
1749262168,0.27150000,55139.00000000,0.2712
1749262168,0.27160000,39985.00000000,0.2712
1749262168,0.27170000,71397.00000000,0.2712
1749262168,0.27180000,55013.00000000,0.2712
1749262168,0.27190000,8446.00000000,0.2712
1749262168,0.27200000,55121.00000000,0.2712
1749262168,0.27210000,5553.00000000,0.2712
1749262168,0.27220000,3710.00000000,0.2712
1749262168,0.27230000,6221.00000000,0.2712
1749262168,0.27240000,3106.00000000,0.2712
1749262168,0.27250000,2771.00000000,0.2712
1749262168,0.27260000,2792.00000000,0.2712
1749262168,0.27270000,83541.00000000,0.2712
1749262168,0.27280000,7705.00000000,0.2712
1749262168,0.27290000,3526.00000000,0.2712
1749262168,0.27300000,2498.00000000,0.2712
1749262168,0.27310000,8464.00000000,0.2712
1749262168,0.27320000,2951.00000000,0.2712
1749262168,0.27330000,24793.00000000,0.2712
1749262168,0.27340000,1680.00000000,0.2712
1749262168,0.27350000,1662.00000000,0.2712
1749262168,0.27360000,86.00000000,0.2712
1749262168,0.27370000,99.00000000,0.2712
1749262168,0.27380000,86.00000000,0.2712
1749262168,0.27390000,1660.00000000,0.2712
1749262168,0.27400000,480.00000000,0.2712
1749262168,0.27410000,2457.00000000,0.2712
1749262168,0.27420000,65.00000000,0.2712
1749262168,0.27430000,65.00000000,0.2712
1749262168,0.27440000,186.00000000,0.2712
1749262168,0.27450000,6640.00000000,0.2712
1749262168,0.27460000,7594.00000000,0.2712
1749262168,0.27470000,65.00000000,0.2712
1749262168,0.27480000,11129.00000000,0.2712
1749262168,0.27490000,5378.00000000,0.2712
1749262168,0.27500000,1898.00000000,0.2712
1749262168,0.27510000,37.00000000,0.2712
1749262168,0.27520000,57.00000000,0.2712
1749262168,0.27530000,37.00000000,0.2712
1749262168,0.27540000,623.00000000,0.2712
1749262168,0.27550000,1591.00000000,0.2712
1749262168,0.27560000,37.00000000,0.2712
1749262168,0.27570000,37.00000000,0.2712
1749262168,0.27580000,37.00000000,0.2712
1749262168,0.27590000,58.00000000,0.2712
1749262168,0.27600000,153.00000000,0.2712
1749262168,0.27610000,5038.00000000,0.2712
1749262168,0.27620000,87.00000000,0.2712
1749262168,0.27630000,8831.00000000,0.2712
1749262168,0.27640000,90.00000000,0.2712
1749262168,0.27650000,38.00000000,0.2712
1749262168,0.27660000,2188.00000000,0.2712
1749262168,0.27670000,107.00000000,0.2712
1749262168,0.27680000,67.00000000,0.2712
1749262168,0.27690000,38.00000000,0.2712
1749262168,0.27700000,163.00000000,0.2712
1749262168,0.27710000,38.00000000,0.2712
1749262168,0.27720000,139.00000000,0.2712
1749262168,0.27730000,104.00000000,0.2712
1749262168,0.27740000,38.00000000,0.2712
1749262168,0.27750000,153.00000000,0.2712
1749262168,0.27760000,219.00000000,0.2712
1749262168,0.27770000,38.00000000,0.2712
1749262168,0.27780000,724.00000000,0.2712
1749262168,0.27790000,38.00000000,0.2712
1749262168,0.27800000,2765.00000000,0.2712
1749262168,0.27810000,38.00000000,0.2712
1749262168,0.27820000,38.00000000,0.2712
1749262168,0.27830000,3127.00000000,0.2712
1749262168,0.27840000,38.00000000,0.2712
1749262168,0.27850000,38.00000000,0.2712
1749262168,0.27860000,112.00000000,0.2712
1749262168,0.27870000,38.00000000,0.2712
1749262168,0.27880000,260.00000000,0.2712
1749262168,0.27890000,588.00000000,0.2712
1749262168,0.27900000,106.00000000,0.2712
1749262168,0.27920000,29.00000000,0.2712
1749262168,0.27940000,36.00000000,0.2712
1749262168,0.27970000,20.00000000,0.2712
1749262168,0.27980000,56.00000000,0.2712
1749262168,0.27990000,22.00000000,0.2712
1749262168,0.28000000,1372.00000000,0.2712
1749262168,0.28010000,21.00000000,0.2712
1749262168,0.28070000,24.00000000,0.2712
1749262168,0.28100000,3840.00000000,0.2712
1749262168,0.28120000,206.00000000,0.2712
1749262168,0.28160000,39.00000000,0.2712
1749262168,0.28180000,26.00000000,0.2712
1749262168,0.28190000,72.00000000,0.2712
1749262168,0.28230000,21.00000000,0.2712
1749262168,0.28250000,137.00000000,0.2712
1749262168,0.28300000,3852.00000000,0.2712
1749262168,0.28330000,39.00000000,0.2712
1749262168,0.28370000,71.00000000,0.2712
1749262168,0.28380000,202.00000000,0.2712
1749262168,0.28400000,211.00000000,0.2712
1749262168,0.28420000,35.00000000,0.2712
1749262469,0.27200000,5066.00000000,0.272
1749262469,0.27210000,29837.00000000,0.272
1749262469,0.27220000,62305.00000000,0.272
1749262469,0.27230000,25717.00000000,0.272
1749262469,0.27240000,48653.00000000,0.272
1749262469,0.27250000,54401.00000000,0.272
1749262469,0.27260000,10060.00000000,0.272
1749262469,0.27270000,46134.00000000,0.272
1749262469,0.27280000,3153.00000000,0.272
1749262469,0.27290000,55121.00000000,0.272
1749262469,0.27300000,3708.00000000,0.272
1749262469,0.27310000,2769.00000000,0.272
1749262469,0.27320000,69764.00000000,0.272
1749262469,0.27330000,2740.00000000,0.272
1749262469,0.27340000,4217.00000000,0.272
1749262469,0.27350000,7433.00000000,0.272
1749262469,0.27360000,1891.00000000,0.272
1749262469,0.27370000,3560.00000000,0.272
1749262469,0.27380000,2519.00000000,0.272
1749262469,0.27390000,19908.00000000,0.272
1749262469,0.27400000,32669.00000000,0.272
1749262469,0.27410000,2457.00000000,0.272
1749262469,0.27420000,65.00000000,0.272
1749262469,0.27430000,65.00000000,0.272
1749262469,0.27440000,186.00000000,0.272
1749262469,0.27450000,1640.00000000,0.272
1749262469,0.27460000,7594.00000000,0.272
1749262469,0.27470000,65.00000000,0.272
1749262469,0.27480000,1683.00000000,0.272
1749262469,0.27490000,37.00000000,0.272
1749262469,0.27500000,3473.00000000,0.272
1749262469,0.27510000,1612.00000000,0.272
1749262469,0.27520000,57.00000000,0.272
1749262469,0.27530000,37.00000000,0.272
1749262469,0.27540000,96.00000000,0.272
1749262469,0.27550000,14070.00000000,0.272
1749262469,0.27560000,57.00000000,0.272
1749262469,0.27570000,37.00000000,0.272
1749262469,0.27580000,37.00000000,0.272
1749262469,0.27590000,58.00000000,0.272
1749262469,0.27600000,585.00000000,0.272
1749262469,0.27610000,5905.00000000,0.272
1749262469,0.27620000,1641.00000000,0.272
1749262469,0.27630000,61.00000000,0.272
1749262469,0.27640000,90.00000000,0.272
1749262469,0.27650000,38.00000000,0.272
1749262469,0.27660000,83.00000000,0.272
1749262469,0.27670000,107.00000000,0.272
1749262469,0.27680000,67.00000000,0.272
1749262469,0.27690000,38.00000000,0.272
1749262469,0.27700000,13933.00000000,0.272
1749262469,0.27710000,38.00000000,0.272
1749262469,0.27720000,139.00000000,0.272
1749262469,0.27730000,104.00000000,0.272
1749262469,0.27740000,1612.00000000,0.272
1749262469,0.27750000,153.00000000,0.272
1749262469,0.27760000,748.00000000,0.272
1749262469,0.27770000,38.00000000,0.272
1749262469,0.27780000,38.00000000,0.272
1749262469,0.27790000,38.00000000,0.272
1749262469,0.27800000,279.00000000,0.272
1749262469,0.27810000,38.00000000,0.272
1749262469,0.27820000,725.00000000,0.272
1749262469,0.27830000,3127.00000000,0.272
1749262469,0.27840000,38.00000000,0.272
1749262469,0.27850000,38.00000000,0.272
1749262469,0.27860000,112.00000000,0.272
1749262469,0.27870000,38.00000000,0.272
1749262469,0.27880000,1236.00000000,0.272
1749262469,0.27890000,2168.00000000,0.272
1749262469,0.27900000,143.00000000,0.272
1749262469,0.27910000,37.00000000,0.272
1749262469,0.27920000,66.00000000,0.272
1749262469,0.27930000,37.00000000,0.272
1749262469,0.27940000,73.00000000,0.272
1749262469,0.27950000,37.00000000,0.272
1749262469,0.27970000,20.00000000,0.272
1749262469,0.27980000,56.00000000,0.272
1749262469,0.27990000,22.00000000,0.272
1749262469,0.28000000,1372.00000000,0.272
1749262469,0.28010000,21.00000000,0.272
1749262469,0.28070000,24.00000000,0.272
1749262469,0.28100000,3840.00000000,0.272
1749262469,0.28120000,206.00000000,0.272
1749262469,0.28160000,39.00000000,0.272
1749262469,0.28180000,26.00000000,0.272
1749262469,0.28190000,72.00000000,0.272
1749262469,0.28230000,21.00000000,0.272
1749262469,0.28250000,137.00000000,0.272
1749262469,0.28300000,32.00000000,0.272
1749262469,0.28330000,39.00000000,0.272
1749262469,0.28370000,71.00000000,0.272
1749262469,0.28380000,4022.00000000,0.272
1749262469,0.28400000,211.00000000,0.272
1749262469,0.28420000,35.00000000,0.272
1749262469,0.28440000,21.00000000,0.272
1749262469,0.28450000,154.00000000,0.272
1749262469,0.28490000,42.00000000,0.272
1749262469,0.28500000,4318.00000000,0.272
1749262469,0.28510000,22.00000000,0.272
1749262771,0.27210000,4080.00000000,0.2721
1749262771,0.27220000,27448.00000000,0.2721
1749262771,0.27230000,35269.00000000,0.2721
1749262771,0.27240000,32822.00000000,0.2721
1749262771,0.27250000,39456.00000000,0.2721
1749262771,0.27260000,57750.00000000,0.2721
1749262771,0.27270000,27497.00000000,0.2721
1749262771,0.27280000,55262.00000000,0.2721
1749262771,0.27290000,4817.00000000,0.2721
1749262771,0.27300000,53683.00000000,0.2721
1749262771,0.27310000,3152.00000000,0.2721
1749262771,0.27320000,10123.00000000,0.2721
1749262771,0.27330000,3685.00000000,0.2721
1749262771,0.27340000,68161.00000000,0.2721
1749262771,0.27350000,2788.00000000,0.2721
1749262771,0.27360000,2990.00000000,0.2721
1749262771,0.27370000,3560.00000000,0.2721
1749262771,0.27380000,2519.00000000,0.2721
1749262771,0.27390000,19908.00000000,0.2721
1749262771,0.27400000,2055.00000000,0.2721
1749262771,0.27410000,5159.00000000,0.2721
1749262771,0.27420000,29339.00000000,0.2721
1749262771,0.27430000,1640.00000000,0.2721
1749262771,0.27440000,6351.00000000,0.2721
1749262771,0.27450000,1640.00000000,0.2721
1749262771,0.27460000,7594.00000000,0.2721
1749262771,0.27470000,65.00000000,0.2721
1749262771,0.27480000,108.00000000,0.2721
1749262771,0.27490000,37.00000000,0.2721
1749262771,0.27500000,1898.00000000,0.2721
1749262771,0.27510000,37.00000000,0.2721
1749262771,0.27520000,57.00000000,0.2721
1749262771,0.27530000,37.00000000,0.2721
1749262771,0.27540000,96.00000000,0.2721
1749262771,0.27550000,37.00000000,0.2721
1749262771,0.27560000,57.00000000,0.2721
1749262771,0.27570000,37.00000000,0.2721
1749262771,0.27580000,5434.00000000,0.2721
1749262771,0.27590000,58.00000000,0.2721
1749262771,0.27600000,173.00000000,0.2721
1749262771,0.27610000,5379.00000000,0.2721
1749262771,0.27620000,9120.00000000,0.2721
1749262771,0.27630000,61.00000000,0.2721
1749262771,0.27640000,110.00000000,0.2721
1749262771,0.27650000,38.00000000,0.2721
1749262771,0.27660000,83.00000000,0.2721
1749262771,0.27670000,107.00000000,0.2721
1749262771,0.27680000,574.00000000,0.2721
1749262771,0.27690000,1592.00000000,0.2721
1749262771,0.27700000,8933.00000000,0.2721
1749262771,0.27710000,38.00000000,0.2721
1749262771,0.27720000,139.00000000,0.2721
1749262771,0.27730000,5104.00000000,0.2721
1749262771,0.27740000,1612.00000000,0.2721
1749262771,0.27750000,153.00000000,0.2721
1749262771,0.27760000,219.00000000,0.2721
1749262771,0.27770000,38.00000000,0.2721
1749262771,0.27780000,38.00000000,0.2721
1749262771,0.27790000,38.00000000,0.2721
1749262771,0.27800000,279.00000000,0.2721
1749262771,0.27810000,585.00000000,0.2721
1749262771,0.27820000,747.00000000,0.2721
1749262771,0.27830000,3127.00000000,0.2721
1749262771,0.27840000,38.00000000,0.2721
1749262771,0.27850000,38.00000000,0.2721
1749262771,0.27860000,112.00000000,0.2721
1749262771,0.27870000,38.00000000,0.2721
1749262771,0.27880000,1236.00000000,0.2721
1749262771,0.27890000,625.00000000,0.2721
1749262771,0.27900000,143.00000000,0.2721
1749262771,0.27910000,1579.00000000,0.2721
1749262771,0.27920000,66.00000000,0.2721
1749262771,0.27930000,37.00000000,0.2721
1749262771,0.27940000,73.00000000,0.2721
1749262771,0.27950000,37.00000000,0.2721
1749262771,0.27960000,37.00000000,0.2721
1749262771,0.27970000,20.00000000,0.2721
1749262771,0.27980000,56.00000000,0.2721
1749262771,0.27990000,22.00000000,0.2721
1749262771,0.28000000,1372.00000000,0.2721
1749262771,0.28010000,21.00000000,0.2721
1749262771,0.28070000,24.00000000,0.2721
1749262771,0.28120000,206.00000000,0.2721
1749262771,0.28160000,39.00000000,0.2721
1749262771,0.28180000,3866.00000000,0.2721
1749262771,0.28190000,72.00000000,0.2721
1749262771,0.28230000,21.00000000,0.2721
1749262771,0.28250000,137.00000000,0.2721
1749262771,0.28300000,32.00000000,0.2721
1749262771,0.28330000,39.00000000,0.2721
1749262771,0.28370000,71.00000000,0.2721
1749262771,0.28380000,4022.00000000,0.2721
1749262771,0.28400000,211.00000000,0.2721
1749262771,0.28420000,35.00000000,0.2721
1749262771,0.28440000,21.00000000,0.2721
1749262771,0.28450000,154.00000000,0.2721
1749262771,0.28490000,42.00000000,0.2721
1749262771,0.28500000,4318.00000000,0.2721
1749262771,0.28510000,22.00000000,0.2721
1749262771,0.28520000,290.00000000,0.2721
1749263072,0.27240000,4723.00000000,0.2723
1749263072,0.27250000,42813.00000000,0.2723
1749263072,0.27260000,28386.00000000,0.2723
1749263072,0.27270000,59763.00000000,0.2723
1749263072,0.27280000,56649.00000000,0.2723
1749263072,0.27290000,33281.00000000,0.2723
1749263072,0.27300000,7675.00000000,0.2723
1749263072,0.27310000,46134.00000000,0.2723
1749263072,0.27320000,3156.00000000,0.2723
1749263072,0.27330000,55313.00000000,0.2723
1749263072,0.27340000,68161.00000000,0.2723
1749263072,0.27350000,2788.00000000,0.2723
1749263072,0.27360000,6378.00000000,0.2723
1749263072,0.27370000,4624.00000000,0.2723
1749263072,0.27380000,2779.00000000,0.2723
1749263072,0.27390000,1660.00000000,0.2723
1749263072,0.27400000,2055.00000000,0.2723
1749263072,0.27410000,22122.00000000,0.2723
1749263072,0.27420000,29339.00000000,0.2723
1749263072,0.27430000,1640.00000000,0.2723
1749263072,0.27440000,9210.00000000,0.2723
1749263072,0.27450000,2477.00000000,0.2723
1749263072,0.27460000,1640.00000000,0.2723
1749263072,0.27470000,65.00000000,0.2723
1749263072,0.27480000,1683.00000000,0.2723
1749263072,0.27490000,37.00000000,0.2723
1749263072,0.27500000,3473.00000000,0.2723
1749263072,0.27510000,71.00000000,0.2723
1749263072,0.27520000,57.00000000,0.2723
1749263072,0.27530000,37.00000000,0.2723
1749263072,0.27540000,96.00000000,0.2723
1749263072,0.27550000,37.00000000,0.2723
1749263072,0.27560000,57.00000000,0.2723
1749263072,0.27570000,7566.00000000,0.2723
1749263072,0.27580000,6612.00000000,0.2723
1749263072,0.27590000,58.00000000,0.2723
1749263072,0.27600000,562.00000000,0.2723
1749263072,0.27610000,5379.00000000,0.2723
1749263072,0.27620000,9120.00000000,0.2723
1749263072,0.27630000,61.00000000,0.2723
1749263072,0.27640000,110.00000000,0.2723
1749263072,0.27650000,38.00000000,0.2723
1749263072,0.27660000,83.00000000,0.2723
1749263072,0.27670000,107.00000000,0.2723
1749263072,0.27680000,67.00000000,0.2723
1749263072,0.27690000,2091.00000000,0.2723
1749263072,0.27700000,8933.00000000,0.2723
1749263072,0.27710000,38.00000000,0.2723
1749263072,0.27720000,139.00000000,0.2723
1749263072,0.27730000,5104.00000000,0.2723
1749263072,0.27740000,1612.00000000,0.2723
1749263072,0.27750000,153.00000000,0.2723
1749263072,0.27760000,219.00000000,0.2723
1749263072,0.27770000,38.00000000,0.2723
1749263072,0.27780000,38.00000000,0.2723
1749263072,0.27790000,38.00000000,0.2723
1749263072,0.27800000,279.00000000,0.2723
1749263072,0.27810000,592.00000000,0.2723
1749263072,0.27820000,747.00000000,0.2723
1749263072,0.27830000,3127.00000000,0.2723
1749263072,0.27840000,38.00000000,0.2723
1749263072,0.27850000,38.00000000,0.2723
1749263072,0.27860000,112.00000000,0.2723
1749263072,0.27870000,38.00000000,0.2723
1749263072,0.27880000,1236.00000000,0.2723
1749263072,0.27890000,625.00000000,0.2723
1749263072,0.27900000,143.00000000,0.2723
1749263072,0.27910000,37.00000000,0.2723
1749263072,0.27920000,66.00000000,0.2723
1749263072,0.27930000,1578.00000000,0.2723
1749263072,0.27940000,73.00000000,0.2723
1749263072,0.27950000,37.00000000,0.2723
1749263072,0.27960000,37.00000000,0.2723
1749263072,0.27970000,57.00000000,0.2723
1749263072,0.27980000,93.00000000,0.2723
1749263072,0.27990000,59.00000000,0.2723
1749263072,0.28000000,1372.00000000,0.2723
1749263072,0.28010000,21.00000000,0.2723
1749263072,0.28070000,24.00000000,0.2723
1749263072,0.28120000,206.00000000,0.2723
1749263072,0.28160000,39.00000000,0.2723
1749263072,0.28180000,3866.00000000,0.2723
1749263072,0.28190000,72.00000000,0.2723
1749263072,0.28230000,21.00000000,0.2723
1749263072,0.28250000,137.00000000,0.2723
1749263072,0.28300000,32.00000000,0.2723
1749263072,0.28330000,39.00000000,0.2723
1749263072,0.28370000,71.00000000,0.2723
1749263072,0.28380000,4022.00000000,0.2723
1749263072,0.28400000,211.00000000,0.2723
1749263072,0.28420000,35.00000000,0.2723
1749263072,0.28440000,21.00000000,0.2723
1749263072,0.28450000,154.00000000,0.2723
1749263072,0.28490000,42.00000000,0.2723
1749263072,0.28500000,4318.00000000,0.2723
1749263072,0.28510000,22.00000000,0.2723
1749263072,0.28520000,290.00000000,0.2723
1749263072,0.28530000,65.00000000,0.2723
1749263072,0.28550000,109.00000000,0.2723
1749263072,0.28560000,20.00000000,0.2723
1749263374,0.27290000,1932.00000000,0.2729
1749263374,0.27300000,24584.00000000,0.2729
1749263374,0.27310000,42456.00000000,0.2729
1749263374,0.27320000,54605.00000000,0.2729
1749263374,0.27330000,30534.00000000,0.2729
1749263374,0.27340000,55042.00000000,0.2729
1749263374,0.27350000,25347.00000000,0.2729
1749263374,0.27360000,9851.00000000,0.2729
1749263374,0.27370000,43254.00000000,0.2729
1749263374,0.27380000,3177.00000000,0.2729
1749263374,0.27390000,54738.00000000,0.2729
1749263374,0.27400000,6275.00000000,0.2729
1749263374,0.27410000,4182.00000000,0.2729
1749263374,0.27420000,7417.00000000,0.2729
1749263374,0.27430000,68069.00000000,0.2729
1749263374,0.27440000,3877.00000000,0.2729
1749263374,0.27450000,2477.00000000,0.2729
1749263374,0.27460000,1661.00000000,0.2729
1749263374,0.27470000,1640.00000000,0.2729
1749263374,0.27480000,27396.00000000,0.2729
1749263374,0.27490000,23562.00000000,0.2729
1749263374,0.27500000,3522.00000000,0.2729
1749263374,0.27510000,99.00000000,0.2729
1749263374,0.27520000,351.00000000,0.2729
1749263374,0.27530000,1612.00000000,0.2729
1749263374,0.27540000,96.00000000,0.2729
1749263374,0.27550000,2429.00000000,0.2729
1749263374,0.27560000,57.00000000,0.2729
1749263374,0.27570000,7566.00000000,0.2729
1749263374,0.27580000,1612.00000000,0.2729
1749263374,0.27590000,58.00000000,0.2729
1749263374,0.27600000,173.00000000,0.2729
1749263374,0.27610000,38.00000000,0.2729
1749263374,0.27620000,9120.00000000,0.2729
1749263374,0.27630000,61.00000000,0.2729
1749263374,0.27640000,5110.00000000,0.2729
1749263374,0.27650000,38.00000000,0.2729
1749263374,0.27660000,482.00000000,0.2729
1749263374,0.27670000,5448.00000000,0.2729
1749263374,0.27680000,87.00000000,0.2729
1749263374,0.27690000,1592.00000000,0.2729
1749263374,0.27700000,163.00000000,0.2729
1749263374,0.27710000,38.00000000,0.2729
1749263374,0.27720000,139.00000000,0.2729
1749263374,0.27730000,104.00000000,0.2729
1749263374,0.27740000,38.00000000,0.2729
1749263374,0.27750000,153.00000000,0.2729
1749263374,0.27760000,728.00000000,0.2729
1749263374,0.27770000,8808.00000000,0.2729
1749263374,0.27780000,38.00000000,0.2729
1749263374,0.27790000,5038.00000000,0.2729
1749263374,0.27800000,279.00000000,0.2729
1749263374,0.27810000,1612.00000000,0.2729
1749263374,0.27820000,38.00000000,0.2729
1749263374,0.27830000,3127.00000000,0.2729
1749263374,0.27840000,38.00000000,0.2729
1749263374,0.27850000,38.00000000,0.2729
1749263374,0.27860000,654.00000000,0.2729
1749263374,0.27870000,38.00000000,0.2729
1749263374,0.27880000,298.00000000,0.2729
1749263374,0.27890000,625.00000000,0.2729
1749263374,0.27900000,143.00000000,0.2729
1749263374,0.27910000,37.00000000,0.2729
1749263374,0.27920000,66.00000000,0.2729
1749263374,0.27930000,37.00000000,0.2729
1749263374,0.27940000,73.00000000,0.2729
1749263374,0.27950000,975.00000000,0.2729
1749263374,0.27960000,37.00000000,0.2729
1749263374,0.27970000,760.00000000,0.2729
1749263374,0.27980000,1631.00000000,0.2729
1749263374,0.27990000,59.00000000,0.2729
1749263374,0.28000000,1409.00000000,0.2729
1749263374,0.28010000,58.00000000,0.2729
1749263374,0.28020000,37.00000000,0.2729
1749263374,0.28030000,37.00000000,0.2729
1749263374,0.28040000,37.00000000,0.2729
1749263374,0.28070000,24.00000000,0.2729
1749263374,0.28120000,206.00000000,0.2729
1749263374,0.28160000,39.00000000,0.2729
1749263374,0.28180000,3866.00000000,0.2729
1749263374,0.28190000,72.00000000,0.2729
1749263374,0.28230000,21.00000000,0.2729
1749263374,0.28250000,137.00000000,0.2729
1749263374,0.28300000,32.00000000,0.2729
1749263374,0.28330000,39.00000000,0.2729
1749263374,0.28370000,71.00000000,0.2729
1749263374,0.28380000,202.00000000,0.2729
1749263374,0.28400000,211.00000000,0.2729
1749263374,0.28420000,35.00000000,0.2729
1749263374,0.28440000,21.00000000,0.2729
1749263374,0.28450000,154.00000000,0.2729
1749263374,0.28460000,3820.00000000,0.2729
1749263374,0.28490000,42.00000000,0.2729
1749263374,0.28500000,4318.00000000,0.2729
1749263374,0.28510000,22.00000000,0.2729
1749263374,0.28520000,290.00000000,0.2729
1749263374,0.28530000,65.00000000,0.2729
1749263374,0.28550000,109.00000000,0.2729
1749263374,0.28560000,20.00000000,0.2729
1749263374,0.28570000,25.00000000,0.2729
1749263675,0.27300000,21619.00000000,0.2728
1749263675,0.27310000,34389.00000000,0.2728
1749263675,0.27320000,42204.00000000,0.2728
1749263675,0.27330000,44437.00000000,0.2728
1749263675,0.27340000,67002.00000000,0.2728
1749263675,0.27350000,23608.00000000,0.2728
1749263675,0.27360000,14789.00000000,0.2728
1749263675,0.27370000,45087.00000000,0.2728
1749263675,0.27380000,54435.00000000,0.2728
1749263675,0.27390000,3089.00000000,0.2728
1749263675,0.27400000,6245.00000000,0.2728
1749263675,0.27410000,4182.00000000,0.2728
1749263675,0.27420000,10399.00000000,0.2728
1749263675,0.27430000,66973.00000000,0.2728
1749263675,0.27440000,1991.00000000,0.2728
1749263675,0.27450000,2477.00000000,0.2728
1749263675,0.27460000,1661.00000000,0.2728
1749263675,0.27470000,1640.00000000,0.2728
1749263675,0.27480000,27396.00000000,0.2728
1749263675,0.27490000,23562.00000000,0.2728
1749263675,0.27500000,3501.00000000,0.2728
1749263675,0.27510000,99.00000000,0.2728
1749263675,0.27520000,351.00000000,0.2728
1749263675,0.27530000,1612.00000000,0.2728
1749263675,0.27540000,96.00000000,0.2728
1749263675,0.27550000,2429.00000000,0.2728
1749263675,0.27560000,57.00000000,0.2728
1749263675,0.27570000,7566.00000000,0.2728
1749263675,0.27580000,37.00000000,0.2728
1749263675,0.27590000,58.00000000,0.2728
1749263675,0.27600000,173.00000000,0.2728
1749263675,0.27610000,38.00000000,0.2728
1749263675,0.27620000,10695.00000000,0.2728
1749263675,0.27630000,61.00000000,0.2728
1749263675,0.27640000,5110.00000000,0.2728
1749263675,0.27650000,430.00000000,0.2728
1749263675,0.27660000,83.00000000,0.2728
1749263675,0.27670000,5448.00000000,0.2728
1749263675,0.27680000,87.00000000,0.2728
1749263675,0.27690000,1592.00000000,0.2728
1749263675,0.27700000,163.00000000,0.2728
1749263675,0.27710000,38.00000000,0.2728
1749263675,0.27720000,139.00000000,0.2728
1749263675,0.27730000,104.00000000,0.2728
1749263675,0.27740000,38.00000000,0.2728
1749263675,0.27750000,662.00000000,0.2728
1749263675,0.27760000,219.00000000,0.2728
1749263675,0.27770000,8808.00000000,0.2728
1749263675,0.27780000,38.00000000,0.2728
1749263675,0.27790000,5038.00000000,0.2728
1749263675,0.27800000,279.00000000,0.2728
1749263675,0.27810000,1612.00000000,0.2728
1749263675,0.27820000,38.00000000,0.2728
1749263675,0.27830000,3127.00000000,0.2728
1749263675,0.27840000,38.00000000,0.2728
1749263675,0.27850000,38.00000000,0.2728
1749263675,0.27860000,112.00000000,0.2728
1749263675,0.27870000,591.00000000,0.2728
1749263675,0.27880000,298.00000000,0.2728
1749263675,0.27890000,625.00000000,0.2728
1749263675,0.27900000,143.00000000,0.2728
1749263675,0.27910000,37.00000000,0.2728
1749263675,0.27920000,66.00000000,0.2728
1749263675,0.27930000,37.00000000,0.2728
1749263675,0.27940000,777.00000000,0.2728
1749263675,0.27950000,975.00000000,0.2728
1749263675,0.27960000,37.00000000,0.2728
1749263675,0.27970000,57.00000000,0.2728
1749263675,0.27980000,1631.00000000,0.2728
1749263675,0.27990000,59.00000000,0.2728
1749263675,0.28000000,1409.00000000,0.2728
1749263675,0.28010000,58.00000000,0.2728
1749263675,0.28020000,37.00000000,0.2728
1749263675,0.28030000,37.00000000,0.2728
1749263675,0.28040000,37.00000000,0.2728
1749263675,0.28050000,37.00000000,0.2728
1749263675,0.28070000,24.00000000,0.2728
1749263675,0.28120000,206.00000000,0.2728
1749263675,0.28160000,39.00000000,0.2728
1749263675,0.28180000,3866.00000000,0.2728
1749263675,0.28190000,72.00000000,0.2728
1749263675,0.28230000,21.00000000,0.2728
1749263675,0.28250000,137.00000000,0.2728
1749263675,0.28300000,32.00000000,0.2728
1749263675,0.28330000,39.00000000,0.2728
1749263675,0.28370000,71.00000000,0.2728
1749263675,0.28380000,202.00000000,0.2728
1749263675,0.28400000,211.00000000,0.2728
1749263675,0.28420000,35.00000000,0.2728
1749263675,0.28440000,21.00000000,0.2728
1749263675,0.28450000,154.00000000,0.2728
1749263675,0.28460000,3820.00000000,0.2728
1749263675,0.28490000,42.00000000,0.2728
1749263675,0.28500000,4318.00000000,0.2728
1749263675,0.28510000,22.00000000,0.2728
1749263675,0.28520000,290.00000000,0.2728
1749263675,0.28530000,65.00000000,0.2728
1749263675,0.28550000,109.00000000,0.2728
1749263675,0.28560000,20.00000000,0.2728
1749263675,0.28570000,25.00000000,0.2728
1749263977,0.27330000,1999.00000000,0.2733
1749263977,0.27340000,43524.00000000,0.2733
1749263977,0.27350000,46050.00000000,0.2733
1749263977,0.27360000,38674.00000000,0.2733
1749263977,0.27370000,68352.00000000,0.2733
1749263977,0.27380000,31674.00000000,0.2733
1749263977,0.27390000,13194.00000000,0.2733
1749263977,0.27400000,44625.00000000,0.2733
1749263977,0.27410000,54414.00000000,0.2733
1749263977,0.27420000,6486.00000000,0.2733
1749263977,0.27430000,67001.00000000,0.2733
1749263977,0.27440000,3086.00000000,0.2733
1749263977,0.27450000,3571.00000000,0.2733
1749263977,0.27460000,2756.00000000,0.2733
1749263977,0.27470000,2734.00000000,0.2733
1749263977,0.27480000,28978.00000000,0.2733
1749263977,0.27490000,23562.00000000,0.2733
1749263977,0.27500000,3522.00000000,0.2733
1749263977,0.27510000,1674.00000000,0.2733
1749263977,0.27520000,7909.00000000,0.2733
1749263977,0.27530000,1640.00000000,0.2733
1749263977,0.27540000,96.00000000,0.2733
1749263977,0.27550000,2429.00000000,0.2733
1749263977,0.27560000,57.00000000,0.2733
1749263977,0.27570000,7566.00000000,0.2733
1749263977,0.27580000,37.00000000,0.2733
1749263977,0.27590000,58.00000000,0.2733
1749263977,0.27600000,173.00000000,0.2733
1749263977,0.27610000,38.00000000,0.2733
1749263977,0.27620000,1662.00000000,0.2733
1749263977,0.27630000,61.00000000,0.2733
1749263977,0.27640000,1685.00000000,0.2733
1749263977,0.27650000,38.00000000,0.2733
1749263977,0.27660000,83.00000000,0.2733
1749263977,0.27670000,6653.00000000,0.2733
1749263977,0.27680000,87.00000000,0.2733
1749263977,0.27690000,9466.00000000,0.2733
1749263977,0.27700000,163.00000000,0.2733
1749263977,0.27710000,38.00000000,0.2733
1749263977,0.27720000,159.00000000,0.2733
1749263977,0.27730000,5965.00000000,0.2733
1749263977,0.27740000,38.00000000,0.2733
1749263977,0.27750000,153.00000000,0.2733
1749263977,0.27760000,1773.00000000,0.2733
1749263977,0.27770000,8808.00000000,0.2733
1749263977,0.27780000,38.00000000,0.2733
1749263977,0.27790000,38.00000000,0.2733
1749263977,0.27800000,279.00000000,0.2733
1749263977,0.27810000,1612.00000000,0.2733
1749263977,0.27820000,5038.00000000,0.2733
1749263977,0.27830000,3127.00000000,0.2733
1749263977,0.27840000,38.00000000,0.2733
1749263977,0.27850000,38.00000000,0.2733
1749263977,0.27860000,112.00000000,0.2733
1749263977,0.27870000,38.00000000,0.2733
1749263977,0.27880000,269.00000000,0.2733
1749263977,0.27890000,1170.00000000,0.2733
1749263977,0.27900000,143.00000000,0.2733
1749263977,0.27910000,37.00000000,0.2733
1749263977,0.27920000,37.00000000,0.2733
1749263977,0.27930000,37.00000000,0.2733
1749263977,0.27940000,733.00000000,0.2733
1749263977,0.27950000,975.00000000,0.2733
1749263977,0.27960000,37.00000000,0.2733
1749263977,0.27970000,57.00000000,0.2733
1749263977,0.27980000,93.00000000,0.2733
1749263977,0.27990000,59.00000000,0.2733
1749263977,0.28000000,1409.00000000,0.2733
1749263977,0.28010000,1594.00000000,0.2733
1749263977,0.28020000,37.00000000,0.2733
1749263977,0.28030000,37.00000000,0.2733
1749263977,0.28040000,37.00000000,0.2733
1749263977,0.28050000,37.00000000,0.2733
1749263977,0.28060000,37.00000000,0.2733
1749263977,0.28070000,61.00000000,0.2733
1749263977,0.28080000,37.00000000,0.2733
1749263977,0.28120000,206.00000000,0.2733
1749263977,0.28160000,39.00000000,0.2733
1749263977,0.28180000,26.00000000,0.2733
1749263977,0.28190000,72.00000000,0.2733
1749263977,0.28230000,21.00000000,0.2733
1749263977,0.28250000,137.00000000,0.2733
1749263977,0.28260000,3840.00000000,0.2733
1749263977,0.28300000,32.00000000,0.2733
1749263977,0.28330000,39.00000000,0.2733
1749263977,0.28370000,71.00000000,0.2733
1749263977,0.28380000,202.00000000,0.2733
1749263977,0.28400000,211.00000000,0.2733
1749263977,0.28440000,21.00000000,0.2733
1749263977,0.28450000,154.00000000,0.2733
1749263977,0.28460000,3820.00000000,0.2733
1749263977,0.28490000,42.00000000,0.2733
1749263977,0.28500000,4318.00000000,0.2733
1749263977,0.28510000,22.00000000,0.2733
1749263977,0.28520000,290.00000000,0.2733
1749263977,0.28530000,65.00000000,0.2733
1749263977,0.28550000,109.00000000,0.2733
1749263977,0.28560000,20.00000000,0.2733
1749263977,0.28570000,25.00000000,0.2733
1749263977,0.28600000,955.00000000,0.2733
1749264278,0.27260000,1820.00000000,0.2726
1749264278,0.27270000,19500.00000000,0.2726
1749264278,0.27280000,36693.00000000,0.2726
1749264278,0.27290000,37633.00000000,0.2726
1749264278,0.27300000,31341.00000000,0.2726
1749264278,0.27310000,54002.00000000,0.2726
1749264278,0.27320000,22068.00000000,0.2726
1749264278,0.27330000,25139.00000000,0.2726
1749264278,0.27340000,16038.00000000,0.2726
1749264278,0.27350000,7082.00000000,0.2726
1749264278,0.27360000,3457.00000000,0.2726
1749264278,0.27370000,42156.00000000,0.2726
1749264278,0.27380000,6169.00000000,0.2726
1749264278,0.27390000,3696.00000000,0.2726
1749264278,0.27400000,56378.00000000,0.2726
1749264278,0.27410000,2765.00000000,0.2726
1749264278,0.27420000,1689.00000000,0.2726
1749264278,0.27430000,85249.00000000,0.2726
1749264278,0.27440000,1991.00000000,0.2726
1749264278,0.27450000,2477.00000000,0.2726
1749264278,0.27460000,1661.00000000,0.2726
1749264278,0.27470000,2922.00000000,0.2726
1749264278,0.27480000,8844.00000000,0.2726
1749264278,0.27490000,23562.00000000,0.2726
1749264278,0.27500000,3501.00000000,0.2726
1749264278,0.27510000,99.00000000,0.2726
1749264278,0.27520000,6629.00000000,0.2726
1749264278,0.27530000,65.00000000,0.2726
1749264278,0.27540000,96.00000000,0.2726
1749264278,0.27550000,854.00000000,0.2726
1749264278,0.27560000,57.00000000,0.2726
1749264278,0.27570000,5991.00000000,0.2726
1749264278,0.27580000,37.00000000,0.2726
1749264278,0.27590000,58.00000000,0.2726
1749264278,0.27600000,173.00000000,0.2726
1749264278,0.27610000,38.00000000,0.2726
1749264278,0.27620000,87.00000000,0.2726
1749264278,0.27630000,472.00000000,0.2726
1749264278,0.27640000,5110.00000000,0.2726
1749264278,0.27650000,38.00000000,0.2726
1749264278,0.27660000,83.00000000,0.2726
1749264278,0.27670000,5419.00000000,0.2726
1749264278,0.27680000,607.00000000,0.2726
1749264278,0.27690000,10625.00000000,0.2726
1749264278,0.27700000,163.00000000,0.2726
1749264278,0.27710000,38.00000000,0.2726
1749264278,0.27720000,159.00000000,0.2726
1749264278,0.27730000,104.00000000,0.2726
1749264278,0.27740000,38.00000000,0.2726
1749264278,0.27750000,153.00000000,0.2726
1749264278,0.27760000,5219.00000000,0.2726
1749264278,0.27770000,8808.00000000,0.2726
1749264278,0.27780000,38.00000000,0.2726
1749264278,0.27790000,38.00000000,0.2726
1749264278,0.27800000,279.00000000,0.2726
1749264278,0.27810000,1612.00000000,0.2726
1749264278,0.27820000,38.00000000,0.2726
1749264278,0.27830000,3127.00000000,0.2726
1749264278,0.27840000,574.00000000,0.2726
1749264278,0.27850000,38.00000000,0.2726
1749264278,0.27860000,112.00000000,0.2726
1749264278,0.27870000,38.00000000,0.2726
1749264278,0.27880000,269.00000000,0.2726
1749264278,0.27890000,625.00000000,0.2726
1749264278,0.27900000,143.00000000,0.2726
1749264278,0.27910000,37.00000000,0.2726
1749264278,0.27920000,37.00000000,0.2726
1749264278,0.27930000,37.00000000,0.2726
1749264278,0.27940000,732.00000000,0.2726
1749264278,0.27950000,975.00000000,0.2726
1749264278,0.27960000,1576.00000000,0.2726
1749264278,0.27970000,57.00000000,0.2726
1749264278,0.27980000,93.00000000,0.2726
1749264278,0.27990000,59.00000000,0.2726
1749264278,0.28000000,1409.00000000,0.2726
1749264278,0.28010000,58.00000000,0.2726
1749264278,0.28070000,24.00000000,0.2726
1749264278,0.28120000,206.00000000,0.2726
1749264278,0.28160000,39.00000000,0.2726
1749264278,0.28180000,26.00000000,0.2726
1749264278,0.28190000,72.00000000,0.2726
1749264278,0.28230000,21.00000000,0.2726
1749264278,0.28250000,137.00000000,0.2726
1749264278,0.28260000,3840.00000000,0.2726
1749264278,0.28300000,32.00000000,0.2726
1749264278,0.28330000,39.00000000,0.2726
1749264278,0.28370000,71.00000000,0.2726
1749264278,0.28380000,202.00000000,0.2726
1749264278,0.28400000,211.00000000,0.2726
1749264278,0.28440000,21.00000000,0.2726
1749264278,0.28450000,154.00000000,0.2726
1749264278,0.28460000,3820.00000000,0.2726
1749264278,0.28490000,42.00000000,0.2726
1749264278,0.28500000,4318.00000000,0.2726
1749264278,0.28510000,22.00000000,0.2726
1749264278,0.28520000,290.00000000,0.2726
1749264278,0.28530000,65.00000000,0.2726
1749264278,0.28550000,109.00000000,0.2726
1749264278,0.28560000,20.00000000,0.2726
1749264278,0.28570000,25.00000000,0.2726
1749264580,0.27310000,4624.00000000,0.2731
1749264580,0.27320000,39838.00000000,0.2731
1749264580,0.27330000,43539.00000000,0.2731
1749264580,0.27340000,50332.00000000,0.2731
1749264580,0.27350000,22618.00000000,0.2731
1749264580,0.27360000,35035.00000000,0.2731
1749264580,0.27370000,8177.00000000,0.2731
1749264580,0.27380000,11088.00000000,0.2731
1749264580,0.27390000,5563.00000000,0.2731
1749264580,0.27400000,42963.00000000,0.2731
1749264580,0.27410000,2785.00000000,0.2731
1749264580,0.27420000,58142.00000000,0.2731
1749264580,0.27430000,67001.00000000,0.2731
1749264580,0.27440000,4973.00000000,0.2731
1749264580,0.27450000,2477.00000000,0.2731
1749264580,0.27460000,2756.00000000,0.2731
1749264580,0.27470000,1640.00000000,0.2731
1749264580,0.27480000,27092.00000000,0.2731
1749264580,0.27490000,23562.00000000,0.2731
1749264580,0.27500000,3522.00000000,0.2731
1749264580,0.27510000,2955.00000000,0.2731
1749264580,0.27520000,6645.00000000,0.2731
1749264580,0.27530000,1640.00000000,0.2731
1749264580,0.27540000,96.00000000,0.2731
1749264580,0.27550000,2429.00000000,0.2731
1749264580,0.27560000,57.00000000,0.2731
1749264580,0.27570000,7566.00000000,0.2731
1749264580,0.27580000,37.00000000,0.2731
1749264580,0.27590000,58.00000000,0.2731
1749264580,0.27600000,173.00000000,0.2731
1749264580,0.27610000,38.00000000,0.2731
1749264580,0.27620000,10695.00000000,0.2731
1749264580,0.27630000,61.00000000,0.2731
1749264580,0.27640000,1685.00000000,0.2731
1749264580,0.27650000,38.00000000,0.2731
1749264580,0.27660000,83.00000000,0.2731
1749264580,0.27670000,5078.00000000,0.2731
1749264580,0.27680000,87.00000000,0.2731
1749264580,0.27690000,1995.00000000,0.2731
1749264580,0.27700000,163.00000000,0.2731
1749264580,0.27710000,38.00000000,0.2731
1749264580,0.27720000,159.00000000,0.2731
1749264580,0.27730000,5445.00000000,0.2731
1749264580,0.27740000,38.00000000,0.2731
1749264580,0.27750000,153.00000000,0.2731
1749264580,0.27760000,735.00000000,0.2731
1749264580,0.27770000,8808.00000000,0.2731
1749264580,0.27780000,38.00000000,0.2731
1749264580,0.27790000,5038.00000000,0.2731
1749264580,0.27800000,279.00000000,0.2731
1749264580,0.27810000,1612.00000000,0.2731
1749264580,0.27820000,38.00000000,0.2731
1749264580,0.27830000,3127.00000000,0.2731
1749264580,0.27840000,38.00000000,0.2731
1749264580,0.27850000,38.00000000,0.2731
1749264580,0.27860000,112.00000000,0.2731
1749264580,0.27870000,38.00000000,0.2731
1749264580,0.27880000,807.00000000,0.2731
1749264580,0.27890000,625.00000000,0.2731
1749264580,0.27900000,143.00000000,0.2731
1749264580,0.27910000,37.00000000,0.2731
1749264580,0.27920000,37.00000000,0.2731
1749264580,0.27930000,37.00000000,0.2731
1749264580,0.27940000,733.00000000,0.2731
1749264580,0.27950000,975.00000000,0.2731
1749264580,0.27960000,37.00000000,0.2731
1749264580,0.27970000,57.00000000,0.2731
1749264580,0.27980000,93.00000000,0.2731
1749264580,0.27990000,59.00000000,0.2731
1749264580,0.28000000,2945.00000000,0.2731
1749264580,0.28010000,58.00000000,0.2731
1749264580,0.28020000,37.00000000,0.2731
1749264580,0.28030000,37.00000000,0.2731
1749264580,0.28040000,37.00000000,0.2731
1749264580,0.28050000,37.00000000,0.2731
1749264580,0.28060000,37.00000000,0.2731
1749264580,0.28070000,24.00000000,0.2731
1749264580,0.28120000,206.00000000,0.2731
1749264580,0.28160000,39.00000000,0.2731
1749264580,0.28180000,3866.00000000,0.2731
1749264580,0.28190000,72.00000000,0.2731
1749264580,0.28230000,21.00000000,0.2731
1749264580,0.28250000,137.00000000,0.2731
1749264580,0.28300000,32.00000000,0.2731
1749264580,0.28330000,39.00000000,0.2731
1749264580,0.28370000,71.00000000,0.2731
1749264580,0.28380000,202.00000000,0.2731
1749264580,0.28400000,211.00000000,0.2731
1749264580,0.28440000,21.00000000,0.2731
1749264580,0.28450000,154.00000000,0.2731
1749264580,0.28460000,3820.00000000,0.2731
1749264580,0.28490000,42.00000000,0.2731
1749264580,0.28500000,4318.00000000,0.2731
1749264580,0.28510000,22.00000000,0.2731
1749264580,0.28520000,290.00000000,0.2731
1749264580,0.28530000,65.00000000,0.2731
1749264580,0.28550000,109.00000000,0.2731
1749264580,0.28560000,20.00000000,0.2731
1749264580,0.28570000,25.00000000,0.2731
1749264580,0.28600000,955.00000000,0.2731
1749264881,0.27390000,3049.00000000,0.2738
1749264881,0.27400000,27812.00000000,0.2738
1749264881,0.27410000,56054.00000000,0.2738
1749264881,0.27420000,42732.00000000,0.2738
1749264881,0.27430000,63060.00000000,0.2738
1749264881,0.27440000,27851.00000000,0.2738
1749264881,0.27450000,18768.00000000,0.2738
1749264881,0.27460000,41788.00000000,0.2738
1749264881,0.27470000,2784.00000000,0.2738
1749264881,0.27480000,56154.00000000,0.2738
1749264881,0.27490000,2761.00000000,0.2738
1749264881,0.27500000,8054.00000000,0.2738
1749264881,0.27510000,69197.00000000,0.2738
1749264881,0.27520000,4113.00000000,0.2738
1749264881,0.27530000,2732.00000000,0.2738
1749264881,0.27540000,2811.00000000,0.2738
1749264881,0.27550000,26434.00000000,0.2738
1749264881,0.27560000,23582.00000000,0.2738
1749264881,0.27570000,2918.00000000,0.2738
1749264881,0.27580000,85.00000000,0.2738
1749264881,0.27590000,86.00000000,0.2738
1749264881,0.27600000,6390.00000000,0.2738
1749264881,0.27610000,38.00000000,0.2738
1749264881,0.27620000,1662.00000000,0.2738
1749264881,0.27630000,61.00000000,0.2738
1749264881,0.27640000,1685.00000000,0.2738
1749264881,0.27650000,38.00000000,0.2738
1749264881,0.27660000,7612.00000000,0.2738
1749264881,0.27670000,78.00000000,0.2738
1749264881,0.27680000,87.00000000,0.2738
1749264881,0.27690000,10646.00000000,0.2738
1749264881,0.27700000,163.00000000,0.2738
1749264881,0.27710000,38.00000000,0.2738
1749264881,0.27720000,1734.00000000,0.2738
1749264881,0.27730000,6679.00000000,0.2738
1749264881,0.27740000,38.00000000,0.2738
1749264881,0.27750000,566.00000000,0.2738
1749264881,0.27760000,239.00000000,0.2738
1749264881,0.27770000,1592.00000000,0.2738
1749264881,0.27780000,38.00000000,0.2738
1749264881,0.27790000,5379.00000000,0.2738
1749264881,0.27800000,279.00000000,0.2738
1749264881,0.27810000,38.00000000,0.2738
1749264881,0.27820000,564.00000000,0.2738
1749264881,0.27830000,3127.00000000,0.2738
1749264881,0.27840000,8808.00000000,0.2738
1749264881,0.27850000,38.00000000,0.2738
1749264881,0.27860000,80.00000000,0.2738
1749264881,0.27870000,38.00000000,0.2738
1749264881,0.27880000,6843.00000000,0.2738
1749264881,0.27890000,625.00000000,0.2738
1749264881,0.27900000,143.00000000,0.2738
1749264881,0.27910000,37.00000000,0.2738
1749264881,0.27920000,37.00000000,0.2738
1749264881,0.27930000,37.00000000,0.2738
1749264881,0.27940000,37.00000000,0.2738
1749264881,0.27950000,37.00000000,0.2738
1749264881,0.27960000,37.00000000,0.2738
1749264881,0.27970000,57.00000000,0.2738
1749264881,0.27980000,587.00000000,0.2738
1749264881,0.27990000,750.00000000,0.2738
1749264881,0.28000000,1409.00000000,0.2738
1749264881,0.28010000,58.00000000,0.2738
1749264881,0.28020000,37.00000000,0.2738
1749264881,0.28030000,975.00000000,0.2738
1749264881,0.28040000,37.00000000,0.2738
1749264881,0.28050000,37.00000000,0.2738
1749264881,0.28060000,1571.00000000,0.2738
1749264881,0.28070000,61.00000000,0.2738
1749264881,0.28080000,37.00000000,0.2738
1749264881,0.28090000,37.00000000,0.2738
1749264881,0.28100000,37.00000000,0.2738
1749264881,0.28110000,37.00000000,0.2738
1749264881,0.28120000,243.00000000,0.2738
1749264881,0.28130000,37.00000000,0.2738
1749264881,0.28140000,37.00000000,0.2738
1749264881,0.28160000,39.00000000,0.2738
1749264881,0.28180000,26.00000000,0.2738
1749264881,0.28190000,72.00000000,0.2738
1749264881,0.28230000,21.00000000,0.2738
1749264881,0.28250000,137.00000000,0.2738
1749264881,0.28270000,3840.00000000,0.2738
1749264881,0.28300000,32.00000000,0.2738
1749264881,0.28330000,39.00000000,0.2738
1749264881,0.28370000,71.00000000,0.2738
1749264881,0.28380000,202.00000000,0.2738
1749264881,0.28400000,169.00000000,0.2738
1749264881,0.28440000,21.00000000,0.2738
1749264881,0.28450000,154.00000000,0.2738
1749264881,0.28460000,3820.00000000,0.2738
1749264881,0.28490000,42.00000000,0.2738
1749264881,0.28500000,4318.00000000,0.2738
1749264881,0.28510000,22.00000000,0.2738
1749264881,0.28520000,290.00000000,0.2738
1749264881,0.28530000,65.00000000,0.2738
1749264881,0.28550000,109.00000000,0.2738
1749264881,0.28560000,20.00000000,0.2738
1749264881,0.28570000,25.00000000,0.2738
1749264881,0.28600000,955.00000000,0.2738
1749264881,0.28640000,22.00000000,0.2738
1749265183,0.27360000,2145.00000000,0.2736
1749265183,0.27370000,24998.00000000,0.2736
1749265183,0.27380000,33446.00000000,0.2736
1749265183,0.27390000,35141.00000000,0.2736
1749265183,0.27400000,36087.00000000,0.2736
1749265183,0.27410000,54728.00000000,0.2736
1749265183,0.27420000,45523.00000000,0.2736
1749265183,0.27430000,60678.00000000,0.2736
1749265183,0.27440000,11870.00000000,0.2736
1749265183,0.27450000,4833.00000000,0.2736
1749265183,0.27460000,2782.00000000,0.2736
1749265183,0.27470000,4054.00000000,0.2736
1749265183,0.27480000,57777.00000000,0.2736
1749265183,0.27490000,2761.00000000,0.2736
1749265183,0.27500000,4642.00000000,0.2736
1749265183,0.27510000,68887.00000000,0.2736
1749265183,0.27520000,4113.00000000,0.2736
1749265183,0.27530000,1640.00000000,0.2736
1749265183,0.27540000,1719.00000000,0.2736
1749265183,0.27550000,26434.00000000,0.2736
1749265183,0.27560000,24999.00000000,0.2736
1749265183,0.27570000,2918.00000000,0.2736
1749265183,0.27580000,1660.00000000,0.2736
1749265183,0.27590000,1661.00000000,0.2736
1749265183,0.27600000,6418.00000000,0.2736
1749265183,0.27610000,66.00000000,0.2736
1749265183,0.27620000,1662.00000000,0.2736
1749265183,0.27630000,61.00000000,0.2736
1749265183,0.27640000,1685.00000000,0.2736
1749265183,0.27650000,72.00000000,0.2736
1749265183,0.27660000,1658.00000000,0.2736
1749265183,0.27670000,78.00000000,0.2736
1749265183,0.27680000,87.00000000,0.2736
1749265183,0.27690000,1613.00000000,0.2736
1749265183,0.27700000,163.00000000,0.2736
1749265183,0.27710000,38.00000000,0.2736
1749265183,0.27720000,159.00000000,0.2736
1749265183,0.27730000,5104.00000000,0.2736
1749265183,0.27740000,444.00000000,0.2736
1749265183,0.27750000,6107.00000000,0.2736
1749265183,0.27760000,9272.00000000,0.2736
1749265183,0.27770000,38.00000000,0.2736
1749265183,0.27780000,38.00000000,0.2736
1749265183,0.27790000,5901.00000000,0.2736
1749265183,0.27800000,299.00000000,0.2736
1749265183,0.27810000,38.00000000,0.2736
1749265183,0.27820000,38.00000000,0.2736
1749265183,0.27830000,3127.00000000,0.2736
1749265183,0.27840000,10362.00000000,0.2736
1749265183,0.27850000,38.00000000,0.2736
1749265183,0.27860000,80.00000000,0.2736
1749265183,0.27870000,38.00000000,0.2736
1749265183,0.27880000,6843.00000000,0.2736
1749265183,0.27890000,625.00000000,0.2736
1749265183,0.27900000,143.00000000,0.2736
1749265183,0.27910000,37.00000000,0.2736
1749265183,0.27920000,37.00000000,0.2736
1749265183,0.27930000,37.00000000,0.2736
1749265183,0.27940000,37.00000000,0.2736
1749265183,0.27950000,37.00000000,0.2736
1749265183,0.27960000,37.00000000,0.2736
1749265183,0.27970000,57.00000000,0.2736
1749265183,0.27980000,598.00000000,0.2736
1749265183,0.27990000,750.00000000,0.2736
1749265183,0.28000000,1409.00000000,0.2736
1749265183,0.28010000,58.00000000,0.2736
1749265183,0.28020000,37.00000000,0.2736
1749265183,0.28030000,975.00000000,0.2736
1749265183,0.28040000,37.00000000,0.2736
1749265183,0.28050000,37.00000000,0.2736
1749265183,0.28060000,1570.00000000,0.2736
1749265183,0.28070000,106.00000000,0.2736
1749265183,0.28080000,37.00000000,0.2736
1749265183,0.28090000,37.00000000,0.2736
1749265183,0.28100000,37.00000000,0.2736
1749265183,0.28110000,37.00000000,0.2736
1749265183,0.28120000,206.00000000,0.2736
1749265183,0.28160000,39.00000000,0.2736
1749265183,0.28180000,26.00000000,0.2736
1749265183,0.28190000,72.00000000,0.2736
1749265183,0.28230000,21.00000000,0.2736
1749265183,0.28250000,137.00000000,0.2736
1749265183,0.28270000,3840.00000000,0.2736
1749265183,0.28300000,32.00000000,0.2736
1749265183,0.28330000,39.00000000,0.2736
1749265183,0.28370000,71.00000000,0.2736
1749265183,0.28380000,202.00000000,0.2736
1749265183,0.28400000,169.00000000,0.2736
1749265183,0.28440000,21.00000000,0.2736
1749265183,0.28450000,154.00000000,0.2736
1749265183,0.28490000,42.00000000,0.2736
1749265183,0.28500000,4318.00000000,0.2736
1749265183,0.28510000,22.00000000,0.2736
1749265183,0.28520000,290.00000000,0.2736
1749265183,0.28530000,65.00000000,0.2736
1749265183,0.28540000,3820.00000000,0.2736
1749265183,0.28550000,109.00000000,0.2736
1749265183,0.28560000,20.00000000,0.2736
1749265183,0.28570000,25.00000000,0.2736
1749265183,0.28600000,955.00000000,0.2736
1749265484,0.27390000,2159.00000000,0.2739
1749265484,0.27400000,24983.00000000,0.2739
1749265484,0.27410000,30492.00000000,0.2739
1749265484,0.27420000,49247.00000000,0.2739
1749265484,0.27430000,47727.00000000,0.2739
1749265484,0.27440000,60747.00000000,0.2739
1749265484,0.27450000,31774.00000000,0.2739
1749265484,0.27460000,46114.00000000,0.2739
1749265484,0.27470000,3137.00000000,0.2739
1749265484,0.27480000,3940.00000000,0.2739
1749265484,0.27490000,3137.00000000,0.2739
1749265484,0.27500000,59663.00000000,0.2739
1749265484,0.27510000,4580.00000000,0.2739
1749265484,0.27520000,3010.00000000,0.2739
1749265484,0.27530000,2760.00000000,0.2739
1749265484,0.27540000,3605.00000000,0.2739
1749265484,0.27550000,19888.00000000,0.2739
1749265484,0.27560000,68410.00000000,0.2739
1749265484,0.27570000,1640.00000000,0.2739
1749265484,0.27580000,1660.00000000,0.2739
1749265484,0.27590000,1661.00000000,0.2739
1749265484,0.27600000,10015.00000000,0.2739
1749265484,0.27610000,66.00000000,0.2739
1749265484,0.27620000,7425.00000000,0.2739
1749265484,0.27630000,22011.00000000,0.2739
1749265484,0.27640000,1979.00000000,0.2739
1749265484,0.27650000,72.00000000,0.2739
1749265484,0.27660000,1658.00000000,0.2739
1749265484,0.27670000,895.00000000,0.2739
1749265484,0.27680000,87.00000000,0.2739
1749265484,0.27690000,38.00000000,0.2739
1749265484,0.27700000,1738.00000000,0.2739
1749265484,0.27710000,38.00000000,0.2739
1749265484,0.27720000,1734.00000000,0.2739
1749265484,0.27730000,1679.00000000,0.2739
1749265484,0.27740000,38.00000000,0.2739
1749265484,0.27750000,7682.00000000,0.2739
1749265484,0.27760000,15847.00000000,0.2739
1749265484,0.27770000,38.00000000,0.2739
1749265484,0.27780000,2124.00000000,0.2739
1749265484,0.27790000,5379.00000000,0.2739
1749265484,0.27800000,693.00000000,0.2739
1749265484,0.27810000,38.00000000,0.2739
1749265484,0.27820000,38.00000000,0.2739
1749265484,0.27830000,3127.00000000,0.2739
1749265484,0.27840000,1592.00000000,0.2739
1749265484,0.27850000,38.00000000,0.2739
1749265484,0.27860000,80.00000000,0.2739
1749265484,0.27870000,38.00000000,0.2739
1749265484,0.27880000,301.00000000,0.2739
1749265484,0.27890000,625.00000000,0.2739
1749265484,0.27900000,143.00000000,0.2739
1749265484,0.27910000,37.00000000,0.2739
1749265484,0.27920000,5037.00000000,0.2739
1749265484,0.27930000,8807.00000000,0.2739
1749265484,0.27940000,37.00000000,0.2739
1749265484,0.27950000,37.00000000,0.2739
1749265484,0.27960000,1611.00000000,0.2739
1749265484,0.27970000,57.00000000,0.2739
1749265484,0.27980000,605.00000000,0.2739
1749265484,0.27990000,761.00000000,0.2739
1749265484,0.28000000,1409.00000000,0.2739
1749265484,0.28010000,58.00000000,0.2739
1749265484,0.28020000,37.00000000,0.2739
1749265484,0.28030000,37.00000000,0.2739
1749265484,0.28040000,37.00000000,0.2739
1749265484,0.28050000,37.00000000,0.2739
1749265484,0.28060000,37.00000000,0.2739
1749265484,0.28070000,106.00000000,0.2739
1749265484,0.28080000,37.00000000,0.2739
1749265484,0.28090000,37.00000000,0.2739
1749265484,0.28100000,975.00000000,0.2739
1749265484,0.28110000,1568.00000000,0.2739
1749265484,0.28120000,243.00000000,0.2739
1749265484,0.28130000,37.00000000,0.2739
1749265484,0.28140000,37.00000000,0.2739
1749265484,0.28160000,39.00000000,0.2739
1749265484,0.28180000,26.00000000,0.2739
1749265484,0.28190000,72.00000000,0.2739
1749265484,0.28230000,21.00000000,0.2739
1749265484,0.28250000,137.00000000,0.2739
1749265484,0.28300000,32.00000000,0.2739
1749265484,0.28330000,39.00000000,0.2739
1749265484,0.28350000,3840.00000000,0.2739
1749265484,0.28370000,71.00000000,0.2739
1749265484,0.28380000,202.00000000,0.2739
1749265484,0.28400000,169.00000000,0.2739
1749265484,0.28420000,42.00000000,0.2739
1749265484,0.28440000,21.00000000,0.2739
1749265484,0.28450000,154.00000000,0.2739
1749265484,0.28490000,42.00000000,0.2739
1749265484,0.28500000,4318.00000000,0.2739
1749265484,0.28510000,22.00000000,0.2739
1749265484,0.28520000,290.00000000,0.2739
1749265484,0.28530000,65.00000000,0.2739
1749265484,0.28540000,3820.00000000,0.2739
1749265484,0.28550000,109.00000000,0.2739
1749265484,0.28560000,20.00000000,0.2739
1749265484,0.28570000,25.00000000,0.2739
1749265484,0.28600000,955.00000000,0.2739
1749265786,0.27390000,2840.00000000,0.2739
1749265786,0.27400000,36363.00000000,0.2739
1749265786,0.27410000,37676.00000000,0.2739
1749265786,0.27420000,32854.00000000,0.2739
1749265786,0.27430000,47959.00000000,0.2739
1749265786,0.27440000,36790.00000000,0.2739
1749265786,0.27450000,45744.00000000,0.2739
1749265786,0.27460000,46733.00000000,0.2739
1749265786,0.27470000,3612.00000000,0.2739
1749265786,0.27480000,3457.00000000,0.2739
1749265786,0.27490000,54386.00000000,0.2739
1749265786,0.27500000,8085.00000000,0.2739
1749265786,0.27510000,69913.00000000,0.2739
1749265786,0.27520000,3010.00000000,0.2739
1749265786,0.27530000,4646.00000000,0.2739
1749265786,0.27540000,1719.00000000,0.2739
1749265786,0.27550000,1640.00000000,0.2739
1749265786,0.27560000,3077.00000000,0.2739
1749265786,0.27570000,1640.00000000,0.2739
1749265786,0.27580000,1660.00000000,0.2739
1749265786,0.27590000,1661.00000000,0.2739
1749265786,0.27600000,10015.00000000,0.2739
1749265786,0.27610000,66.00000000,0.2739
1749265786,0.27620000,25653.00000000,0.2739
1749265786,0.27630000,22011.00000000,0.2739
1749265786,0.27640000,1979.00000000,0.2739
1749265786,0.27650000,72.00000000,0.2739
1749265786,0.27660000,1658.00000000,0.2739
1749265786,0.27670000,895.00000000,0.2739
1749265786,0.27680000,87.00000000,0.2739
1749265786,0.27690000,38.00000000,0.2739
1749265786,0.27700000,1738.00000000,0.2739
1749265786,0.27710000,38.00000000,0.2739
1749265786,0.27720000,1734.00000000,0.2739
1749265786,0.27730000,1679.00000000,0.2739
1749265786,0.27740000,38.00000000,0.2739
1749265786,0.27750000,13080.00000000,0.2739
1749265786,0.27760000,10847.00000000,0.2739
1749265786,0.27770000,38.00000000,0.2739
1749265786,0.27780000,38.00000000,0.2739
1749265786,0.27790000,6954.00000000,0.2739
1749265786,0.27800000,299.00000000,0.2739
1749265786,0.27810000,38.00000000,0.2739
1749265786,0.27820000,2128.00000000,0.2739
1749265786,0.27830000,4702.00000000,0.2739
1749265786,0.27840000,3167.00000000,0.2739
1749265786,0.27850000,38.00000000,0.2739
1749265786,0.27860000,80.00000000,0.2739
1749265786,0.27870000,38.00000000,0.2739
1749265786,0.27880000,1876.00000000,0.2739
1749265786,0.27890000,7200.00000000,0.2739
1749265786,0.27900000,143.00000000,0.2739
1749265786,0.27910000,37.00000000,0.2739
1749265786,0.27920000,37.00000000,0.2739
1749265786,0.27930000,8807.00000000,0.2739
1749265786,0.27940000,37.00000000,0.2739
1749265786,0.27950000,37.00000000,0.2739
1749265786,0.27960000,2855.00000000,0.2739
1749265786,0.27970000,57.00000000,0.2739
1749265786,0.27980000,57.00000000,0.2739
1749265786,0.27990000,59.00000000,0.2739
1749265786,0.28000000,1409.00000000,0.2739
1749265786,0.28010000,58.00000000,0.2739
1749265786,0.28020000,37.00000000,0.2739
1749265786,0.28030000,37.00000000,0.2739
1749265786,0.28040000,37.00000000,0.2739
1749265786,0.28050000,37.00000000,0.2739
1749265786,0.28060000,37.00000000,0.2739
1749265786,0.28070000,106.00000000,0.2739
1749265786,0.28080000,37.00000000,0.2739
1749265786,0.28090000,1569.00000000,0.2739
1749265786,0.28100000,975.00000000,0.2739
1749265786,0.28110000,37.00000000,0.2739
1749265786,0.28120000,243.00000000,0.2739
1749265786,0.28130000,37.00000000,0.2739
1749265786,0.28140000,37.00000000,0.2739
1749265786,0.28160000,39.00000000,0.2739
1749265786,0.28180000,26.00000000,0.2739
1749265786,0.28190000,72.00000000,0.2739
1749265786,0.28230000,21.00000000,0.2739
1749265786,0.28250000,137.00000000,0.2739
1749265786,0.28300000,32.00000000,0.2739
1749265786,0.28330000,39.00000000,0.2739
1749265786,0.28350000,3840.00000000,0.2739
1749265786,0.28370000,71.00000000,0.2739
1749265786,0.28380000,312.00000000,0.2739
1749265786,0.28400000,169.00000000,0.2739
1749265786,0.28420000,42.00000000,0.2739
1749265786,0.28440000,21.00000000,0.2739
1749265786,0.28450000,154.00000000,0.2739
1749265786,0.28490000,42.00000000,0.2739
1749265786,0.28500000,4318.00000000,0.2739
1749265786,0.28510000,22.00000000,0.2739
1749265786,0.28520000,290.00000000,0.2739
1749265786,0.28530000,65.00000000,0.2739
1749265786,0.28540000,3820.00000000,0.2739
1749265786,0.28550000,109.00000000,0.2739
1749265786,0.28560000,20.00000000,0.2739
1749265786,0.28570000,25.00000000,0.2739
1749265786,0.28600000,955.00000000,0.2739
1749266087,0.27450000,4265.00000000,0.2745
1749266087,0.27460000,24556.00000000,0.2745
1749266087,0.27470000,45646.00000000,0.2745
1749266087,0.27480000,24101.00000000,0.2745
1749266087,0.27490000,40366.00000000,0.2745
1749266087,0.27500000,59259.00000000,0.2745
1749266087,0.27510000,49766.00000000,0.2745
1749266087,0.27520000,46976.00000000,0.2745
1749266087,0.27530000,3829.00000000,0.2745
1749266087,0.27540000,7935.00000000,0.2745
1749266087,0.27550000,53316.00000000,0.2745
1749266087,0.27560000,4195.00000000,0.2745
1749266087,0.27570000,2759.00000000,0.2745
1749266087,0.27580000,6192.00000000,0.2745
1749266087,0.27590000,67224.00000000,0.2745
1749266087,0.27600000,2865.00000000,0.2745
1749266087,0.27610000,4616.00000000,0.2745
1749266087,0.27620000,1710.00000000,0.2745
1749266087,0.27630000,22011.00000000,0.2745
1749266087,0.27640000,2007.00000000,0.2745
1749266087,0.27650000,100.00000000,0.2745
1749266087,0.27660000,1706.00000000,0.2745
1749266087,0.27670000,3772.00000000,0.2745
1749266087,0.27680000,2527.00000000,0.2745
1749266087,0.27690000,12042.00000000,0.2745
1749266087,0.27700000,1738.00000000,0.2745
1749266087,0.27710000,38.00000000,0.2745
1749266087,0.27720000,1734.00000000,0.2745
1749266087,0.27730000,1679.00000000,0.2745
1749266087,0.27740000,38.00000000,0.2745
1749266087,0.27750000,7682.00000000,0.2745
1749266087,0.27760000,1814.00000000,0.2745
1749266087,0.27770000,38.00000000,0.2745
1749266087,0.27780000,1613.00000000,0.2745
1749266087,0.27790000,1613.00000000,0.2745
1749266087,0.27800000,299.00000000,0.2745
1749266087,0.27810000,6613.00000000,0.2745
1749266087,0.27820000,19815.00000000,0.2745
1749266087,0.27830000,13735.00000000,0.2745
1749266087,0.27840000,2030.00000000,0.2745
1749266087,0.27850000,5379.00000000,0.2745
1749266087,0.27860000,80.00000000,0.2745
1749266087,0.27870000,38.00000000,0.2745
1749266087,0.27880000,1876.00000000,0.2745
1749266087,0.27890000,2200.00000000,0.2745
1749266087,0.27900000,143.00000000,0.2745
1749266087,0.27910000,3166.00000000,0.2745
1749266087,0.27920000,2122.00000000,0.2745
1749266087,0.27930000,10382.00000000,0.2745
1749266087,0.27940000,37.00000000,0.2745
1749266087,0.27950000,37.00000000,0.2745
1749266087,0.27960000,8186.00000000,0.2745
1749266087,0.27970000,57.00000000,0.2745
1749266087,0.27980000,57.00000000,0.2745
1749266087,0.27990000,59.00000000,0.2745
1749266087,0.28000000,1409.00000000,0.2745
1749266087,0.28010000,58.00000000,0.2745
1749266087,0.28020000,37.00000000,0.2745
1749266087,0.28030000,37.00000000,0.2745
1749266087,0.28040000,37.00000000,0.2745
1749266087,0.28050000,37.00000000,0.2745
1749266087,0.28060000,37.00000000,0.2745
1749266087,0.28070000,106.00000000,0.2745
1749266087,0.28080000,37.00000000,0.2745
1749266087,0.28090000,1286.00000000,0.2745
1749266087,0.28100000,975.00000000,0.2745
1749266087,0.28110000,37.00000000,0.2745
1749266087,0.28120000,243.00000000,0.2745
1749266087,0.28130000,37.00000000,0.2745
1749266087,0.28140000,37.00000000,0.2745
1749266087,0.28150000,1565.00000000,0.2745
1749266087,0.28160000,76.00000000,0.2745
1749266087,0.28170000,37.00000000,0.2745
1749266087,0.28180000,63.00000000,0.2745
1749266087,0.28190000,109.00000000,0.2745
1749266087,0.28200000,37.00000000,0.2745
1749266087,0.28230000,21.00000000,0.2745
1749266087,0.28250000,137.00000000,0.2745
1749266087,0.28300000,32.00000000,0.2745
1749266087,0.28330000,39.00000000,0.2745
1749266087,0.28350000,3840.00000000,0.2745
1749266087,0.28370000,71.00000000,0.2745
1749266087,0.28380000,312.00000000,0.2745
1749266087,0.28400000,169.00000000,0.2745
1749266087,0.28420000,42.00000000,0.2745
1749266087,0.28440000,21.00000000,0.2745
1749266087,0.28450000,154.00000000,0.2745
1749266087,0.28490000,42.00000000,0.2745
1749266087,0.28500000,4318.00000000,0.2745
1749266087,0.28510000,22.00000000,0.2745
1749266087,0.28520000,290.00000000,0.2745
1749266087,0.28530000,65.00000000,0.2745
1749266087,0.28550000,109.00000000,0.2745
1749266087,0.28560000,20.00000000,0.2745
1749266087,0.28570000,25.00000000,0.2745
1749266087,0.28600000,955.00000000,0.2745
1749266087,0.28620000,3820.00000000,0.2745
1749266087,0.28640000,22.00000000,0.2745
1749266087,0.28650000,69.00000000,0.2745
1749266087,0.28660000,59.00000000,0.2745
1749266389,0.27410000,2176.00000000,0.2741
1749266389,0.27420000,32653.00000000,0.2741
1749266389,0.27430000,24274.00000000,0.2741
1749266389,0.27440000,37363.00000000,0.2741
1749266389,0.27450000,47490.00000000,0.2741
1749266389,0.27460000,44028.00000000,0.2741
1749266389,0.27470000,22593.00000000,0.2741
1749266389,0.27480000,34664.00000000,0.2741
1749266389,0.27490000,7673.00000000,0.2741
1749266389,0.27500000,3902.00000000,0.2741
1749266389,0.27510000,3430.00000000,0.2741
1749266389,0.27520000,47919.00000000,0.2741
1749266389,0.27530000,3688.00000000,0.2741
1749266389,0.27540000,55373.00000000,0.2741
1749266389,0.27550000,2777.00000000,0.2741
1749266389,0.27560000,4664.00000000,0.2741
1749266389,0.27570000,3085.00000000,0.2741
1749266389,0.27580000,20720.00000000,0.2741
1749266389,0.27590000,67252.00000000,0.2741
1749266389,0.27600000,1776.00000000,0.2741
1749266389,0.27610000,2917.00000000,0.2741
1749266389,0.27620000,1710.00000000,0.2741
1749266389,0.27630000,89.00000000,0.2741
1749266389,0.27640000,2007.00000000,0.2741
1749266389,0.27650000,7904.00000000,0.2741
1749266389,0.27660000,1686.00000000,0.2741
1749266389,0.27670000,2498.00000000,0.2741
1749266389,0.27680000,1690.00000000,0.2741
1749266389,0.27690000,7341.00000000,0.2741
1749266389,0.27700000,23660.00000000,0.2741
1749266389,0.27710000,38.00000000,0.2741
1749266389,0.27720000,1734.00000000,0.2741
1749266389,0.27730000,1679.00000000,0.2741
1749266389,0.27740000,38.00000000,0.2741
1749266389,0.27750000,7682.00000000,0.2741
1749266389,0.27760000,1814.00000000,0.2741
1749266389,0.27770000,38.00000000,0.2741
1749266389,0.27780000,6613.00000000,0.2741
1749266389,0.27790000,1613.00000000,0.2741
1749266389,0.27800000,299.00000000,0.2741
1749266389,0.27810000,38.00000000,0.2741
1749266389,0.27820000,432.00000000,0.2741
1749266389,0.27830000,12160.00000000,0.2741
1749266389,0.27840000,561.00000000,0.2741
1749266389,0.27850000,5379.00000000,0.2741
1749266389,0.27860000,80.00000000,0.2741
1749266389,0.27870000,38.00000000,0.2741
1749266389,0.27880000,301.00000000,0.2741
1749266389,0.27890000,625.00000000,0.2741
1749266389,0.27900000,143.00000000,0.2741
1749266389,0.27910000,1591.00000000,0.2741
1749266389,0.27920000,37.00000000,0.2741
1749266389,0.27930000,13807.00000000,0.2741
1749266389,0.27940000,37.00000000,0.2741
1749266389,0.27950000,37.00000000,0.2741
1749266389,0.27960000,1611.00000000,0.2741
1749266389,0.27970000,57.00000000,0.2741
1749266389,0.27980000,57.00000000,0.2741
1749266389,0.27990000,610.00000000,0.2741
1749266389,0.28000000,2123.00000000,0.2741
1749266389,0.28010000,58.00000000,0.2741
1749266389,0.28020000,37.00000000,0.2741
1749266389,0.28030000,37.00000000,0.2741
1749266389,0.28040000,37.00000000,0.2741
1749266389,0.28050000,37.00000000,0.2741
1749266389,0.28060000,37.00000000,0.2741
1749266389,0.28070000,106.00000000,0.2741
1749266389,0.28080000,37.00000000,0.2741
1749266389,0.28090000,37.00000000,0.2741
1749266389,0.28100000,2506.00000000,0.2741
1749266389,0.28110000,37.00000000,0.2741
1749266389,0.28120000,243.00000000,0.2741
1749266389,0.28130000,37.00000000,0.2741
1749266389,0.28140000,37.00000000,0.2741
1749266389,0.28150000,37.00000000,0.2741
1749266389,0.28160000,76.00000000,0.2741
1749266389,0.28180000,26.00000000,0.2741
1749266389,0.28190000,72.00000000,0.2741
1749266389,0.28230000,21.00000000,0.2741
1749266389,0.28250000,137.00000000,0.2741
1749266389,0.28300000,32.00000000,0.2741
1749266389,0.28330000,39.00000000,0.2741
1749266389,0.28350000,3840.00000000,0.2741
1749266389,0.28370000,71.00000000,0.2741
1749266389,0.28380000,312.00000000,0.2741
1749266389,0.28400000,169.00000000,0.2741
1749266389,0.28420000,42.00000000,0.2741
1749266389,0.28440000,21.00000000,0.2741
1749266389,0.28450000,154.00000000,0.2741
1749266389,0.28490000,42.00000000,0.2741
1749266389,0.28500000,4318.00000000,0.2741
1749266389,0.28510000,22.00000000,0.2741
1749266389,0.28520000,290.00000000,0.2741
1749266389,0.28530000,65.00000000,0.2741
1749266389,0.28550000,109.00000000,0.2741
1749266389,0.28560000,20.00000000,0.2741
1749266389,0.28570000,25.00000000,0.2741
1749266389,0.28600000,955.00000000,0.2741
1749266389,0.28620000,3820.00000000,0.2741
1749266389,0.28640000,22.00000000,0.2741
1749266691,0.27490000,2940.00000000,0.2749
1749266691,0.27500000,40658.00000000,0.2749
1749266691,0.27510000,51040.00000000,0.2749
1749266691,0.27520000,26670.00000000,0.2749
1749266691,0.27530000,48588.00000000,0.2749
1749266691,0.27540000,60028.00000000,0.2749
1749266691,0.27550000,46873.00000000,0.2749
1749266691,0.27560000,2518.00000000,0.2749
1749266691,0.27570000,3436.00000000,0.2749
1749266691,0.27580000,3686.00000000,0.2749
1749266691,0.27590000,54636.00000000,0.2749
1749266691,0.27600000,6562.00000000,0.2749
1749266691,0.27610000,2729.00000000,0.2749
1749266691,0.27620000,68130.00000000,0.2749
1749266691,0.27630000,4638.00000000,0.2749
1749266691,0.27640000,2007.00000000,0.2749
1749266691,0.27650000,3929.00000000,0.2749
1749266691,0.27660000,1728.00000000,0.2749
1749266691,0.27670000,2498.00000000,0.2749
1749266691,0.27680000,1690.00000000,0.2749
1749266691,0.27690000,33051.00000000,0.2749
1749266691,0.27700000,23688.00000000,0.2749
1749266691,0.27710000,38.00000000,0.2749
1749266691,0.27720000,1734.00000000,0.2749
1749266691,0.27730000,1679.00000000,0.2749
1749266691,0.27740000,38.00000000,0.2749
1749266691,0.27750000,7682.00000000,0.2749
1749266691,0.27760000,1814.00000000,0.2749
1749266691,0.27770000,38.00000000,0.2749
1749266691,0.27780000,38.00000000,0.2749
1749266691,0.27790000,38.00000000,0.2749
1749266691,0.27800000,1874.00000000,0.2749
1749266691,0.27810000,1613.00000000,0.2749
1749266691,0.27820000,38.00000000,0.2749
1749266691,0.27830000,13735.00000000,0.2749
1749266691,0.27840000,6633.00000000,0.2749
1749266691,0.27850000,6954.00000000,0.2749
1749266691,0.27860000,80.00000000,0.2749
1749266691,0.27870000,435.00000000,0.2749
1749266691,0.27880000,321.00000000,0.2749
1749266691,0.27890000,2200.00000000,0.2749
1749266691,0.27900000,143.00000000,0.2749
1749266691,0.27910000,3166.00000000,0.2749
1749266691,0.27920000,533.00000000,0.2749
1749266691,0.27930000,10382.00000000,0.2749
1749266691,0.27940000,37.00000000,0.2749
1749266691,0.27950000,37.00000000,0.2749
1749266691,0.27960000,6611.00000000,0.2749
1749266691,0.27970000,57.00000000,0.2749
1749266691,0.27980000,57.00000000,0.2749
1749266691,0.27990000,59.00000000,0.2749
1749266691,0.28000000,2127.00000000,0.2749
1749266691,0.28010000,58.00000000,0.2749
1749266691,0.28020000,37.00000000,0.2749
1749266691,0.28030000,37.00000000,0.2749
1749266691,0.28040000,37.00000000,0.2749
1749266691,0.28050000,37.00000000,0.2749
1749266691,0.28060000,37.00000000,0.2749
1749266691,0.28070000,106.00000000,0.2749
1749266691,0.28080000,37.00000000,0.2749
1749266691,0.28090000,583.00000000,0.2749
1749266691,0.28100000,975.00000000,0.2749
1749266691,0.28110000,37.00000000,0.2749
1749266691,0.28120000,243.00000000,0.2749
1749266691,0.28130000,37.00000000,0.2749
1749266691,0.28140000,37.00000000,0.2749
1749266691,0.28150000,37.00000000,0.2749
1749266691,0.28160000,76.00000000,0.2749
1749266691,0.28170000,37.00000000,0.2749
1749266691,0.28180000,1591.00000000,0.2749
1749266691,0.28190000,109.00000000,0.2749
1749266691,0.28200000,37.00000000,0.2749
1749266691,0.28210000,65.00000000,0.2749
1749266691,0.28220000,37.00000000,0.2749
1749266691,0.28230000,58.00000000,0.2749
1749266691,0.28240000,37.00000000,0.2749
1749266691,0.28250000,137.00000000,0.2749
1749266691,0.28300000,32.00000000,0.2749
1749266691,0.28330000,39.00000000,0.2749
1749266691,0.28350000,3840.00000000,0.2749
1749266691,0.28370000,71.00000000,0.2749
1749266691,0.28380000,312.00000000,0.2749
1749266691,0.28400000,169.00000000,0.2749
1749266691,0.28420000,42.00000000,0.2749
1749266691,0.28440000,21.00000000,0.2749
1749266691,0.28450000,154.00000000,0.2749
1749266691,0.28490000,42.00000000,0.2749
1749266691,0.28500000,4318.00000000,0.2749
1749266691,0.28510000,22.00000000,0.2749
1749266691,0.28520000,290.00000000,0.2749
1749266691,0.28530000,65.00000000,0.2749
1749266691,0.28550000,109.00000000,0.2749
1749266691,0.28560000,20.00000000,0.2749
1749266691,0.28570000,25.00000000,0.2749
1749266691,0.28600000,955.00000000,0.2749
1749266691,0.28620000,3820.00000000,0.2749
1749266691,0.28640000,22.00000000,0.2749
1749266691,0.28650000,69.00000000,0.2749
1749266691,0.28660000,59.00000000,0.2749
1749266691,0.28670000,23.00000000,0.2749
1749266992,0.27440000,4927.00000000,0.2744
1749266992,0.27450000,17989.00000000,0.2744
1749266992,0.27460000,34850.00000000,0.2744
1749266992,0.27470000,37000.00000000,0.2744
1749266992,0.27480000,51056.00000000,0.2744
1749266992,0.27490000,26143.00000000,0.2744
1749266992,0.27500000,42297.00000000,0.2744
1749266992,0.27510000,42498.00000000,0.2744
1749266992,0.27520000,43759.00000000,0.2744
1749266992,0.27530000,3131.00000000,0.2744
1749266992,0.27540000,3493.00000000,0.2744
1749266992,0.27550000,53672.00000000,0.2744
1749266992,0.27560000,6155.00000000,0.2744
1749266992,0.27570000,68092.00000000,0.2744
1749266992,0.27580000,3686.00000000,0.2744
1749266992,0.27590000,4894.00000000,0.2744
1749266992,0.27600000,2893.00000000,0.2744
1749266992,0.27610000,1641.00000000,0.2744
1749266992,0.27620000,1710.00000000,0.2744
1749266992,0.27630000,2938.00000000,0.2744
1749266992,0.27640000,2007.00000000,0.2744
1749266992,0.27650000,3929.00000000,0.2744
1749266992,0.27660000,1728.00000000,0.2744
1749266992,0.27670000,2498.00000000,0.2744
1749266992,0.27680000,19878.00000000,0.2744
1749266992,0.27690000,13583.00000000,0.2744
1749266992,0.27700000,23688.00000000,0.2744
1749266992,0.27710000,38.00000000,0.2744
1749266992,0.27720000,1734.00000000,0.2744
1749266992,0.27730000,1679.00000000,0.2744
1749266992,0.27740000,38.00000000,0.2744
1749266992,0.27750000,7682.00000000,0.2744
1749266992,0.27760000,1814.00000000,0.2744
1749266992,0.27770000,38.00000000,0.2744
1749266992,0.27780000,38.00000000,0.2744
1749266992,0.27790000,38.00000000,0.2744
1749266992,0.27800000,1874.00000000,0.2744
1749266992,0.27810000,6613.00000000,0.2744
1749266992,0.27820000,38.00000000,0.2744
1749266992,0.27830000,13735.00000000,0.2744
1749266992,0.27840000,448.00000000,0.2744
1749266992,0.27850000,6954.00000000,0.2744
1749266992,0.27860000,80.00000000,0.2744
1749266992,0.27870000,38.00000000,0.2744
1749266992,0.27880000,321.00000000,0.2744
1749266992,0.27890000,625.00000000,0.2744
1749266992,0.27900000,645.00000000,0.2744
1749266992,0.27910000,1591.00000000,0.2744
1749266992,0.27920000,37.00000000,0.2744
1749266992,0.27930000,8807.00000000,0.2744
1749266992,0.27940000,37.00000000,0.2744
1749266992,0.27950000,37.00000000,0.2744
1749266992,0.27960000,6611.00000000,0.2744
1749266992,0.27970000,57.00000000,0.2744
1749266992,0.27980000,57.00000000,0.2744
1749266992,0.27990000,59.00000000,0.2744
1749266992,0.28000000,1409.00000000,0.2744
1749266992,0.28010000,58.00000000,0.2744
1749266992,0.28020000,591.00000000,0.2744
1749266992,0.28030000,751.00000000,0.2744
1749266992,0.28040000,37.00000000,0.2744
1749266992,0.28050000,37.00000000,0.2744
1749266992,0.28060000,37.00000000,0.2744
1749266992,0.28070000,106.00000000,0.2744
1749266992,0.28080000,37.00000000,0.2744
1749266992,0.28090000,37.00000000,0.2744
1749266992,0.28100000,975.00000000,0.2744
1749266992,0.28110000,37.00000000,0.2744
1749266992,0.28120000,243.00000000,0.2744
1749266992,0.28130000,1566.00000000,0.2744
1749266992,0.28140000,37.00000000,0.2744
1749266992,0.28150000,37.00000000,0.2744
1749266992,0.28160000,76.00000000,0.2744
1749266992,0.28170000,37.00000000,0.2744
1749266992,0.28180000,63.00000000,0.2744
1749266992,0.28190000,109.00000000,0.2744
1749266992,0.28210000,28.00000000,0.2744
1749266992,0.28230000,21.00000000,0.2744
1749266992,0.28250000,137.00000000,0.2744
1749266992,0.28300000,32.00000000,0.2744
1749266992,0.28330000,39.00000000,0.2744
1749266992,0.28350000,3840.00000000,0.2744
1749266992,0.28370000,71.00000000,0.2744
1749266992,0.28380000,312.00000000,0.2744
1749266992,0.28400000,169.00000000,0.2744
1749266992,0.28420000,42.00000000,0.2744
1749266992,0.28440000,21.00000000,0.2744
1749266992,0.28450000,154.00000000,0.2744
1749266992,0.28490000,42.00000000,0.2744
1749266992,0.28500000,4318.00000000,0.2744
1749266992,0.28510000,22.00000000,0.2744
1749266992,0.28520000,290.00000000,0.2744
1749266992,0.28530000,65.00000000,0.2744
1749266992,0.28550000,109.00000000,0.2744
1749266992,0.28560000,20.00000000,0.2744
1749266992,0.28570000,25.00000000,0.2744
1749266992,0.28600000,955.00000000,0.2744
1749266992,0.28620000,3820.00000000,0.2744
1749266992,0.28640000,22.00000000,0.2744
1749266992,0.28650000,69.00000000,0.2744
1749267293,0.27440000,3697.00000000,0.2743
1749267293,0.27450000,36964.00000000,0.2743
1749267293,0.27460000,37234.00000000,0.2743
1749267293,0.27470000,38157.00000000,0.2743
1749267293,0.27480000,72267.00000000,0.2743
1749267293,0.27490000,29945.00000000,0.2743
1749267293,0.27500000,16235.00000000,0.2743
1749267293,0.27510000,5094.00000000,0.2743
1749267293,0.27520000,41787.00000000,0.2743
1749267293,0.27530000,2777.00000000,0.2743
1749267293,0.27540000,6482.00000000,0.2743
1749267293,0.27550000,53296.00000000,0.2743
1749267293,0.27560000,2776.00000000,0.2743
1749267293,0.27570000,71395.00000000,0.2743
1749267293,0.27580000,3687.00000000,0.2743
1749267293,0.27590000,3009.00000000,0.2743
1749267293,0.27600000,1804.00000000,0.2743
1749267293,0.27610000,1641.00000000,0.2743
1749267293,0.27620000,1710.00000000,0.2743
1749267293,0.27630000,2939.00000000,0.2743
1749267293,0.27640000,9051.00000000,0.2743
1749267293,0.27650000,1675.00000000,0.2743
1749267293,0.27660000,1708.00000000,0.2743
1749267293,0.27670000,2498.00000000,0.2743
1749267293,0.27680000,1690.00000000,0.2743
1749267293,0.27690000,25529.00000000,0.2743
1749267293,0.27700000,23688.00000000,0.2743
1749267293,0.27710000,38.00000000,0.2743
1749267293,0.27720000,1734.00000000,0.2743
1749267293,0.27730000,1679.00000000,0.2743
1749267293,0.27740000,38.00000000,0.2743
1749267293,0.27750000,7682.00000000,0.2743
1749267293,0.27760000,1814.00000000,0.2743
1749267293,0.27770000,38.00000000,0.2743
1749267293,0.27780000,6613.00000000,0.2743
1749267293,0.27790000,435.00000000,0.2743
1749267293,0.27800000,299.00000000,0.2743
1749267293,0.27810000,38.00000000,0.2743
1749267293,0.27820000,38.00000000,0.2743
1749267293,0.27830000,12674.00000000,0.2743
1749267293,0.27840000,58.00000000,0.2743
1749267293,0.27850000,5379.00000000,0.2743
1749267293,0.27860000,80.00000000,0.2743
1749267293,0.27870000,38.00000000,0.2743
1749267293,0.27880000,321.00000000,0.2743
1749267293,0.27890000,625.00000000,0.2743
1749267293,0.27900000,215.00000000,0.2743
1749267293,0.27910000,1591.00000000,0.2743
1749267293,0.27920000,37.00000000,0.2743
1749267293,0.27930000,13807.00000000,0.2743
1749267293,0.27940000,37.00000000,0.2743
1749267293,0.27950000,37.00000000,0.2743
1749267293,0.27960000,1611.00000000,0.2743
1749267293,0.27970000,57.00000000,0.2743
1749267293,0.27980000,57.00000000,0.2743
1749267293,0.27990000,1306.00000000,0.2743
1749267293,0.28000000,1409.00000000,0.2743
1749267293,0.28010000,58.00000000,0.2743
1749267293,0.28020000,37.00000000,0.2743
1749267293,0.28030000,37.00000000,0.2743
1749267293,0.28040000,37.00000000,0.2743
1749267293,0.28050000,37.00000000,0.2743
1749267293,0.28060000,37.00000000,0.2743
1749267293,0.28070000,106.00000000,0.2743
1749267293,0.28080000,37.00000000,0.2743
1749267293,0.28090000,37.00000000,0.2743
1749267293,0.28100000,975.00000000,0.2743
1749267293,0.28110000,37.00000000,0.2743
1749267293,0.28120000,1773.00000000,0.2743
1749267293,0.28130000,37.00000000,0.2743
1749267293,0.28140000,37.00000000,0.2743
1749267293,0.28150000,37.00000000,0.2743
1749267293,0.28160000,76.00000000,0.2743
1749267293,0.28170000,37.00000000,0.2743
1749267293,0.28180000,63.00000000,0.2743
1749267293,0.28190000,109.00000000,0.2743
1749267293,0.28210000,28.00000000,0.2743
1749267293,0.28230000,21.00000000,0.2743
1749267293,0.28250000,137.00000000,0.2743
1749267293,0.28300000,32.00000000,0.2743
1749267293,0.28330000,39.00000000,0.2743
1749267293,0.28350000,3840.00000000,0.2743
1749267293,0.28370000,71.00000000,0.2743
1749267293,0.28380000,312.00000000,0.2743
1749267293,0.28400000,169.00000000,0.2743
1749267293,0.28420000,42.00000000,0.2743
1749267293,0.28440000,21.00000000,0.2743
1749267293,0.28450000,154.00000000,0.2743
1749267293,0.28490000,42.00000000,0.2743
1749267293,0.28500000,4318.00000000,0.2743
1749267293,0.28510000,22.00000000,0.2743
1749267293,0.28520000,290.00000000,0.2743
1749267293,0.28530000,65.00000000,0.2743
1749267293,0.28550000,109.00000000,0.2743
1749267293,0.28560000,20.00000000,0.2743
1749267293,0.28570000,25.00000000,0.2743
1749267293,0.28600000,955.00000000,0.2743
1749267293,0.28620000,3820.00000000,0.2743
1749267293,0.28640000,22.00000000,0.2743
1749267293,0.28650000,69.00000000,0.2743
1749267595,0.27460000,1985.00000000,0.2745
1749267595,0.27470000,33027.00000000,0.2745
1749267595,0.27480000,18263.00000000,0.2745
1749267595,0.27490000,46059.00000000,0.2745
1749267595,0.27500000,59125.00000000,0.2745
1749267595,0.27510000,42047.00000000,0.2745
1749267595,0.27520000,46501.00000000,0.2745
1749267595,0.27530000,3135.00000000,0.2745
1749267595,0.27540000,54766.00000000,0.2745
1749267595,0.27550000,2757.00000000,0.2745
1749267595,0.27560000,2776.00000000,0.2745
1749267595,0.27570000,72161.00000000,0.2745
1749267595,0.27580000,3254.00000000,0.2745
1749267595,0.27590000,3008.00000000,0.2745
1749267595,0.27600000,3690.00000000,0.2745
1749267595,0.27610000,2730.00000000,0.2745
1749267595,0.27620000,1710.00000000,0.2745
1749267595,0.27630000,1664.00000000,0.2745
1749267595,0.27640000,2844.00000000,0.2745
1749267595,0.27650000,1675.00000000,0.2745
