timestamp,price,volume,current_price
1749260705,0.18610000,49523.00000000,0.186
1749260705,0.18620000,77894.70000000,0.186
1749260705,0.18630000,123611.90000000,0.186
1749260705,0.18640000,272981.30000000,0.186
1749260705,0.18650000,196142.70000000,0.186
1749260705,0.18660000,19480.30000000,0.186
1749260705,0.18670000,102352.50000000,0.186
1749260705,0.18680000,249492.90000000,0.186
1749260705,0.18690000,21212.40000000,0.186
1749260705,0.18700000,98264.40000000,0.186
1749260705,0.18710000,32812.20000000,0.186
1749260705,0.18720000,12107.50000000,0.186
1749260705,0.18730000,7055.10000000,0.186
1749260705,0.18740000,6533.20000000,0.186
1749260705,0.18750000,6065.10000000,0.186
1749260705,0.18760000,13503.30000000,0.186
1749260705,0.18770000,6065.00000000,0.186
1749260705,0.18780000,6492.80000000,0.186
1749260705,0.18790000,6891.60000000,0.186
1749260705,0.18800000,6492.90000000,0.186
1749260705,0.18810000,5648.80000000,0.186
1749260705,0.18820000,13323.80000000,0.186
1749260705,0.18830000,131.90000000,0.186
1749260705,0.18840000,7605.20000000,0.186
1749260705,0.18850000,94.50000000,0.186
1749260705,0.18860000,6523.20000000,0.186
1749260705,0.18870000,719.00000000,0.186
1749260705,0.18880000,6452.50000000,0.186
1749260705,0.18890000,54.20000000,0.186
1749260705,0.18900000,229.10000000,0.186
1749260705,0.18910000,54.20000000,0.186
1749260705,0.18920000,54.20000000,0.186
1749260705,0.18930000,97.70000000,0.186
1749260705,0.18940000,90.10000000,0.186
1749260705,0.18950000,54.20000000,0.186
1749260705,0.18960000,89.50000000,0.186
1749260705,0.18970000,131.20000000,0.186
1749260705,0.18980000,91.60000000,0.186
1749260705,0.18990000,1380.30000000,0.186
1749260705,0.19000000,2749.20000000,0.186
1749260705,0.19010000,54.20000000,0.186
1749260705,0.19020000,355.10000000,0.186
1749260705,0.19030000,2833.20000000,0.186
1749260705,0.19040000,504.20000000,0.186
1749260705,0.19050000,54.20000000,0.186
1749260705,0.19060000,1655.30000000,0.186
1749260705,0.19070000,2154.60000000,0.186
1749260705,0.19080000,54.20000000,0.186
1749260705,0.19090000,195.10000000,0.186
1749260705,0.19100000,1235.20000000,0.186
1749260705,0.19110000,1020.10000000,0.186
1749260705,0.19120000,2824.30000000,0.186
1749260705,0.19130000,12310.40000000,0.186
1749260705,0.19140000,7292.00000000,0.186
1749260705,0.19150000,164.60000000,0.186
1749260705,0.19160000,96.20000000,0.186
1749260705,0.19170000,54.40000000,0.186
1749260705,0.19180000,841.50000000,0.186
1749260705,0.19190000,341.90000000,0.186
1749260705,0.19200000,54.30000000,0.186
1749260705,0.19210000,1001.10000000,0.186
1749260705,0.19220000,54.20000000,0.186
1749260705,0.19230000,54.20000000,0.186
1749260705,0.19240000,54.20000000,0.186
1749260705,0.19250000,95.70000000,0.186
1749260705,0.19260000,918.40000000,0.186
1749260705,0.19270000,2170.70000000,0.186
1749260705,0.19280000,220.00000000,0.186
1749260705,0.19290000,54.00000000,0.186
1749260705,0.19300000,954.00000000,0.186
1749260705,0.19310000,54.00000000,0.186
1749260705,0.19320000,53.90000000,0.186
1749260705,0.19330000,90.10000000,0.186
1749260705,0.19340000,53.90000000,0.186
1749260705,0.19350000,53.80000000,0.186
1749260705,0.19360000,53.80000000,0.186
1749260705,0.19380000,261.40000000,0.186
1749260705,0.19390000,287.60000000,0.186
1749260705,0.19400000,532.10000000,0.186
1749260705,0.19410000,37.40000000,0.186
1749260705,0.19420000,1350.00000000,0.186
1749260705,0.19430000,77.00000000,0.186
1749260705,0.19440000,133.60000000,0.186
1749260705,0.19450000,8376.80000000,0.186
1749260705,0.19470000,699.30000000,0.186
1749260705,0.19480000,51.40000000,0.186
1749260705,0.19490000,41.00000000,0.186
1749260705,0.19500000,17539.60000000,0.186
1749260705,0.19510000,5397.80000000,0.186
1749260705,0.19520000,1358.00000000,0.186
1749260705,0.19530000,153.60000000,0.186
1749260705,0.19550000,2728.00000000,0.186
1749260705,0.19560000,1576.40000000,0.186
1749260705,0.19570000,112.60000000,0.186
1749260705,0.19580000,425.90000000,0.186
1749260705,0.19600000,562.50000000,0.186
1749260705,0.19610000,7422.10000000,0.186
1749260705,0.19630000,660.80000000,0.186
1749260705,0.19660000,81.90000000,0.186
1749260705,0.19690000,37.40000000,0.186
1749261024,0.18660000,28922.20000000,0.1865
1749261024,0.18670000,115754.90000000,0.1865
1749261024,0.18680000,127604.70000000,0.1865
1749261024,0.18690000,164100.40000000,0.1865
1749261024,0.18700000,152630.10000000,0.1865
1749261024,0.18710000,125220.00000000,0.1865
1749261024,0.18720000,42092.40000000,0.1865
1749261024,0.18730000,93553.80000000,0.1865
1749261024,0.18740000,157109.50000000,0.1865
1749261024,0.18750000,21173.30000000,0.1865
1749261024,0.18760000,13574.50000000,0.1865
1749261024,0.18770000,79567.40000000,0.1865
1749261024,0.18780000,14626.10000000,0.1865
1749261024,0.18790000,13444.70000000,0.1865
1749261024,0.18800000,6492.90000000,0.1865
1749261024,0.18810000,6186.00000000,0.1865
1749261024,0.18820000,29579.40000000,0.1865
1749261024,0.18830000,6102.40000000,0.1865
1749261024,0.18840000,9229.20000000,0.1865
1749261024,0.18850000,6065.00000000,0.1865
1749261024,0.18860000,6523.20000000,0.1865
1749261024,0.18870000,6874.00000000,0.1865
1749261024,0.18880000,6492.70000000,0.1865
1749261024,0.18890000,5527.70000000,0.1865
1749261024,0.18900000,6627.40000000,0.1865
1749261024,0.18910000,54.20000000,0.1865
1749261024,0.18920000,13255.50000000,0.1865
1749261024,0.18930000,349.60000000,0.1865
1749261024,0.18940000,90.10000000,0.1865
1749261024,0.18950000,54.20000000,0.1865
1749261024,0.18960000,89.50000000,0.1865
1749261024,0.18970000,131.20000000,0.1865
1749261024,0.18980000,91.60000000,0.1865
1749261024,0.18990000,341.80000000,0.1865
1749261024,0.19000000,2749.20000000,0.1865
1749261024,0.19010000,54.20000000,0.1865
1749261024,0.19020000,54.20000000,0.1865
1749261024,0.19030000,54.20000000,0.1865
1749261024,0.19040000,1542.70000000,0.1865
1749261024,0.19050000,54.20000000,0.1865
1749261024,0.19060000,1655.30000000,0.1865
1749261024,0.19070000,380.70000000,0.1865
1749261024,0.19080000,2833.20000000,0.1865
1749261024,0.19090000,195.10000000,0.1865
1749261024,0.19100000,487.50000000,0.1865
1749261024,0.19110000,1020.10000000,0.1865
1749261024,0.19120000,91.60000000,0.1865
1749261024,0.19130000,12310.40000000,0.1865
1749261024,0.19140000,828.70000000,0.1865
1749261024,0.19150000,2238.60000000,0.1865
1749261024,0.19160000,96.20000000,0.1865
1749261024,0.19170000,2787.10000000,0.1865
1749261024,0.19180000,841.50000000,0.1865
1749261024,0.19190000,341.90000000,0.1865
1749261024,0.19200000,802.00000000,0.1865
1749261024,0.19210000,1001.10000000,0.1865
1749261024,0.19220000,54.20000000,0.1865
1749261024,0.19230000,54.20000000,0.1865
1749261024,0.19240000,5264.00000000,0.1865
1749261024,0.19250000,1349.20000000,0.1865
1749261024,0.19260000,918.40000000,0.1865
1749261024,0.19270000,2170.70000000,0.1865
1749261024,0.19280000,220.00000000,0.1865
1749261024,0.19290000,54.00000000,0.1865
1749261024,0.19300000,954.00000000,0.1865
1749261024,0.19310000,54.00000000,0.1865
1749261024,0.19320000,53.90000000,0.1865
1749261024,0.19330000,90.10000000,0.1865
1749261024,0.19340000,53.90000000,0.1865
1749261024,0.19350000,53.80000000,0.1865
1749261024,0.19360000,53.80000000,0.1865
1749261024,0.19370000,53.80000000,0.1865
1749261024,0.19380000,315.20000000,0.1865
1749261024,0.19390000,341.30000000,0.1865
1749261024,0.19400000,585.80000000,0.1865
1749261024,0.19410000,91.10000000,0.1865
1749261024,0.19420000,1350.00000000,0.1865
1749261024,0.19430000,77.00000000,0.1865
1749261024,0.19440000,133.60000000,0.1865
1749261024,0.19450000,8376.80000000,0.1865
1749261024,0.19470000,699.30000000,0.1865
1749261024,0.19480000,51.40000000,0.1865
1749261024,0.19490000,41.00000000,0.1865
1749261024,0.19500000,17539.60000000,0.1865
1749261024,0.19520000,51.30000000,0.1865
1749261024,0.19530000,153.60000000,0.1865
1749261024,0.19550000,2728.00000000,0.1865
1749261024,0.19560000,6974.20000000,0.1865
1749261024,0.19570000,1419.30000000,0.1865
1749261024,0.19580000,425.90000000,0.1865
1749261024,0.19600000,562.50000000,0.1865
1749261024,0.19610000,7422.10000000,0.1865
1749261024,0.19630000,660.80000000,0.1865
1749261024,0.19660000,81.90000000,0.1865
1749261024,0.19690000,37.40000000,0.1865
1749261024,0.19700000,507.60000000,0.1865
1749261024,0.19710000,40.60000000,0.1865
1749261024,0.19720000,77.00000000,0.1865
1749261024,0.19750000,500.00000000,0.1865
1749261024,0.19770000,172.00000000,0.1865
1749261335,0.18640000,54750.30000000,0.1863
1749261335,0.18650000,75302.30000000,0.1863
1749261335,0.18660000,184068.60000000,0.1863
1749261335,0.18670000,208202.70000000,0.1863
1749261335,0.18680000,96634.30000000,0.1863
1749261335,0.18690000,119770.20000000,0.1863
1749261335,0.18700000,37454.00000000,0.1863
1749261335,0.18710000,216834.10000000,0.1863
1749261335,0.18720000,27648.10000000,0.1863
1749261335,0.18730000,95115.30000000,0.1863
1749261335,0.18740000,15754.30000000,0.1863
1749261335,0.18750000,5568.20000000,0.1863
1749261335,0.18760000,13036.80000000,0.1863
1749261335,0.18770000,6104.20000000,0.1863
1749261335,0.18780000,17338.30000000,0.1863
1749261335,0.18790000,6930.30000000,0.1863
1749261335,0.18800000,6492.90000000,0.1863
1749261335,0.18810000,6186.00000000,0.1863
1749261335,0.18820000,29579.40000000,0.1863
1749261335,0.18830000,6102.40000000,0.1863
1749261335,0.18840000,9229.20000000,0.1863
1749261335,0.18850000,5527.80000000,0.1863
1749261335,0.18860000,6523.20000000,0.1863
1749261335,0.18870000,6336.80000000,0.1863
1749261335,0.18880000,6492.70000000,0.1863
1749261335,0.18890000,5774.60000000,0.1863
1749261335,0.18900000,6627.40000000,0.1863
1749261335,0.18910000,54.20000000,0.1863
1749261335,0.18920000,13255.50000000,0.1863
1749261335,0.18930000,97.70000000,0.1863
1749261335,0.18940000,90.10000000,0.1863
1749261335,0.18950000,54.20000000,0.1863
1749261335,0.18960000,89.50000000,0.1863
1749261335,0.18970000,131.20000000,0.1863
1749261335,0.18980000,91.60000000,0.1863
1749261335,0.18990000,341.80000000,0.1863
1749261335,0.19000000,2749.20000000,0.1863
1749261335,0.19010000,54.20000000,0.1863
1749261335,0.19020000,54.20000000,0.1863
1749261335,0.19030000,54.20000000,0.1863
1749261335,0.19040000,1542.70000000,0.1863
1749261335,0.19050000,54.20000000,0.1863
1749261335,0.19060000,1655.30000000,0.1863
1749261335,0.19070000,386.60000000,0.1863
1749261335,0.19080000,2833.20000000,0.1863
1749261335,0.19090000,195.10000000,0.1863
1749261335,0.19100000,487.50000000,0.1863
1749261335,0.19110000,1020.10000000,0.1863
1749261335,0.19120000,91.60000000,0.1863
1749261335,0.19130000,12310.40000000,0.1863
1749261335,0.19140000,828.70000000,0.1863
1749261335,0.19150000,2986.30000000,0.1863
1749261335,0.19160000,96.20000000,0.1863
1749261335,0.19170000,2787.10000000,0.1863
1749261335,0.19180000,841.50000000,0.1863
1749261335,0.19190000,5551.70000000,0.1863
1749261335,0.19200000,1307.80000000,0.1863
1749261335,0.19210000,1001.10000000,0.1863
1749261335,0.19220000,54.20000000,0.1863
1749261335,0.19230000,54.20000000,0.1863
1749261335,0.19240000,54.20000000,0.1863
1749261335,0.19250000,95.70000000,0.1863
1749261335,0.19260000,918.40000000,0.1863
1749261335,0.19270000,2170.70000000,0.1863
1749261335,0.19280000,220.00000000,0.1863
1749261335,0.19290000,54.00000000,0.1863
1749261335,0.19300000,954.00000000,0.1863
1749261335,0.19310000,54.00000000,0.1863
1749261335,0.19320000,53.90000000,0.1863
1749261335,0.19330000,90.10000000,0.1863
1749261335,0.19340000,53.90000000,0.1863
1749261335,0.19350000,53.80000000,0.1863
1749261335,0.19360000,53.80000000,0.1863
1749261335,0.19370000,53.80000000,0.1863
1749261335,0.19380000,263.60000000,0.1863
1749261335,0.19390000,341.30000000,0.1863
1749261335,0.19400000,532.10000000,0.1863
1749261335,0.19410000,37.40000000,0.1863
1749261335,0.19420000,1350.00000000,0.1863
1749261335,0.19430000,77.00000000,0.1863
1749261335,0.19440000,133.60000000,0.1863
1749261335,0.19450000,8325.40000000,0.1863
1749261335,0.19470000,699.30000000,0.1863
1749261335,0.19480000,51.40000000,0.1863
1749261335,0.19490000,41.00000000,0.1863
1749261335,0.19500000,17539.60000000,0.1863
1749261335,0.19520000,51.30000000,0.1863
1749261335,0.19530000,102.40000000,0.1863
1749261335,0.19550000,2728.00000000,0.1863
1749261335,0.19560000,6974.20000000,0.1863
1749261335,0.19570000,1419.30000000,0.1863
1749261335,0.19580000,579.20000000,0.1863
1749261335,0.19600000,562.50000000,0.1863
1749261335,0.19610000,7422.10000000,0.1863
1749261335,0.19630000,660.80000000,0.1863
1749261335,0.19660000,81.90000000,0.1863
1749261335,0.19690000,37.40000000,0.1863
1749261335,0.19700000,507.60000000,0.1863
1749261335,0.19710000,40.60000000,0.1863
1749261335,0.19720000,77.00000000,0.1863
1749261637,0.18650000,37164.40000000,0.1864
1749261637,0.18660000,78224.50000000,0.1864
1749261637,0.18670000,192001.50000000,0.1864
1749261637,0.18680000,294913.50000000,0.1864
1749261637,0.18690000,138189.00000000,0.1864
1749261637,0.18700000,22436.60000000,0.1864
1749261637,0.18710000,114105.60000000,0.1864
1749261637,0.18720000,145292.80000000,0.1864
1749261637,0.18730000,110354.40000000,0.1864
1749261637,0.18740000,28099.60000000,0.1864
1749261637,0.18750000,5568.20000000,0.1864
1749261637,0.18760000,15715.30000000,0.1864
1749261637,0.18770000,5568.00000000,0.1864
1749261637,0.18780000,11966.30000000,0.1864
1749261637,0.18790000,12302.30000000,0.1864
1749261637,0.18800000,6492.90000000,0.1864
1749261637,0.18810000,6186.00000000,0.1864
1749261637,0.18820000,29579.40000000,0.1864
1749261637,0.18830000,6102.40000000,0.1864
1749261637,0.18840000,9229.20000000,0.1864
1749261637,0.18850000,6065.00000000,0.1864
1749261637,0.18860000,6523.20000000,0.1864
1749261637,0.18870000,6336.80000000,0.1864
1749261637,0.18880000,6492.70000000,0.1864
1749261637,0.18890000,5527.70000000,0.1864
1749261637,0.18900000,6627.40000000,0.1864
1749261637,0.18910000,54.20000000,0.1864
1749261637,0.18920000,13502.10000000,0.1864
1749261637,0.18930000,97.70000000,0.1864
1749261637,0.18940000,90.10000000,0.1864
1749261637,0.18950000,54.20000000,0.1864
1749261637,0.18960000,89.50000000,0.1864
1749261637,0.18970000,131.20000000,0.1864
1749261637,0.18980000,91.60000000,0.1864
1749261637,0.18990000,341.80000000,0.1864
1749261637,0.19000000,2749.20000000,0.1864
1749261637,0.19010000,54.20000000,0.1864
1749261637,0.19020000,54.20000000,0.1864
1749261637,0.19030000,54.20000000,0.1864
1749261637,0.19040000,1542.70000000,0.1864
1749261637,0.19050000,54.20000000,0.1864
1749261637,0.19060000,1655.30000000,0.1864
1749261637,0.19070000,386.20000000,0.1864
1749261637,0.19080000,2833.20000000,0.1864
1749261637,0.19090000,195.10000000,0.1864
1749261637,0.19100000,487.50000000,0.1864
1749261637,0.19110000,1020.10000000,0.1864
1749261637,0.19120000,91.60000000,0.1864
1749261637,0.19130000,12310.40000000,0.1864
1749261637,0.19140000,828.70000000,0.1864
1749261637,0.19150000,2986.30000000,0.1864
1749261637,0.19160000,96.20000000,0.1864
1749261637,0.19170000,2787.10000000,0.1864
1749261637,0.19180000,841.50000000,0.1864
1749261637,0.19190000,5551.70000000,0.1864
1749261637,0.19200000,1307.80000000,0.1864
1749261637,0.19210000,1001.10000000,0.1864
1749261637,0.19220000,54.20000000,0.1864
1749261637,0.19230000,54.20000000,0.1864
1749261637,0.19240000,54.20000000,0.1864
1749261637,0.19250000,95.70000000,0.1864
1749261637,0.19260000,918.40000000,0.1864
1749261637,0.19270000,2170.70000000,0.1864
1749261637,0.19280000,220.00000000,0.1864
1749261637,0.19290000,54.00000000,0.1864
1749261637,0.19300000,954.00000000,0.1864
1749261637,0.19310000,54.00000000,0.1864
1749261637,0.19320000,53.90000000,0.1864
1749261637,0.19330000,90.10000000,0.1864
1749261637,0.19340000,53.90000000,0.1864
1749261637,0.19350000,53.80000000,0.1864
1749261637,0.19360000,53.80000000,0.1864
1749261637,0.19370000,53.80000000,0.1864
1749261637,0.19380000,263.60000000,0.1864
1749261637,0.19390000,341.30000000,0.1864
1749261637,0.19400000,585.80000000,0.1864
1749261637,0.19410000,37.40000000,0.1864
1749261637,0.19420000,1350.00000000,0.1864
1749261637,0.19430000,77.00000000,0.1864
1749261637,0.19440000,133.60000000,0.1864
1749261637,0.19450000,8325.40000000,0.1864
1749261637,0.19470000,699.30000000,0.1864
1749261637,0.19480000,51.40000000,0.1864
1749261637,0.19490000,41.00000000,0.1864
1749261637,0.19500000,17539.60000000,0.1864
1749261637,0.19520000,51.30000000,0.1864
1749261637,0.19530000,102.40000000,0.1864
1749261637,0.19550000,2728.00000000,0.1864
1749261637,0.19560000,6974.20000000,0.1864
1749261637,0.19570000,1419.30000000,0.1864
1749261637,0.19580000,579.20000000,0.1864
1749261637,0.19600000,562.50000000,0.1864
1749261637,0.19610000,7422.10000000,0.1864
1749261637,0.19630000,660.80000000,0.1864
1749261637,0.19660000,81.90000000,0.1864
1749261637,0.19690000,37.40000000,0.1864
1749261637,0.19700000,507.60000000,0.1864
1749261637,0.19710000,40.60000000,0.1864
1749261637,0.19720000,77.00000000,0.1864
1749261637,0.19750000,500.00000000,0.1864
1749261943,0.18630000,39697.70000000,0.1863
1749261943,0.18640000,55355.10000000,0.1863
1749261943,0.18650000,83157.90000000,0.1863
1749261943,0.18660000,181895.20000000,0.1863
1749261943,0.18670000,244491.70000000,0.1863
1749261943,0.18680000,51419.80000000,0.1863
1749261943,0.18690000,54135.20000000,0.1863
1749261943,0.18700000,91972.50000000,0.1863
1749261943,0.18710000,204628.90000000,0.1863
1749261943,0.18720000,41843.90000000,0.1863
1749261943,0.18730000,95115.30000000,0.1863
1749261943,0.18740000,15805.30000000,0.1863
1749261943,0.18750000,5568.20000000,0.1863
1749261943,0.18760000,13036.80000000,0.1863
1749261943,0.18770000,6104.60000000,0.1863
1749261943,0.18780000,17335.40000000,0.1863
1749261943,0.18790000,6930.30000000,0.1863
1749261943,0.18800000,6492.90000000,0.1863
1749261943,0.18810000,6186.00000000,0.1863
1749261943,0.18820000,29579.40000000,0.1863
1749261943,0.18830000,6102.40000000,0.1863
1749261943,0.18840000,9229.20000000,0.1863
1749261943,0.18850000,5527.80000000,0.1863
1749261943,0.18860000,6523.20000000,0.1863
1749261943,0.18870000,6336.80000000,0.1863
1749261943,0.18880000,6492.70000000,0.1863
1749261943,0.18890000,5527.70000000,0.1863
1749261943,0.18900000,6879.70000000,0.1863
1749261943,0.18910000,54.20000000,0.1863
1749261943,0.18920000,13255.50000000,0.1863
1749261943,0.18930000,97.70000000,0.1863
1749261943,0.18940000,90.10000000,0.1863
1749261943,0.18950000,54.20000000,0.1863
1749261943,0.18960000,89.50000000,0.1863
1749261943,0.18970000,131.20000000,0.1863
1749261943,0.18980000,91.60000000,0.1863
1749261943,0.18990000,341.80000000,0.1863
1749261943,0.19000000,2749.20000000,0.1863
1749261943,0.19010000,54.20000000,0.1863
1749261943,0.19020000,54.20000000,0.1863
1749261943,0.19030000,54.20000000,0.1863
1749261943,0.19040000,1542.70000000,0.1863
1749261943,0.19050000,54.20000000,0.1863
1749261943,0.19060000,1655.30000000,0.1863
1749261943,0.19070000,381.20000000,0.1863
1749261943,0.19080000,2833.20000000,0.1863
1749261943,0.19090000,195.10000000,0.1863
1749261943,0.19100000,487.50000000,0.1863
1749261943,0.19110000,1020.10000000,0.1863
1749261943,0.19120000,91.60000000,0.1863
1749261943,0.19130000,12310.40000000,0.1863
1749261943,0.19140000,828.70000000,0.1863
1749261943,0.19150000,2986.30000000,0.1863
1749261943,0.19160000,96.20000000,0.1863
1749261943,0.19170000,2787.10000000,0.1863
1749261943,0.19180000,841.50000000,0.1863
1749261943,0.19190000,5551.70000000,0.1863
1749261943,0.19200000,1307.80000000,0.1863
1749261943,0.19210000,1001.10000000,0.1863
1749261943,0.19220000,54.20000000,0.1863
1749261943,0.19230000,54.20000000,0.1863
1749261943,0.19240000,54.20000000,0.1863
1749261943,0.19250000,95.70000000,0.1863
1749261943,0.19260000,918.40000000,0.1863
1749261943,0.19270000,2170.70000000,0.1863
1749261943,0.19280000,220.00000000,0.1863
1749261943,0.19290000,54.00000000,0.1863
1749261943,0.19300000,954.00000000,0.1863
1749261943,0.19310000,54.00000000,0.1863
1749261943,0.19320000,53.90000000,0.1863
1749261943,0.19330000,90.10000000,0.1863
1749261943,0.19340000,53.90000000,0.1863
1749261943,0.19350000,53.80000000,0.1863
1749261943,0.19360000,53.80000000,0.1863
1749261943,0.19370000,53.80000000,0.1863
1749261943,0.19380000,263.60000000,0.1863
1749261943,0.19390000,287.60000000,0.1863
1749261943,0.19400000,532.10000000,0.1863
1749261943,0.19410000,37.40000000,0.1863
1749261943,0.19420000,1350.00000000,0.1863
1749261943,0.19430000,77.00000000,0.1863
1749261943,0.19440000,133.60000000,0.1863
1749261943,0.19450000,8325.40000000,0.1863
1749261943,0.19470000,699.30000000,0.1863
1749261943,0.19480000,51.40000000,0.1863
1749261943,0.19490000,41.00000000,0.1863
1749261943,0.19500000,17539.60000000,0.1863
1749261943,0.19520000,51.30000000,0.1863
1749261943,0.19530000,51.20000000,0.1863
1749261943,0.19550000,2728.00000000,0.1863
1749261943,0.19560000,6974.20000000,0.1863
1749261943,0.19570000,1470.40000000,0.1863
1749261943,0.19580000,579.20000000,0.1863
1749261943,0.19600000,562.50000000,0.1863
1749261943,0.19610000,7422.10000000,0.1863
1749261943,0.19630000,660.80000000,0.1863
1749261943,0.19660000,81.90000000,0.1863
1749261943,0.19690000,37.40000000,0.1863
1749261943,0.19700000,507.60000000,0.1863
1749261943,0.19710000,40.60000000,0.1863
1749262245,0.18650000,42217.70000000,0.1865
1749262245,0.18660000,66604.70000000,0.1865
1749262245,0.18670000,157336.90000000,0.1865
1749262245,0.18680000,309957.80000000,0.1865
1749262245,0.18690000,210833.90000000,0.1865
1749262245,0.18700000,43257.30000000,0.1865
1749262245,0.18710000,102438.40000000,0.1865
1749262245,0.18720000,145756.00000000,0.1865
1749262245,0.18730000,95115.30000000,0.1865
1749262245,0.18740000,28099.60000000,0.1865
1749262245,0.18750000,5568.20000000,0.1865
1749262245,0.18760000,15702.10000000,0.1865
1749262245,0.18770000,6104.60000000,0.1865
1749262245,0.18780000,12403.40000000,0.1865
1749262245,0.18790000,12299.40000000,0.1865
1749262245,0.18800000,6492.90000000,0.1865
1749262245,0.18810000,6186.00000000,0.1865
1749262245,0.18820000,29579.40000000,0.1865
1749262245,0.18830000,6102.40000000,0.1865
1749262245,0.18840000,9229.20000000,0.1865
1749262245,0.18850000,5527.80000000,0.1865
1749262245,0.18860000,6523.20000000,0.1865
1749262245,0.18870000,12526.50000000,0.1865
1749262245,0.18880000,6492.70000000,0.1865
1749262245,0.18890000,5527.70000000,0.1865
1749262245,0.18900000,6627.40000000,0.1865
1749262245,0.18910000,306.30000000,0.1865
1749262245,0.18920000,6452.50000000,0.1865
1749262245,0.18930000,97.70000000,0.1865
1749262245,0.18940000,90.10000000,0.1865
1749262245,0.18950000,54.20000000,0.1865
1749262245,0.18960000,89.50000000,0.1865
1749262245,0.18970000,131.20000000,0.1865
1749262245,0.18980000,91.60000000,0.1865
1749262245,0.18990000,341.80000000,0.1865
1749262245,0.19000000,2749.20000000,0.1865
1749262245,0.19010000,54.20000000,0.1865
1749262245,0.19020000,54.20000000,0.1865
1749262245,0.19030000,54.20000000,0.1865
1749262245,0.19040000,1542.70000000,0.1865
1749262245,0.19050000,54.20000000,0.1865
1749262245,0.19060000,1655.30000000,0.1865
1749262245,0.19070000,381.00000000,0.1865
1749262245,0.19080000,2833.20000000,0.1865
1749262245,0.19090000,195.10000000,0.1865
1749262245,0.19100000,487.50000000,0.1865
1749262245,0.19110000,1020.10000000,0.1865
1749262245,0.19120000,91.60000000,0.1865
1749262245,0.19130000,12310.40000000,0.1865
1749262245,0.19140000,828.70000000,0.1865
1749262245,0.19150000,2986.30000000,0.1865
1749262245,0.19160000,96.20000000,0.1865
1749262245,0.19170000,2787.10000000,0.1865
1749262245,0.19180000,841.50000000,0.1865
1749262245,0.19190000,5551.70000000,0.1865
1749262245,0.19200000,1307.80000000,0.1865
1749262245,0.19210000,1001.10000000,0.1865
1749262245,0.19220000,54.20000000,0.1865
1749262245,0.19230000,54.20000000,0.1865
1749262245,0.19240000,54.20000000,0.1865
1749262245,0.19250000,95.70000000,0.1865
1749262245,0.19260000,918.40000000,0.1865
1749262245,0.19270000,2170.70000000,0.1865
1749262245,0.19280000,220.00000000,0.1865
1749262245,0.19290000,54.00000000,0.1865
1749262245,0.19300000,954.00000000,0.1865
1749262245,0.19310000,54.00000000,0.1865
1749262245,0.19320000,53.90000000,0.1865
1749262245,0.19330000,90.10000000,0.1865
1749262245,0.19340000,53.90000000,0.1865
1749262245,0.19350000,53.80000000,0.1865
1749262245,0.19360000,53.80000000,0.1865
1749262245,0.19370000,53.80000000,0.1865
1749262245,0.19380000,263.60000000,0.1865
1749262245,0.19390000,341.30000000,0.1865
1749262245,0.19400000,585.80000000,0.1865
1749262245,0.19410000,37.40000000,0.1865
1749262245,0.19420000,1350.00000000,0.1865
1749262245,0.19430000,77.00000000,0.1865
1749262245,0.19440000,133.60000000,0.1865
1749262245,0.19450000,8325.40000000,0.1865
1749262245,0.19470000,699.30000000,0.1865
1749262245,0.19480000,51.40000000,0.1865
1749262245,0.19490000,41.00000000,0.1865
1749262245,0.19500000,17539.60000000,0.1865
1749262245,0.19520000,51.30000000,0.1865
1749262245,0.19530000,51.20000000,0.1865
1749262245,0.19550000,2728.00000000,0.1865
1749262245,0.19560000,6974.20000000,0.1865
1749262245,0.19570000,1470.40000000,0.1865
1749262245,0.19580000,579.20000000,0.1865
1749262245,0.19600000,562.50000000,0.1865
1749262245,0.19610000,7422.10000000,0.1865
1749262245,0.19630000,660.80000000,0.1865
1749262245,0.19660000,81.90000000,0.1865
1749262245,0.19690000,37.40000000,0.1865
1749262245,0.19700000,507.60000000,0.1865
1749262245,0.19710000,40.60000000,0.1865
1749262245,0.19720000,77.00000000,0.1865
1749262245,0.19750000,500.00000000,0.1865
1749262547,0.18660000,56972.10000000,0.1866
1749262547,0.18670000,71787.90000000,0.1866
1749262547,0.18680000,131930.40000000,0.1866
1749262547,0.18690000,185115.40000000,0.1866
1749262547,0.18700000,270743.60000000,0.1866
1749262547,0.18710000,79891.50000000,0.1866
1749262547,0.18720000,27304.30000000,0.1866
1749262547,0.18730000,138932.40000000,0.1866
1749262547,0.18740000,100572.10000000,0.1866
1749262547,0.18750000,21109.00000000,0.1866
1749262547,0.18760000,102037.50000000,0.1866
1749262547,0.18770000,5568.00000000,0.1866
1749262547,0.18780000,14687.60000000,0.1866
1749262547,0.18790000,6930.30000000,0.1866
1749262547,0.18800000,6492.90000000,0.1866
1749262547,0.18810000,11555.10000000,0.1866
1749262547,0.18820000,29579.40000000,0.1866
1749262547,0.18830000,6539.50000000,0.1866
1749262547,0.18840000,9229.20000000,0.1866
1749262547,0.18850000,6065.00000000,0.1866
1749262547,0.18860000,6523.20000000,0.1866
1749262547,0.18870000,5899.70000000,0.1866
1749262547,0.18880000,6492.70000000,0.1866
1749262547,0.18890000,5527.70000000,0.1866
1749262547,0.18900000,6627.40000000,0.1866
1749262547,0.18910000,54.20000000,0.1866
1749262547,0.18920000,13192.00000000,0.1866
1749262547,0.18930000,349.60000000,0.1866
1749262547,0.18940000,90.10000000,0.1866
1749262547,0.18950000,54.20000000,0.1866
1749262547,0.18960000,89.50000000,0.1866
1749262547,0.18970000,131.20000000,0.1866
1749262547,0.18980000,91.60000000,0.1866
1749262547,0.18990000,341.80000000,0.1866
1749262547,0.19000000,2749.20000000,0.1866
1749262547,0.19010000,54.20000000,0.1866
1749262547,0.19020000,54.20000000,0.1866
1749262547,0.19030000,54.20000000,0.1866
1749262547,0.19040000,1542.70000000,0.1866
1749262547,0.19050000,54.20000000,0.1866
1749262547,0.19060000,1655.30000000,0.1866
1749262547,0.19070000,380.70000000,0.1866
1749262547,0.19080000,2833.20000000,0.1866
1749262547,0.19090000,195.10000000,0.1866
1749262547,0.19100000,487.50000000,0.1866
1749262547,0.19110000,1020.10000000,0.1866
1749262547,0.19120000,91.60000000,0.1866
1749262547,0.19130000,12310.40000000,0.1866
1749262547,0.19140000,828.70000000,0.1866
1749262547,0.19150000,2986.30000000,0.1866
1749262547,0.19160000,96.20000000,0.1866
1749262547,0.19170000,2787.10000000,0.1866
1749262547,0.19180000,841.50000000,0.1866
1749262547,0.19190000,5551.70000000,0.1866
1749262547,0.19200000,1307.80000000,0.1866
1749262547,0.19210000,1001.10000000,0.1866
1749262547,0.19220000,54.20000000,0.1866
1749262547,0.19230000,54.20000000,0.1866
1749262547,0.19240000,54.20000000,0.1866
1749262547,0.19250000,95.70000000,0.1866
1749262547,0.19260000,918.40000000,0.1866
1749262547,0.19270000,2170.70000000,0.1866
1749262547,0.19280000,220.00000000,0.1866
1749262547,0.19290000,54.00000000,0.1866
1749262547,0.19300000,954.00000000,0.1866
1749262547,0.19310000,54.00000000,0.1866
1749262547,0.19320000,53.90000000,0.1866
1749262547,0.19330000,90.10000000,0.1866
1749262547,0.19340000,53.90000000,0.1866
1749262547,0.19350000,53.80000000,0.1866
1749262547,0.19360000,53.80000000,0.1866
1749262547,0.19370000,53.80000000,0.1866
1749262547,0.19380000,263.60000000,0.1866
1749262547,0.19390000,341.30000000,0.1866
1749262547,0.19400000,585.80000000,0.1866
1749262547,0.19410000,91.10000000,0.1866
1749262547,0.19420000,1350.00000000,0.1866
1749262547,0.19430000,77.00000000,0.1866
1749262547,0.19440000,133.60000000,0.1866
1749262547,0.19450000,8325.40000000,0.1866
1749262547,0.19470000,699.30000000,0.1866
1749262547,0.19480000,51.40000000,0.1866
1749262547,0.19490000,41.00000000,0.1866
1749262547,0.19500000,17539.60000000,0.1866
1749262547,0.19520000,51.30000000,0.1866
1749262547,0.19530000,51.20000000,0.1866
1749262547,0.19550000,2728.00000000,0.1866
1749262547,0.19560000,6974.20000000,0.1866
1749262547,0.19570000,1470.40000000,0.1866
1749262547,0.19580000,579.20000000,0.1866
1749262547,0.19600000,562.50000000,0.1866
1749262547,0.19610000,7422.10000000,0.1866
1749262547,0.19630000,660.80000000,0.1866
1749262547,0.19660000,81.90000000,0.1866
1749262547,0.19690000,37.40000000,0.1866
1749262547,0.19700000,507.60000000,0.1866
1749262547,0.19710000,40.60000000,0.1866
1749262547,0.19720000,77.00000000,0.1866
1749262547,0.19750000,500.00000000,0.1866
1749262547,0.19770000,172.00000000,0.1866
1749262849,0.18650000,51726.00000000,0.1865
1749262849,0.18660000,69221.20000000,0.1865
1749262849,0.18670000,160863.10000000,0.1865
1749262849,0.18680000,263391.30000000,0.1865
1749262849,0.18690000,225574.10000000,0.1865
1749262849,0.18700000,80645.10000000,0.1865
1749262849,0.18710000,102532.20000000,0.1865
1749262849,0.18720000,144849.30000000,0.1865
1749262849,0.18730000,106473.50000000,0.1865
1749262849,0.18740000,28639.10000000,0.1865
1749262849,0.18750000,5568.20000000,0.1865
1749262849,0.18760000,15694.50000000,0.1865
1749262849,0.18770000,5568.00000000,0.1865
1749262849,0.18780000,11966.30000000,0.1865
1749262849,0.18790000,39797.80000000,0.1865
1749262849,0.18800000,6492.90000000,0.1865
1749262849,0.18810000,6186.00000000,0.1865
1749262849,0.18820000,7082.20000000,0.1865
1749262849,0.18830000,6539.50000000,0.1865
1749262849,0.18840000,9229.20000000,0.1865
1749262849,0.18850000,6065.00000000,0.1865
1749262849,0.18860000,6523.20000000,0.1865
1749262849,0.18870000,5899.70000000,0.1865
1749262849,0.18880000,6492.70000000,0.1865
1749262849,0.18890000,5527.70000000,0.1865
1749262849,0.18900000,6627.40000000,0.1865
1749262849,0.18910000,306.20000000,0.1865
1749262849,0.18920000,13192.00000000,0.1865
1749262849,0.18930000,97.70000000,0.1865
1749262849,0.18940000,90.10000000,0.1865
1749262849,0.18950000,54.20000000,0.1865
1749262849,0.18960000,89.50000000,0.1865
1749262849,0.18970000,131.20000000,0.1865
1749262849,0.18980000,91.60000000,0.1865
1749262849,0.18990000,341.80000000,0.1865
1749262849,0.19000000,2749.20000000,0.1865
1749262849,0.19010000,54.20000000,0.1865
1749262849,0.19020000,54.20000000,0.1865
1749262849,0.19030000,54.20000000,0.1865
1749262849,0.19040000,1542.70000000,0.1865
1749262849,0.19050000,54.20000000,0.1865
1749262849,0.19060000,1655.30000000,0.1865
1749262849,0.19070000,380.90000000,0.1865
1749262849,0.19080000,2833.20000000,0.1865
1749262849,0.19090000,195.10000000,0.1865
1749262849,0.19100000,487.50000000,0.1865
1749262849,0.19110000,1020.10000000,0.1865
1749262849,0.19120000,91.60000000,0.1865
1749262849,0.19130000,12310.40000000,0.1865
1749262849,0.19140000,828.70000000,0.1865
1749262849,0.19150000,2238.60000000,0.1865
1749262849,0.19160000,96.20000000,0.1865
1749262849,0.19170000,2787.10000000,0.1865
1749262849,0.19180000,841.50000000,0.1865
1749262849,0.19190000,5551.70000000,0.1865
1749262849,0.19200000,2055.50000000,0.1865
1749262849,0.19210000,1001.10000000,0.1865
1749262849,0.19220000,54.20000000,0.1865
1749262849,0.19230000,54.20000000,0.1865
1749262849,0.19240000,54.20000000,0.1865
1749262849,0.19250000,95.70000000,0.1865
1749262849,0.19260000,918.40000000,0.1865
1749262849,0.19270000,2170.70000000,0.1865
1749262849,0.19280000,220.00000000,0.1865
1749262849,0.19290000,54.00000000,0.1865
1749262849,0.19300000,954.00000000,0.1865
1749262849,0.19310000,54.00000000,0.1865
1749262849,0.19320000,53.90000000,0.1865
1749262849,0.19330000,90.10000000,0.1865
1749262849,0.19340000,53.90000000,0.1865
1749262849,0.19350000,53.80000000,0.1865
1749262849,0.19360000,53.80000000,0.1865
1749262849,0.19370000,53.80000000,0.1865
1749262849,0.19380000,263.60000000,0.1865
1749262849,0.19390000,341.30000000,0.1865
1749262849,0.19400000,585.80000000,0.1865
1749262849,0.19410000,37.40000000,0.1865
1749262849,0.19420000,1350.00000000,0.1865
1749262849,0.19430000,77.00000000,0.1865
1749262849,0.19440000,133.60000000,0.1865
1749262849,0.19450000,8325.40000000,0.1865
1749262849,0.19470000,699.30000000,0.1865
1749262849,0.19490000,41.00000000,0.1865
1749262849,0.19500000,17539.60000000,0.1865
1749262849,0.19530000,51.20000000,0.1865
1749262849,0.19550000,2771.00000000,0.1865
1749262849,0.19560000,6974.20000000,0.1865
1749262849,0.19570000,1725.90000000,0.1865
1749262849,0.19580000,425.90000000,0.1865
1749262849,0.19600000,562.50000000,0.1865
1749262849,0.19610000,7422.10000000,0.1865
1749262849,0.19630000,660.80000000,0.1865
1749262849,0.19660000,81.90000000,0.1865
1749262849,0.19690000,37.40000000,0.1865
1749262849,0.19700000,507.60000000,0.1865
1749262849,0.19710000,40.60000000,0.1865
1749262849,0.19720000,77.00000000,0.1865
1749262849,0.19750000,500.00000000,0.1865
1749262849,0.19770000,172.00000000,0.1865
1749262849,0.19780000,335.40000000,0.1865
1749263151,0.18650000,43369.60000000,0.1865
1749263151,0.18660000,79033.00000000,0.1865
1749263151,0.18670000,132893.20000000,0.1865
1749263151,0.18680000,178383.50000000,0.1865
1749263151,0.18690000,214511.40000000,0.1865
1749263151,0.18700000,244656.30000000,0.1865
1749263151,0.18710000,72212.50000000,0.1865
1749263151,0.18720000,152002.40000000,0.1865
1749263151,0.18730000,36748.70000000,0.1865
1749263151,0.18740000,86230.00000000,0.1865
1749263151,0.18750000,20569.50000000,0.1865
1749263151,0.18760000,83559.00000000,0.1865
1749263151,0.18770000,5568.00000000,0.1865
1749263151,0.18780000,14619.90000000,0.1865
1749263151,0.18790000,34440.20000000,0.1865
1749263151,0.18800000,6492.90000000,0.1865
1749263151,0.18810000,11543.60000000,0.1865
1749263151,0.18820000,7082.20000000,0.1865
1749263151,0.18830000,6539.50000000,0.1865
1749263151,0.18840000,9229.20000000,0.1865
1749263151,0.18850000,6065.00000000,0.1865
1749263151,0.18860000,6523.20000000,0.1865
1749263151,0.18870000,5899.70000000,0.1865
1749263151,0.18880000,6492.70000000,0.1865
1749263151,0.18890000,5527.70000000,0.1865
1749263151,0.18900000,6627.40000000,0.1865
1749263151,0.18910000,54.20000000,0.1865
1749263151,0.18920000,13192.00000000,0.1865
1749263151,0.18930000,97.70000000,0.1865
1749263151,0.18940000,342.10000000,0.1865
1749263151,0.18950000,54.20000000,0.1865
1749263151,0.18960000,89.50000000,0.1865
1749263151,0.18970000,131.20000000,0.1865
1749263151,0.18980000,91.60000000,0.1865
1749263151,0.18990000,341.80000000,0.1865
1749263151,0.19000000,2749.20000000,0.1865
1749263151,0.19010000,54.20000000,0.1865
1749263151,0.19020000,54.20000000,0.1865
1749263151,0.19030000,54.20000000,0.1865
1749263151,0.19040000,1542.70000000,0.1865
1749263151,0.19050000,54.20000000,0.1865
1749263151,0.19060000,1655.30000000,0.1865
1749263151,0.19070000,380.90000000,0.1865
1749263151,0.19080000,2833.20000000,0.1865
1749263151,0.19090000,195.10000000,0.1865
1749263151,0.19100000,487.50000000,0.1865
1749263151,0.19110000,1020.10000000,0.1865
1749263151,0.19120000,91.60000000,0.1865
1749263151,0.19130000,12310.40000000,0.1865
1749263151,0.19140000,828.70000000,0.1865
1749263151,0.19150000,2238.60000000,0.1865
1749263151,0.19160000,96.20000000,0.1865
1749263151,0.19170000,2787.10000000,0.1865
1749263151,0.19180000,841.50000000,0.1865
1749263151,0.19190000,5551.70000000,0.1865
1749263151,0.19200000,2055.50000000,0.1865
1749263151,0.19210000,1001.10000000,0.1865
1749263151,0.19220000,54.20000000,0.1865
1749263151,0.19230000,54.20000000,0.1865
1749263151,0.19240000,54.20000000,0.1865
1749263151,0.19250000,95.70000000,0.1865
1749263151,0.19260000,918.40000000,0.1865
1749263151,0.19270000,2170.70000000,0.1865
1749263151,0.19280000,220.00000000,0.1865
1749263151,0.19290000,54.00000000,0.1865
1749263151,0.19300000,954.00000000,0.1865
1749263151,0.19310000,54.00000000,0.1865
1749263151,0.19320000,53.90000000,0.1865
1749263151,0.19330000,90.10000000,0.1865
1749263151,0.19340000,53.90000000,0.1865
1749263151,0.19350000,53.80000000,0.1865
1749263151,0.19360000,53.80000000,0.1865
1749263151,0.19370000,53.80000000,0.1865
1749263151,0.19380000,263.60000000,0.1865
1749263151,0.19390000,341.30000000,0.1865
1749263151,0.19400000,585.80000000,0.1865
1749263151,0.19410000,37.40000000,0.1865
1749263151,0.19420000,1350.00000000,0.1865
1749263151,0.19430000,77.00000000,0.1865
1749263151,0.19440000,133.60000000,0.1865
1749263151,0.19450000,8325.40000000,0.1865
1749263151,0.19470000,699.30000000,0.1865
1749263151,0.19490000,41.00000000,0.1865
1749263151,0.19500000,17539.60000000,0.1865
1749263151,0.19530000,51.20000000,0.1865
1749263151,0.19550000,2771.00000000,0.1865
1749263151,0.19560000,6974.20000000,0.1865
1749263151,0.19570000,1725.90000000,0.1865
1749263151,0.19580000,425.90000000,0.1865
1749263151,0.19600000,562.50000000,0.1865
1749263151,0.19610000,7422.10000000,0.1865
1749263151,0.19630000,660.80000000,0.1865
1749263151,0.19660000,81.90000000,0.1865
1749263151,0.19690000,37.40000000,0.1865
1749263151,0.19700000,507.60000000,0.1865
1749263151,0.19710000,40.60000000,0.1865
1749263151,0.19720000,77.00000000,0.1865
1749263151,0.19750000,500.00000000,0.1865
1749263151,0.19770000,172.00000000,0.1865
1749263151,0.19780000,335.40000000,0.1865
1749263456,0.18650000,42330.10000000,0.1864
1749263456,0.18660000,74986.20000000,0.1864
1749263456,0.18670000,148754.90000000,0.1864
1749263456,0.18680000,221119.20000000,0.1864
1749263456,0.18690000,201701.80000000,0.1864
1749263456,0.18700000,145593.00000000,0.1864
1749263456,0.18710000,29814.90000000,0.1864
1749263456,0.18720000,91593.40000000,0.1864
1749263456,0.18730000,151806.20000000,0.1864
1749263456,0.18740000,85098.20000000,0.1864
1749263456,0.18750000,21108.50000000,0.1864
1749263456,0.18760000,83559.00000000,0.1864
1749263456,0.18770000,5568.00000000,0.1864
1749263456,0.18780000,14619.90000000,0.1864
1749263456,0.18790000,35572.00000000,0.1864
1749263456,0.18800000,11850.50000000,0.1864
1749263456,0.18810000,6186.00000000,0.1864
1749263456,0.18820000,7082.20000000,0.1864
1749263456,0.18830000,6539.50000000,0.1864
1749263456,0.18840000,9229.20000000,0.1864
1749263456,0.18850000,6065.00000000,0.1864
1749263456,0.18860000,6523.20000000,0.1864
1749263456,0.18870000,5899.70000000,0.1864
1749263456,0.18880000,6492.70000000,0.1864
1749263456,0.18890000,5527.70000000,0.1864
1749263456,0.18900000,6627.40000000,0.1864
1749263456,0.18910000,54.20000000,0.1864
1749263456,0.18920000,13192.00000000,0.1864
1749263456,0.18930000,97.70000000,0.1864
1749263456,0.18940000,341.80000000,0.1864
1749263456,0.18950000,54.20000000,0.1864
1749263456,0.18960000,89.50000000,0.1864
1749263456,0.18970000,131.20000000,0.1864
1749263456,0.18980000,91.60000000,0.1864
1749263456,0.18990000,341.80000000,0.1864
1749263456,0.19000000,2749.20000000,0.1864
1749263456,0.19010000,54.20000000,0.1864
1749263456,0.19020000,54.20000000,0.1864
1749263456,0.19030000,54.20000000,0.1864
1749263456,0.19040000,1542.70000000,0.1864
1749263456,0.19050000,54.20000000,0.1864
1749263456,0.19060000,1655.30000000,0.1864
1749263456,0.19070000,380.50000000,0.1864
1749263456,0.19080000,2833.20000000,0.1864
1749263456,0.19090000,195.10000000,0.1864
1749263456,0.19100000,487.50000000,0.1864
1749263456,0.19110000,1020.10000000,0.1864
1749263456,0.19120000,91.60000000,0.1864
1749263456,0.19130000,12310.40000000,0.1864
1749263456,0.19140000,828.70000000,0.1864
1749263456,0.19150000,2238.60000000,0.1864
1749263456,0.19160000,96.20000000,0.1864
1749263456,0.19170000,2787.10000000,0.1864
1749263456,0.19180000,841.50000000,0.1864
1749263456,0.19190000,5551.70000000,0.1864
1749263456,0.19200000,2055.50000000,0.1864
1749263456,0.19210000,1001.10000000,0.1864
1749263456,0.19220000,54.20000000,0.1864
1749263456,0.19230000,54.20000000,0.1864
1749263456,0.19240000,54.20000000,0.1864
1749263456,0.19250000,95.70000000,0.1864
1749263456,0.19260000,918.40000000,0.1864
1749263456,0.19270000,2170.70000000,0.1864
1749263456,0.19280000,220.00000000,0.1864
1749263456,0.19290000,54.00000000,0.1864
1749263456,0.19300000,954.00000000,0.1864
1749263456,0.19310000,54.00000000,0.1864
1749263456,0.19320000,53.90000000,0.1864
1749263456,0.19330000,90.10000000,0.1864
1749263456,0.19340000,53.90000000,0.1864
1749263456,0.19350000,53.80000000,0.1864
1749263456,0.19360000,53.80000000,0.1864
1749263456,0.19370000,53.80000000,0.1864
1749263456,0.19380000,263.60000000,0.1864
1749263456,0.19390000,341.30000000,0.1864
1749263456,0.19400000,585.80000000,0.1864
1749263456,0.19410000,37.40000000,0.1864
1749263456,0.19420000,1350.00000000,0.1864
1749263456,0.19430000,77.00000000,0.1864
1749263456,0.19440000,133.60000000,0.1864
1749263456,0.19450000,8325.40000000,0.1864
1749263456,0.19470000,699.30000000,0.1864
1749263456,0.19490000,41.00000000,0.1864
1749263456,0.19500000,17539.60000000,0.1864
1749263456,0.19530000,51.20000000,0.1864
1749263456,0.19550000,2771.00000000,0.1864
1749263456,0.19560000,6974.20000000,0.1864
1749263456,0.19570000,1725.90000000,0.1864
1749263456,0.19580000,425.90000000,0.1864
1749263456,0.19600000,562.50000000,0.1864
1749263456,0.19610000,7422.10000000,0.1864
1749263456,0.19630000,660.80000000,0.1864
1749263456,0.19660000,81.90000000,0.1864
1749263456,0.19690000,37.40000000,0.1864
1749263456,0.19700000,507.60000000,0.1864
1749263456,0.19710000,40.60000000,0.1864
1749263456,0.19720000,77.00000000,0.1864
1749263456,0.19750000,500.00000000,0.1864
1749263456,0.19770000,172.00000000,0.1864
1749263456,0.19780000,335.40000000,0.1864
1749263758,0.18650000,30799.00000000,0.1864
1749263758,0.18660000,56234.50000000,0.1864
1749263758,0.18670000,116834.70000000,0.1864
1749263758,0.18680000,225203.80000000,0.1864
1749263758,0.18690000,205197.30000000,0.1864
1749263758,0.18700000,144676.90000000,0.1864
1749263758,0.18710000,29232.70000000,0.1864
1749263758,0.18720000,194824.50000000,0.1864
1749263758,0.18730000,36956.50000000,0.1864
1749263758,0.18740000,85098.20000000,0.1864
1749263758,0.18750000,21108.80000000,0.1864
1749263758,0.18760000,83559.00000000,0.1864
1749263758,0.18770000,5568.00000000,0.1864
1749263758,0.18780000,14686.20000000,0.1864
1749263758,0.18790000,35572.00000000,0.1864
1749263758,0.18800000,6492.90000000,0.1864
1749263758,0.18810000,11549.30000000,0.1864
1749263758,0.18820000,7082.20000000,0.1864
1749263758,0.18830000,6539.50000000,0.1864
1749263758,0.18840000,9229.20000000,0.1864
1749263758,0.18850000,6065.00000000,0.1864
1749263758,0.18860000,6523.20000000,0.1864
1749263758,0.18870000,5899.70000000,0.1864
1749263758,0.18880000,6492.70000000,0.1864
1749263758,0.18890000,5527.70000000,0.1864
1749263758,0.18900000,6627.40000000,0.1864
1749263758,0.18910000,54.20000000,0.1864
1749263758,0.18920000,13444.00000000,0.1864
1749263758,0.18930000,97.70000000,0.1864
1749263758,0.18940000,90.10000000,0.1864
1749263758,0.18950000,54.20000000,0.1864
1749263758,0.18960000,89.50000000,0.1864
1749263758,0.18970000,131.20000000,0.1864
1749263758,0.18980000,91.60000000,0.1864
1749263758,0.18990000,341.80000000,0.1864
1749263758,0.19000000,2749.20000000,0.1864
1749263758,0.19010000,54.20000000,0.1864
1749263758,0.19020000,54.20000000,0.1864
1749263758,0.19030000,54.20000000,0.1864
1749263758,0.19040000,1542.70000000,0.1864
1749263758,0.19050000,54.20000000,0.1864
1749263758,0.19060000,1623.80000000,0.1864
1749263758,0.19070000,380.90000000,0.1864
1749263758,0.19080000,2833.20000000,0.1864
1749263758,0.19090000,195.10000000,0.1864
1749263758,0.19100000,487.50000000,0.1864
1749263758,0.19110000,983.50000000,0.1864
1749263758,0.19120000,91.60000000,0.1864
1749263758,0.19130000,12310.40000000,0.1864
1749263758,0.19140000,828.70000000,0.1864
1749263758,0.19150000,2238.60000000,0.1864
1749263758,0.19160000,96.20000000,0.1864
1749263758,0.19170000,2787.10000000,0.1864
1749263758,0.19180000,841.50000000,0.1864
1749263758,0.19190000,5551.70000000,0.1864
1749263758,0.19200000,2055.50000000,0.1864
1749263758,0.19210000,1001.10000000,0.1864
1749263758,0.19220000,54.20000000,0.1864
1749263758,0.19230000,54.20000000,0.1864
1749263758,0.19240000,54.20000000,0.1864
1749263758,0.19250000,54.10000000,0.1864
1749263758,0.19260000,918.40000000,0.1864
1749263758,0.19270000,2170.70000000,0.1864
1749263758,0.19280000,220.00000000,0.1864
1749263758,0.19290000,54.00000000,0.1864
1749263758,0.19300000,954.00000000,0.1864
1749263758,0.19310000,54.00000000,0.1864
1749263758,0.19320000,53.90000000,0.1864
1749263758,0.19330000,53.90000000,0.1864
1749263758,0.19340000,53.90000000,0.1864
1749263758,0.19350000,53.80000000,0.1864
1749263758,0.19360000,53.80000000,0.1864
1749263758,0.19370000,53.80000000,0.1864
1749263758,0.19380000,263.60000000,0.1864
1749263758,0.19390000,341.30000000,0.1864
1749263758,0.19400000,585.80000000,0.1864
1749263758,0.19410000,37.40000000,0.1864
1749263758,0.19420000,1350.00000000,0.1864
1749263758,0.19430000,77.00000000,0.1864
1749263758,0.19440000,82.20000000,0.1864
1749263758,0.19450000,8325.40000000,0.1864
1749263758,0.19470000,699.30000000,0.1864
1749263758,0.19500000,17482.90000000,0.1864
1749263758,0.19530000,51.20000000,0.1864
1749263758,0.19550000,2771.00000000,0.1864
1749263758,0.19560000,6974.20000000,0.1864
1749263758,0.19570000,1725.90000000,0.1864
1749263758,0.19580000,425.90000000,0.1864
1749263758,0.19600000,562.50000000,0.1864
1749263758,0.19610000,7422.10000000,0.1864
1749263758,0.19630000,660.80000000,0.1864
1749263758,0.19660000,81.90000000,0.1864
1749263758,0.19690000,37.40000000,0.1864
1749263758,0.19700000,507.60000000,0.1864
1749263758,0.19720000,77.00000000,0.1864
1749263758,0.19750000,500.00000000,0.1864
1749263758,0.19770000,172.00000000,0.1864
1749263758,0.19780000,335.40000000,0.1864
1749263758,0.19790000,83.20000000,0.1864
1749263758,0.19800000,667.60000000,0.1864
1749264060,0.18660000,21231.40000000,0.1866
1749264060,0.18670000,71474.50000000,0.1866
1749264060,0.18680000,108891.70000000,0.1866
1749264060,0.18690000,172819.90000000,0.1866
1749264060,0.18700000,258340.00000000,0.1866
1749264060,0.18710000,84393.80000000,0.1866
1749264060,0.18720000,76896.70000000,0.1866
1749264060,0.18730000,151372.20000000,0.1866
1749264060,0.18740000,99585.80000000,0.1866
1749264060,0.18750000,21108.80000000,0.1866
1749264060,0.18760000,98560.30000000,0.1866
1749264060,0.18770000,5568.00000000,0.1866
1749264060,0.18780000,14686.20000000,0.1866
1749264060,0.18790000,35036.20000000,0.1866
1749264060,0.18800000,6492.90000000,0.1866
1749264060,0.18810000,11549.30000000,0.1866
1749264060,0.18820000,7082.20000000,0.1866
1749264060,0.18830000,6539.50000000,0.1866
1749264060,0.18840000,9229.20000000,0.1866
1749264060,0.18850000,6065.00000000,0.1866
1749264060,0.18860000,6523.20000000,0.1866
1749264060,0.18870000,6436.90000000,0.1866
1749264060,0.18880000,6492.70000000,0.1866
1749264060,0.18890000,5527.70000000,0.1866
1749264060,0.18900000,6627.40000000,0.1866
1749264060,0.18910000,54.20000000,0.1866
1749264060,0.18920000,13443.90000000,0.1866
1749264060,0.18930000,97.70000000,0.1866
1749264060,0.18940000,90.10000000,0.1866
1749264060,0.18950000,54.20000000,0.1866
1749264060,0.18960000,89.50000000,0.1866
1749264060,0.18970000,131.20000000,0.1866
1749264060,0.18980000,91.60000000,0.1866
1749264060,0.18990000,341.80000000,0.1866
1749264060,0.19000000,2749.20000000,0.1866
1749264060,0.19010000,54.20000000,0.1866
1749264060,0.19020000,54.20000000,0.1866
1749264060,0.19030000,54.20000000,0.1866
1749264060,0.19040000,1542.70000000,0.1866
1749264060,0.19050000,54.20000000,0.1866
1749264060,0.19060000,1623.80000000,0.1866
1749264060,0.19070000,380.70000000,0.1866
1749264060,0.19080000,2833.20000000,0.1866
1749264060,0.19090000,195.10000000,0.1866
1749264060,0.19100000,487.50000000,0.1866
1749264060,0.19110000,983.50000000,0.1866
1749264060,0.19120000,91.60000000,0.1866
1749264060,0.19130000,12310.40000000,0.1866
1749264060,0.19140000,828.70000000,0.1866
1749264060,0.19150000,2238.60000000,0.1866
1749264060,0.19160000,96.20000000,0.1866
1749264060,0.19170000,2787.10000000,0.1866
1749264060,0.19180000,841.50000000,0.1866
1749264060,0.19190000,5551.70000000,0.1866
1749264060,0.19200000,2055.50000000,0.1866
1749264060,0.19210000,1001.10000000,0.1866
1749264060,0.19220000,54.20000000,0.1866
1749264060,0.19230000,54.20000000,0.1866
1749264060,0.19240000,54.20000000,0.1866
1749264060,0.19250000,54.10000000,0.1866
1749264060,0.19260000,918.40000000,0.1866
1749264060,0.19270000,2170.70000000,0.1866
1749264060,0.19280000,220.00000000,0.1866
1749264060,0.19290000,54.00000000,0.1866
1749264060,0.19300000,954.00000000,0.1866
1749264060,0.19310000,54.00000000,0.1866
1749264060,0.19320000,53.90000000,0.1866
1749264060,0.19330000,53.90000000,0.1866
1749264060,0.19340000,53.90000000,0.1866
1749264060,0.19350000,53.80000000,0.1866
1749264060,0.19360000,53.80000000,0.1866
1749264060,0.19370000,53.80000000,0.1866
1749264060,0.19380000,263.60000000,0.1866
1749264060,0.19390000,341.30000000,0.1866
1749264060,0.19400000,585.80000000,0.1866
1749264060,0.19410000,91.10000000,0.1866
1749264060,0.19420000,1350.00000000,0.1866
1749264060,0.19430000,77.00000000,0.1866
1749264060,0.19440000,82.20000000,0.1866
1749264060,0.19450000,8325.40000000,0.1866
1749264060,0.19470000,699.30000000,0.1866
1749264060,0.19500000,17478.90000000,0.1866
1749264060,0.19530000,51.20000000,0.1866
1749264060,0.19550000,2771.00000000,0.1866
1749264060,0.19560000,6974.20000000,0.1866
1749264060,0.19570000,1725.90000000,0.1866
1749264060,0.19580000,425.90000000,0.1866
1749264060,0.19600000,562.50000000,0.1866
1749264060,0.19610000,7422.10000000,0.1866
1749264060,0.19630000,660.80000000,0.1866
1749264060,0.19660000,81.90000000,0.1866
1749264060,0.19690000,37.40000000,0.1866
1749264060,0.19700000,507.60000000,0.1866
1749264060,0.19720000,77.00000000,0.1866
1749264060,0.19750000,500.00000000,0.1866
1749264060,0.19770000,172.00000000,0.1866
1749264060,0.19780000,335.40000000,0.1866
1749264060,0.19790000,83.20000000,0.1866
1749264060,0.19800000,667.60000000,0.1866
1749264060,0.19810000,95.40000000,0.1866
1749264366,0.18640000,35196.80000000,0.1863
1749264366,0.18650000,82203.70000000,0.1863
1749264366,0.18660000,206592.90000000,0.1863
1749264366,0.18670000,164347.60000000,0.1863
1749264366,0.18680000,219770.30000000,0.1863
1749264366,0.18690000,18284.30000000,0.1863
1749264366,0.18700000,131843.90000000,0.1863
1749264366,0.18710000,148223.20000000,0.1863
1749264366,0.18720000,85239.00000000,0.1863
1749264366,0.18730000,21645.30000000,0.1863
1749264366,0.18740000,13098.30000000,0.1863
1749264366,0.18750000,5568.20000000,0.1863
1749264366,0.18760000,86275.60000000,0.1863
1749264366,0.18770000,6104.20000000,0.1863
1749264366,0.18780000,11966.30000000,0.1863
1749264366,0.18790000,39803.40000000,0.1863
1749264366,0.18800000,6492.90000000,0.1863
1749264366,0.18810000,6186.00000000,0.1863
1749264366,0.18820000,7082.20000000,0.1863
1749264366,0.18830000,6539.50000000,0.1863
1749264366,0.18840000,9229.20000000,0.1863
1749264366,0.18850000,5527.80000000,0.1863
1749264366,0.18860000,6523.20000000,0.1863
1749264366,0.18870000,5899.70000000,0.1863
1749264366,0.18880000,6492.70000000,0.1863
1749264366,0.18890000,5527.70000000,0.1863
1749264366,0.18900000,6627.40000000,0.1863
1749264366,0.18910000,306.30000000,0.1863
1749264366,0.18920000,13192.00000000,0.1863
1749264366,0.18930000,97.70000000,0.1863
1749264366,0.18940000,90.10000000,0.1863
1749264366,0.18950000,54.20000000,0.1863
1749264366,0.18960000,89.50000000,0.1863
1749264366,0.18970000,131.20000000,0.1863
1749264366,0.18980000,91.60000000,0.1863
1749264366,0.18990000,341.80000000,0.1863
1749264366,0.19000000,17463.60000000,0.1863
1749264366,0.19010000,54.20000000,0.1863
1749264366,0.19020000,54.20000000,0.1863
1749264366,0.19030000,54.20000000,0.1863
1749264366,0.19040000,1542.70000000,0.1863
1749264366,0.19050000,54.20000000,0.1863
1749264366,0.19060000,1623.80000000,0.1863
1749264366,0.19070000,381.00000000,0.1863
1749264366,0.19080000,2833.20000000,0.1863
1749264366,0.19090000,195.10000000,0.1863
1749264366,0.19100000,487.50000000,0.1863
1749264366,0.19110000,983.50000000,0.1863
1749264366,0.19120000,91.60000000,0.1863
1749264366,0.19130000,12310.40000000,0.1863
1749264366,0.19140000,828.70000000,0.1863
1749264366,0.19150000,2986.30000000,0.1863
1749264366,0.19160000,96.20000000,0.1863
1749264366,0.19170000,2787.10000000,0.1863
1749264366,0.19180000,841.50000000,0.1863
1749264366,0.19190000,5551.70000000,0.1863
1749264366,0.19200000,1307.80000000,0.1863
1749264366,0.19210000,1001.10000000,0.1863
1749264366,0.19220000,54.20000000,0.1863
1749264366,0.19230000,54.20000000,0.1863
1749264366,0.19240000,54.20000000,0.1863
1749264366,0.19250000,54.10000000,0.1863
1749264366,0.19260000,918.40000000,0.1863
1749264366,0.19270000,2170.70000000,0.1863
1749264366,0.19280000,220.00000000,0.1863
1749264366,0.19290000,54.00000000,0.1863
1749264366,0.19300000,954.00000000,0.1863
1749264366,0.19310000,54.00000000,0.1863
1749264366,0.19320000,53.90000000,0.1863
1749264366,0.19330000,53.90000000,0.1863
1749264366,0.19340000,53.90000000,0.1863
1749264366,0.19350000,53.80000000,0.1863
1749264366,0.19360000,53.80000000,0.1863
1749264366,0.19370000,53.80000000,0.1863
1749264366,0.19380000,263.60000000,0.1863
1749264366,0.19390000,341.30000000,0.1863
1749264366,0.19400000,532.10000000,0.1863
1749264366,0.19410000,37.40000000,0.1863
1749264366,0.19420000,1350.00000000,0.1863
1749264366,0.19430000,77.00000000,0.1863
1749264366,0.19440000,82.20000000,0.1863
1749264366,0.19450000,8325.40000000,0.1863
1749264366,0.19470000,699.30000000,0.1863
1749264366,0.19500000,17478.90000000,0.1863
1749264366,0.19530000,51.20000000,0.1863
1749264366,0.19550000,2771.00000000,0.1863
1749264366,0.19560000,6974.20000000,0.1863
1749264366,0.19570000,1725.90000000,0.1863
1749264366,0.19580000,425.90000000,0.1863
1749264366,0.19600000,562.50000000,0.1863
1749264366,0.19610000,7422.10000000,0.1863
1749264366,0.19630000,660.80000000,0.1863
1749264366,0.19660000,81.90000000,0.1863
1749264366,0.19690000,37.40000000,0.1863
1749264366,0.19700000,507.60000000,0.1863
1749264366,0.19720000,77.00000000,0.1863
1749264366,0.19750000,500.00000000,0.1863
1749264366,0.19770000,172.00000000,0.1863
1749264366,0.19780000,335.40000000,0.1863
1749264366,0.19790000,83.20000000,0.1863
1749264668,0.18650000,29567.60000000,0.1865
1749264668,0.18660000,101301.20000000,0.1865
1749264668,0.18670000,201774.50000000,0.1865
1749264668,0.18680000,187656.70000000,0.1865
1749264668,0.18690000,187089.50000000,0.1865
1749264668,0.18700000,69810.40000000,0.1865
1749264668,0.18710000,32606.50000000,0.1865
1749264668,0.18720000,202740.90000000,0.1865
1749264668,0.18730000,37003.30000000,0.1865
1749264668,0.18740000,28628.90000000,0.1865
1749264668,0.18750000,21099.30000000,0.1865
1749264668,0.18760000,83559.00000000,0.1865
1749264668,0.18770000,5568.00000000,0.1865
1749264668,0.18780000,14654.60000000,0.1865
1749264668,0.18790000,34440.10000000,0.1865
1749264668,0.18800000,6492.90000000,0.1865
1749264668,0.18810000,11552.20000000,0.1865
1749264668,0.18820000,7082.20000000,0.1865
1749264668,0.18830000,6539.50000000,0.1865
1749264668,0.18840000,9197.40000000,0.1865
1749264668,0.18850000,6065.00000000,0.1865
1749264668,0.18860000,6523.20000000,0.1865
1749264668,0.18870000,5899.70000000,0.1865
1749264668,0.18880000,6492.70000000,0.1865
1749264668,0.18890000,5527.70000000,0.1865
1749264668,0.18900000,6627.40000000,0.1865
1749264668,0.18910000,54.20000000,0.1865
1749264668,0.18920000,13444.00000000,0.1865
1749264668,0.18930000,97.70000000,0.1865
1749264668,0.18940000,90.10000000,0.1865
1749264668,0.18950000,54.20000000,0.1865
1749264668,0.18960000,89.50000000,0.1865
1749264668,0.18970000,131.20000000,0.1865
1749264668,0.18980000,91.60000000,0.1865
1749264668,0.18990000,341.80000000,0.1865
1749264668,0.19000000,17463.60000000,0.1865
1749264668,0.19010000,54.20000000,0.1865
1749264668,0.19020000,54.20000000,0.1865
1749264668,0.19030000,101.50000000,0.1865
1749264668,0.19040000,1542.70000000,0.1865
1749264668,0.19050000,54.20000000,0.1865
1749264668,0.19060000,1623.80000000,0.1865
1749264668,0.19070000,380.90000000,0.1865
1749264668,0.19080000,2833.20000000,0.1865
1749264668,0.19090000,195.10000000,0.1865
1749264668,0.19100000,487.50000000,0.1865
1749264668,0.19110000,983.50000000,0.1865
1749264668,0.19120000,91.60000000,0.1865
1749264668,0.19130000,12310.40000000,0.1865
1749264668,0.19140000,828.70000000,0.1865
1749264668,0.19150000,2986.30000000,0.1865
1749264668,0.19160000,54.40000000,0.1865
1749264668,0.19170000,2787.10000000,0.1865
1749264668,0.19180000,841.50000000,0.1865
1749264668,0.19190000,5551.70000000,0.1865
1749264668,0.19200000,1307.80000000,0.1865
1749264668,0.19210000,954.20000000,0.1865
1749264668,0.19220000,54.20000000,0.1865
1749264668,0.19230000,54.20000000,0.1865
1749264668,0.19240000,54.20000000,0.1865
1749264668,0.19250000,54.10000000,0.1865
1749264668,0.19260000,918.40000000,0.1865
1749264668,0.19270000,2170.70000000,0.1865
1749264668,0.19280000,220.00000000,0.1865
1749264668,0.19290000,54.00000000,0.1865
1749264668,0.19300000,954.00000000,0.1865
1749264668,0.19310000,54.00000000,0.1865
1749264668,0.19320000,53.90000000,0.1865
1749264668,0.19330000,53.90000000,0.1865
1749264668,0.19340000,53.90000000,0.1865
1749264668,0.19350000,53.80000000,0.1865
1749264668,0.19360000,53.80000000,0.1865
1749264668,0.19370000,53.80000000,0.1865
1749264668,0.19380000,263.60000000,0.1865
1749264668,0.19390000,341.30000000,0.1865
1749264668,0.19400000,585.80000000,0.1865
1749264668,0.19410000,99.20000000,0.1865
1749264668,0.19420000,1350.00000000,0.1865
1749264668,0.19430000,77.00000000,0.1865
1749264668,0.19440000,82.20000000,0.1865
1749264668,0.19450000,8325.40000000,0.1865
1749264668,0.19470000,699.30000000,0.1865
1749264668,0.19500000,17478.90000000,0.1865
1749264668,0.19550000,2771.00000000,0.1865
1749264668,0.19560000,6974.20000000,0.1865
1749264668,0.19570000,1419.30000000,0.1865
1749264668,0.19580000,364.60000000,0.1865
1749264668,0.19600000,562.50000000,0.1865
1749264668,0.19610000,7422.10000000,0.1865
1749264668,0.19630000,660.80000000,0.1865
1749264668,0.19660000,81.90000000,0.1865
1749264668,0.19690000,37.40000000,0.1865
1749264668,0.19700000,507.60000000,0.1865
1749264668,0.19720000,77.00000000,0.1865
1749264668,0.19750000,500.00000000,0.1865
1749264668,0.19770000,172.00000000,0.1865
1749264668,0.19780000,411.20000000,0.1865
1749264668,0.19790000,83.20000000,0.1865
1749264668,0.19800000,667.60000000,0.1865
1749264668,0.19810000,95.40000000,0.1865
1749264969,0.18690000,12133.00000000,0.1869
1749264969,0.18700000,82905.20000000,0.1869
1749264969,0.18710000,178718.90000000,0.1869
1749264969,0.18720000,272185.10000000,0.1869
1749264969,0.18730000,168976.00000000,0.1869
1749264969,0.18740000,141102.90000000,0.1869
1749264969,0.18750000,64368.40000000,0.1869
1749264969,0.18760000,114090.10000000,0.1869
1749264969,0.18770000,138373.90000000,0.1869
1749264969,0.18780000,28042.90000000,0.1869
1749264969,0.18790000,21386.20000000,0.1869
1749264969,0.18800000,10357.00000000,0.1869
1749264969,0.18810000,5648.80000000,0.1869
1749264969,0.18820000,7082.20000000,0.1869
1749264969,0.18830000,11905.70000000,0.1869
1749264969,0.18840000,9197.40000000,0.1869
1749264969,0.18850000,34206.80000000,0.1869
1749264969,0.18860000,6523.20000000,0.1869
1749264969,0.18870000,6436.90000000,0.1869
1749264969,0.18880000,6492.70000000,0.1869
1749264969,0.18890000,6064.90000000,0.1869
1749264969,0.18900000,6667.60000000,0.1869
1749264969,0.18910000,54.20000000,0.1869
1749264969,0.18920000,13192.00000000,0.1869
1749264969,0.18930000,97.70000000,0.1869
1749264969,0.18940000,90.10000000,0.1869
1749264969,0.18950000,54.20000000,0.1869
1749264969,0.18960000,341.00000000,0.1869
1749264969,0.18970000,131.20000000,0.1869
1749264969,0.18980000,91.60000000,0.1869
1749264969,0.18990000,341.80000000,0.1869
1749264969,0.19000000,17463.60000000,0.1869
1749264969,0.19010000,54.20000000,0.1869
1749264969,0.19020000,54.20000000,0.1869
1749264969,0.19030000,101.50000000,0.1869
1749264969,0.19040000,1542.70000000,0.1869
1749264969,0.19050000,54.20000000,0.1869
1749264969,0.19060000,1623.80000000,0.1869
1749264969,0.19070000,80.60000000,0.1869
1749264969,0.19080000,2833.20000000,0.1869
1749264969,0.19090000,195.10000000,0.1869
1749264969,0.19100000,487.50000000,0.1869
1749264969,0.19110000,983.50000000,0.1869
1749264969,0.19120000,391.20000000,0.1869
1749264969,0.19130000,12310.40000000,0.1869
1749264969,0.19140000,828.70000000,0.1869
1749264969,0.19150000,2238.60000000,0.1869
1749264969,0.19160000,54.40000000,0.1869
1749264969,0.19170000,2787.10000000,0.1869
1749264969,0.19180000,841.50000000,0.1869
1749264969,0.19190000,341.90000000,0.1869
1749264969,0.19200000,802.00000000,0.1869
1749264969,0.19210000,954.20000000,0.1869
1749264969,0.19220000,54.20000000,0.1869
1749264969,0.19230000,54.20000000,0.1869
1749264969,0.19240000,5264.00000000,0.1869
1749264969,0.19250000,54.10000000,0.1869
1749264969,0.19260000,2171.90000000,0.1869
1749264969,0.19270000,2170.70000000,0.1869
1749264969,0.19280000,220.00000000,0.1869
1749264969,0.19290000,54.00000000,0.1869
1749264969,0.19300000,954.00000000,0.1869
1749264969,0.19310000,54.00000000,0.1869
1749264969,0.19320000,53.90000000,0.1869
1749264969,0.19330000,53.90000000,0.1869
1749264969,0.19340000,53.90000000,0.1869
1749264969,0.19350000,53.80000000,0.1869
1749264969,0.19360000,53.80000000,0.1869
1749264969,0.19370000,53.80000000,0.1869
1749264969,0.19380000,263.60000000,0.1869
1749264969,0.19390000,341.30000000,0.1869
1749264969,0.19400000,585.80000000,0.1869
1749264969,0.19410000,152.90000000,0.1869
1749264969,0.19420000,1403.60000000,0.1869
1749264969,0.19430000,130.60000000,0.1869
1749264969,0.19440000,135.80000000,0.1869
1749264969,0.19450000,8325.40000000,0.1869
1749264969,0.19470000,699.30000000,0.1869
1749264969,0.19500000,14792.80000000,0.1869
1749264969,0.19530000,2693.40000000,0.1869
1749264969,0.19550000,2771.00000000,0.1869
1749264969,0.19560000,1576.40000000,0.1869
1749264969,0.19570000,112.60000000,0.1869
1749264969,0.19580000,364.60000000,0.1869
1749264969,0.19600000,562.50000000,0.1869
1749264969,0.19610000,12819.90000000,0.1869
1749264969,0.19620000,1612.70000000,0.1869
1749264969,0.19630000,660.80000000,0.1869
1749264969,0.19660000,81.90000000,0.1869
1749264969,0.19690000,37.40000000,0.1869
1749264969,0.19700000,507.60000000,0.1869
1749264969,0.19720000,77.00000000,0.1869
1749264969,0.19750000,500.00000000,0.1869
1749264969,0.19770000,172.00000000,0.1869
1749264969,0.19780000,411.20000000,0.1869
1749264969,0.19790000,83.20000000,0.1869
1749264969,0.19800000,667.60000000,0.1869
1749264969,0.19810000,95.40000000,0.1869
1749264969,0.19830000,82.50000000,0.1869
1749264969,0.19840000,37.40000000,0.1869
1749265271,0.18690000,29922.20000000,0.1869
1749265271,0.18700000,64318.50000000,0.1869
1749265271,0.18710000,137163.90000000,0.1869
1749265271,0.18720000,235997.90000000,0.1869
1749265271,0.18730000,201636.20000000,0.1869
1749265271,0.18740000,181128.30000000,0.1869
1749265271,0.18750000,6107.70000000,0.1869
1749265271,0.18760000,99981.50000000,0.1869
1749265271,0.18770000,139028.00000000,0.1869
1749265271,0.18780000,28042.90000000,0.1869
1749265271,0.18790000,21924.00000000,0.1869
1749265271,0.18800000,78187.10000000,0.1869
1749265271,0.18810000,5689.00000000,0.1869
1749265271,0.18820000,9765.20000000,0.1869
1749265271,0.18830000,6539.50000000,0.1869
1749265271,0.18840000,14563.60000000,0.1869
1749265271,0.18850000,34206.80000000,0.1869
1749265271,0.18860000,6523.20000000,0.1869
1749265271,0.18870000,6436.90000000,0.1869
1749265271,0.18880000,6492.70000000,0.1869
1749265271,0.18890000,6064.90000000,0.1869
1749265271,0.18900000,6667.60000000,0.1869
1749265271,0.18910000,94.40000000,0.1869
1749265271,0.18920000,13192.00000000,0.1869
1749265271,0.18930000,97.70000000,0.1869
1749265271,0.18940000,90.10000000,0.1869
1749265271,0.18950000,54.20000000,0.1869
1749265271,0.18960000,340.80000000,0.1869
1749265271,0.18970000,131.20000000,0.1869
1749265271,0.18980000,91.60000000,0.1869
1749265271,0.18990000,341.80000000,0.1869
1749265271,0.19000000,17463.60000000,0.1869
1749265271,0.19010000,54.20000000,0.1869
1749265271,0.19020000,54.20000000,0.1869
1749265271,0.19030000,101.50000000,0.1869
1749265271,0.19040000,504.20000000,0.1869
1749265271,0.19050000,54.20000000,0.1869
1749265271,0.19060000,1623.80000000,0.1869
1749265271,0.19070000,80.60000000,0.1869
1749265271,0.19080000,54.20000000,0.1869
1749265271,0.19090000,1233.60000000,0.1869
1749265271,0.19100000,487.50000000,0.1869
1749265271,0.19110000,983.50000000,0.1869
1749265271,0.19120000,391.10000000,0.1869
1749265271,0.19130000,15089.40000000,0.1869
1749265271,0.19140000,828.70000000,0.1869
1749265271,0.19150000,2238.60000000,0.1869
1749265271,0.19160000,54.40000000,0.1869
1749265271,0.19170000,54.40000000,0.1869
1749265271,0.19180000,841.50000000,0.1869
1749265271,0.19190000,341.90000000,0.1869
1749265271,0.19200000,54.30000000,0.1869
1749265271,0.19210000,954.20000000,0.1869
1749265271,0.19220000,2786.90000000,0.1869
1749265271,0.19230000,54.20000000,0.1869
1749265271,0.19240000,5264.00000000,0.1869
1749265271,0.19250000,801.80000000,0.1869
1749265271,0.19260000,2171.90000000,0.1869
1749265271,0.19270000,96.70000000,0.1869
1749265271,0.19280000,220.00000000,0.1869
1749265271,0.19290000,54.00000000,0.1869
1749265271,0.19300000,954.00000000,0.1869
1749265271,0.19310000,54.00000000,0.1869
1749265271,0.19320000,53.90000000,0.1869
1749265271,0.19330000,53.90000000,0.1869
1749265271,0.19340000,53.90000000,0.1869
1749265271,0.19350000,53.80000000,0.1869
1749265271,0.19360000,53.80000000,0.1869
1749265271,0.19370000,2127.80000000,0.1869
1749265271,0.19380000,263.60000000,0.1869
1749265271,0.19390000,341.30000000,0.1869
1749265271,0.19400000,585.80000000,0.1869
1749265271,0.19410000,152.90000000,0.1869
1749265271,0.19420000,1403.60000000,0.1869
1749265271,0.19430000,130.60000000,0.1869
1749265271,0.19440000,135.80000000,0.1869
1749265271,0.19450000,8325.40000000,0.1869
1749265271,0.19470000,699.30000000,0.1869
1749265271,0.19500000,14792.80000000,0.1869
1749265271,0.19530000,2693.40000000,0.1869
1749265271,0.19550000,2771.00000000,0.1869
1749265271,0.19560000,1576.40000000,0.1869
1749265271,0.19570000,112.60000000,0.1869
1749265271,0.19580000,364.60000000,0.1869
1749265271,0.19600000,562.50000000,0.1869
1749265271,0.19610000,12819.90000000,0.1869
1749265271,0.19620000,1612.70000000,0.1869
1749265271,0.19630000,660.80000000,0.1869
1749265271,0.19660000,81.90000000,0.1869
1749265271,0.19690000,37.40000000,0.1869
1749265271,0.19700000,507.60000000,0.1869
1749265271,0.19720000,77.00000000,0.1869
1749265271,0.19750000,500.00000000,0.1869
1749265271,0.19770000,172.00000000,0.1869
1749265271,0.19780000,411.20000000,0.1869
1749265271,0.19790000,83.20000000,0.1869
1749265271,0.19800000,667.60000000,0.1869
1749265271,0.19810000,95.40000000,0.1869
1749265271,0.19830000,82.50000000,0.1869
1749265271,0.19840000,37.40000000,0.1869
1749265573,0.18710000,19117.20000000,0.1871
1749265573,0.18720000,63098.70000000,0.1871
1749265573,0.18730000,126850.00000000,0.1871
1749265573,0.18740000,240934.40000000,0.1871
1749265573,0.18750000,282657.50000000,0.1871
1749265573,0.18760000,71909.50000000,0.1871
1749265573,0.18770000,64389.80000000,0.1871
1749265573,0.18780000,43094.30000000,0.1871
1749265573,0.18790000,138235.70000000,0.1871
1749265573,0.18800000,93178.70000000,0.1871
1749265573,0.18810000,21218.40000000,0.1871
1749265573,0.18820000,9785.10000000,0.1871
1749265573,0.18830000,5605.30000000,0.1871
1749265573,0.18840000,9592.50000000,0.1871
1749265573,0.18850000,34206.80000000,0.1871
1749265573,0.18860000,11875.00000000,0.1871
1749265573,0.18870000,6436.90000000,0.1871
1749265573,0.18880000,6492.70000000,0.1871
1749265573,0.18890000,6207.80000000,0.1871
1749265573,0.18900000,6667.60000000,0.1871
1749265573,0.18910000,631.60000000,0.1871
1749265573,0.18920000,6492.60000000,0.1871
1749265573,0.18930000,574.90000000,0.1871
1749265573,0.18940000,6488.40000000,0.1871
1749265573,0.18950000,54.20000000,0.1871
1749265573,0.18960000,89.50000000,0.1871
1749265573,0.18970000,7001.90000000,0.1871
1749265573,0.18980000,91.60000000,0.1871
1749265573,0.18990000,341.80000000,0.1871
1749265573,0.19000000,17463.60000000,0.1871
1749265573,0.19010000,54.20000000,0.1871
1749265573,0.19020000,54.20000000,0.1871
1749265573,0.19030000,101.50000000,0.1871
1749265573,0.19040000,504.20000000,0.1871
1749265573,0.19050000,54.20000000,0.1871
1749265573,0.19060000,1623.80000000,0.1871
1749265573,0.19070000,80.60000000,0.1871
1749265573,0.19080000,54.20000000,0.1871
1749265573,0.19090000,1233.60000000,0.1871
1749265573,0.19100000,487.50000000,0.1871
1749265573,0.19110000,983.50000000,0.1871
1749265573,0.19120000,391.10000000,0.1871
1749265573,0.19130000,2910.50000000,0.1871
1749265573,0.19140000,828.70000000,0.1871
1749265573,0.19150000,164.60000000,0.1871
1749265573,0.19160000,54.40000000,0.1871
1749265573,0.19170000,54.40000000,0.1871
1749265573,0.19180000,841.50000000,0.1871
1749265573,0.19190000,341.90000000,0.1871
1749265573,0.19200000,54.30000000,0.1871
1749265573,0.19210000,954.20000000,0.1871
1749265573,0.19220000,2786.90000000,0.1871
1749265573,0.19230000,14318.70000000,0.1871
1749265573,0.19240000,5264.00000000,0.1871
1749265573,0.19250000,801.80000000,0.1871
1749265573,0.19260000,2171.90000000,0.1871
1749265573,0.19270000,96.70000000,0.1871
1749265573,0.19280000,220.00000000,0.1871
1749265573,0.19290000,54.00000000,0.1871
1749265573,0.19300000,954.00000000,0.1871
1749265573,0.19310000,54.00000000,0.1871
1749265573,0.19320000,53.90000000,0.1871
1749265573,0.19330000,53.90000000,0.1871
1749265573,0.19340000,53.90000000,0.1871
1749265573,0.19350000,53.80000000,0.1871
1749265573,0.19360000,53.80000000,0.1871
1749265573,0.19370000,2127.80000000,0.1871
1749265573,0.19380000,263.60000000,0.1871
1749265573,0.19390000,341.30000000,0.1871
1749265573,0.19400000,585.80000000,0.1871
1749265573,0.19410000,152.90000000,0.1871
1749265573,0.19420000,1403.60000000,0.1871
1749265573,0.19430000,130.60000000,0.1871
1749265573,0.19440000,135.80000000,0.1871
1749265573,0.19450000,8379.00000000,0.1871
1749265573,0.19460000,53.50000000,0.1871
1749265573,0.19470000,699.30000000,0.1871
1749265573,0.19500000,14838.70000000,0.1871
1749265573,0.19530000,2693.40000000,0.1871
1749265573,0.19550000,2771.00000000,0.1871
1749265573,0.19560000,1576.40000000,0.1871
1749265573,0.19570000,112.60000000,0.1871
1749265573,0.19580000,364.60000000,0.1871
1749265573,0.19600000,562.50000000,0.1871
1749265573,0.19610000,12819.90000000,0.1871
1749265573,0.19620000,1612.70000000,0.1871
1749265573,0.19630000,660.80000000,0.1871
1749265573,0.19660000,81.90000000,0.1871
1749265573,0.19690000,37.40000000,0.1871
1749265573,0.19700000,507.60000000,0.1871
1749265573,0.19720000,77.00000000,0.1871
1749265573,0.19750000,500.00000000,0.1871
1749265573,0.19770000,172.00000000,0.1871
1749265573,0.19780000,411.20000000,0.1871
1749265573,0.19790000,83.20000000,0.1871
1749265573,0.19800000,667.60000000,0.1871
1749265573,0.19810000,95.40000000,0.1871
1749265573,0.19830000,82.50000000,0.1871
1749265573,0.19840000,37.40000000,0.1871
1749265573,0.19850000,176.20000000,0.1871
1749265874,0.18750000,71294.00000000,0.1875
1749265874,0.18760000,70146.60000000,0.1875
1749265874,0.18770000,146750.80000000,0.1875
1749265874,0.18780000,198981.00000000,0.1875
1749265874,0.18790000,197681.50000000,0.1875
1749265874,0.18800000,118393.60000000,0.1875
1749265874,0.18810000,124360.90000000,0.1875
1749265874,0.18820000,37377.90000000,0.1875
1749265874,0.18830000,36255.90000000,0.1875
1749265874,0.18840000,93127.30000000,0.1875
1749265874,0.18850000,34841.50000000,0.1875
1749265874,0.18860000,9187.80000000,0.1875
1749265874,0.18870000,6147.00000000,0.1875
1749265874,0.18880000,6492.70000000,0.1875
1749265874,0.18890000,11559.60000000,0.1875
1749265874,0.18900000,6667.60000000,0.1875
1749265874,0.18910000,631.60000000,0.1875
1749265874,0.18920000,8116.60000000,0.1875
1749265874,0.18930000,1507.20000000,0.1875
1749265874,0.18940000,6618.80000000,0.1875
1749265874,0.18950000,94.30000000,0.1875
1749265874,0.18960000,6487.80000000,0.1875
1749265874,0.18970000,6750.60000000,0.1875
1749265874,0.18980000,91.60000000,0.1875
1749265874,0.18990000,592.70000000,0.1875
1749265874,0.19000000,17463.60000000,0.1875
1749265874,0.19010000,426.20000000,0.1875
1749265874,0.19020000,153.60000000,0.1875
1749265874,0.19030000,101.50000000,0.1875
1749265874,0.19040000,504.20000000,0.1875
1749265874,0.19050000,54.20000000,0.1875
1749265874,0.19060000,1623.80000000,0.1875
1749265874,0.19070000,80.60000000,0.1875
1749265874,0.19080000,54.20000000,0.1875
1749265874,0.19090000,1342.90000000,0.1875
1749265874,0.19100000,487.50000000,0.1875
1749265874,0.19110000,983.50000000,0.1875
1749265874,0.19120000,91.60000000,0.1875
1749265874,0.19130000,3209.50000000,0.1875
1749265874,0.19140000,828.70000000,0.1875
1749265874,0.19150000,164.60000000,0.1875
1749265874,0.19160000,54.40000000,0.1875
1749265874,0.19170000,54.40000000,0.1875
1749265874,0.19180000,841.50000000,0.1875
1749265874,0.19190000,341.90000000,0.1875
1749265874,0.19200000,54.30000000,0.1875
1749265874,0.19210000,954.20000000,0.1875
1749265874,0.19220000,2786.90000000,0.1875
1749265874,0.19230000,14318.70000000,0.1875
1749265874,0.19240000,54.20000000,0.1875
1749265874,0.19250000,801.80000000,0.1875
1749265874,0.19260000,918.40000000,0.1875
1749265874,0.19270000,96.70000000,0.1875
1749265874,0.19280000,220.00000000,0.1875
1749265874,0.19290000,5263.80000000,0.1875
1749265874,0.19300000,954.00000000,0.1875
1749265874,0.19310000,1307.50000000,0.1875
1749265874,0.19320000,53.90000000,0.1875
1749265874,0.19330000,53.90000000,0.1875
1749265874,0.19340000,53.90000000,0.1875
1749265874,0.19350000,53.80000000,0.1875
1749265874,0.19360000,53.80000000,0.1875
1749265874,0.19370000,2127.80000000,0.1875
1749265874,0.19380000,263.60000000,0.1875
1749265874,0.19390000,341.30000000,0.1875
1749265874,0.19400000,585.80000000,0.1875
1749265874,0.19410000,152.90000000,0.1875
1749265874,0.19420000,1403.60000000,0.1875
1749265874,0.19430000,130.60000000,0.1875
1749265874,0.19440000,135.80000000,0.1875
1749265874,0.19450000,8379.00000000,0.1875
1749265874,0.19460000,53.50000000,0.1875
1749265874,0.19470000,752.80000000,0.1875
1749265874,0.19480000,53.50000000,0.1875
1749265874,0.19490000,53.40000000,0.1875
1749265874,0.19500000,12186.40000000,0.1875
1749265874,0.19530000,2693.40000000,0.1875
1749265874,0.19550000,2771.00000000,0.1875
1749265874,0.19560000,1576.40000000,0.1875
1749265874,0.19570000,112.60000000,0.1875
1749265874,0.19580000,3072.90000000,0.1875
1749265874,0.19600000,562.50000000,0.1875
1749265874,0.19610000,7422.10000000,0.1875
1749265874,0.19620000,306.00000000,0.1875
1749265874,0.19630000,660.80000000,0.1875
1749265874,0.19660000,5479.70000000,0.1875
1749265874,0.19670000,1306.70000000,0.1875
1749265874,0.19690000,37.40000000,0.1875
1749265874,0.19700000,507.60000000,0.1875
1749265874,0.19720000,77.00000000,0.1875
1749265874,0.19750000,500.00000000,0.1875
1749265874,0.19770000,172.00000000,0.1875
1749265874,0.19780000,411.20000000,0.1875
1749265874,0.19790000,83.20000000,0.1875
1749265874,0.19800000,667.60000000,0.1875
1749265874,0.19810000,95.40000000,0.1875
1749265874,0.19830000,82.50000000,0.1875
1749265874,0.19840000,37.40000000,0.1875
1749265874,0.19850000,176.20000000,0.1875
1749265874,0.19860000,1318.60000000,0.1875
1749266176,0.18810000,48177.00000000,0.188
1749266176,0.18820000,123664.70000000,0.188
1749266176,0.18830000,110376.00000000,0.188
1749266176,0.18840000,147603.90000000,0.188
1749266176,0.18850000,218256.80000000,0.188
1749266176,0.18860000,130369.50000000,0.188
1749266176,0.18870000,124032.80000000,0.188
1749266176,0.18880000,107678.40000000,0.188
1749266176,0.18890000,35027.00000000,0.188
1749266176,0.18900000,22831.00000000,0.188
1749266176,0.18910000,34221.80000000,0.188
1749266176,0.18920000,10794.50000000,0.188
1749266176,0.18930000,6940.50000000,0.188
1749266176,0.18940000,6618.80000000,0.188
1749266176,0.18950000,11385.30000000,0.188
1749266176,0.18960000,6527.80000000,0.188
1749266176,0.18970000,708.40000000,0.188
1749266176,0.18980000,6529.90000000,0.188
1749266176,0.18990000,919.00000000,0.188
1749266176,0.19000000,23901.90000000,0.188
1749266176,0.19010000,466.10000000,0.188
1749266176,0.19020000,13241.90000000,0.188
1749266176,0.19030000,101.50000000,0.188
1749266176,0.19040000,504.20000000,0.188
1749266176,0.19050000,309.70000000,0.188
1749266176,0.19060000,1623.80000000,0.188
1749266176,0.19070000,80.60000000,0.188
1749266176,0.19080000,54.20000000,0.188
1749266176,0.19090000,304.40000000,0.188
1749266176,0.19100000,3152.80000000,0.188
1749266176,0.19110000,983.50000000,0.188
1749266176,0.19120000,91.60000000,0.188
1749266176,0.19130000,131.50000000,0.188
1749266176,0.19140000,1867.20000000,0.188
1749266176,0.19150000,164.60000000,0.188
1749266176,0.19160000,54.40000000,0.188
1749266176,0.19170000,54.40000000,0.188
1749266176,0.19180000,3620.50000000,0.188
1749266176,0.19190000,341.90000000,0.188
1749266176,0.19200000,54.30000000,0.188
1749266176,0.19210000,954.20000000,0.188
1749266176,0.19220000,352.20000000,0.188
1749266176,0.19230000,12244.70000000,0.188
1749266176,0.19240000,54.20000000,0.188
1749266176,0.19250000,54.10000000,0.188
1749266176,0.19260000,918.40000000,0.188
1749266176,0.19270000,2829.40000000,0.188
1749266176,0.19280000,220.00000000,0.188
1749266176,0.19290000,54.00000000,0.188
1749266176,0.19300000,1701.70000000,0.188
1749266176,0.19310000,2128.00000000,0.188
1749266176,0.19320000,53.90000000,0.188
1749266176,0.19330000,53.90000000,0.188
1749266176,0.19340000,5263.70000000,0.188
1749266176,0.19350000,53.80000000,0.188
1749266176,0.19360000,1307.30000000,0.188
1749266176,0.19370000,53.80000000,0.188
1749266176,0.19380000,263.60000000,0.188
1749266176,0.19390000,341.30000000,0.188
1749266176,0.19400000,585.80000000,0.188
1749266176,0.19410000,152.90000000,0.188
1749266176,0.19420000,1403.60000000,0.188
1749266176,0.19430000,130.60000000,0.188
1749266176,0.19440000,135.80000000,0.188
1749266176,0.19450000,8379.00000000,0.188
1749266176,0.19460000,53.50000000,0.188
1749266176,0.19470000,2826.80000000,0.188
1749266176,0.19480000,53.50000000,0.188
1749266176,0.19490000,53.40000000,0.188
1749266176,0.19500000,12186.40000000,0.188
1749266176,0.19510000,53.40000000,0.188
1749266176,0.19520000,53.40000000,0.188
1749266176,0.19530000,53.30000000,0.188
1749266176,0.19540000,53.30000000,0.188
1749266176,0.19550000,126.00000000,0.188
1749266176,0.19560000,1629.60000000,0.188
1749266176,0.19570000,112.60000000,0.188
1749266176,0.19580000,364.60000000,0.188
1749266176,0.19600000,562.50000000,0.188
1749266176,0.19610000,10058.10000000,0.188
1749266176,0.19620000,255.00000000,0.188
1749266176,0.19630000,3337.80000000,0.188
1749266176,0.19660000,2749.00000000,0.188
1749266176,0.19690000,37.40000000,0.188
1749266176,0.19700000,507.60000000,0.188
1749266176,0.19710000,5397.80000000,0.188
1749266176,0.19720000,1434.40000000,0.188
1749266176,0.19750000,500.00000000,0.188
1749266176,0.19770000,172.00000000,0.188
1749266176,0.19780000,411.20000000,0.188
1749266176,0.19790000,83.20000000,0.188
1749266176,0.19800000,667.60000000,0.188
1749266176,0.19810000,95.40000000,0.188
1749266176,0.19830000,82.50000000,0.188
1749266176,0.19840000,37.40000000,0.188
1749266176,0.19850000,176.20000000,0.188
1749266176,0.19860000,1318.60000000,0.188
1749266176,0.19870000,77.00000000,0.188
1749266176,0.19880000,885.50000000,0.188
1749266176,0.19890000,38.90000000,0.188
1749266477,0.18780000,26888.30000000,0.1878
1749266477,0.18790000,90190.40000000,0.1878
1749266477,0.18800000,113958.80000000,0.1878
1749266477,0.18810000,163726.10000000,0.1878
1749266477,0.18820000,136584.10000000,0.1878
1749266477,0.18830000,107447.70000000,0.1878
1749266477,0.18840000,71181.70000000,0.1878
1749266477,0.18850000,93327.00000000,0.1878
1749266477,0.18860000,144283.60000000,0.1878
1749266477,0.18870000,21065.30000000,0.1878
1749266477,0.18880000,98561.90000000,0.1878
1749266477,0.18890000,5710.60000000,0.1878
1749266477,0.18900000,10495.90000000,0.1878
1749266477,0.18910000,6080.00000000,0.1878
1749266477,0.18920000,8156.50000000,0.1878
1749266477,0.18930000,11818.70000000,0.1878
1749266477,0.18940000,6618.80000000,0.1878
1749266477,0.18950000,6064.80000000,0.1878
1749266477,0.18960000,6527.80000000,0.1878
1749266477,0.18970000,28850.20000000,0.1878
1749266477,0.18980000,6529.90000000,0.1878
1749266477,0.18990000,85950.60000000,0.1878
1749266477,0.19000000,23901.90000000,0.1878
1749266477,0.19010000,466.10000000,0.1878
1749266477,0.19020000,7028.90000000,0.1878
1749266477,0.19030000,101.50000000,0.1878
1749266477,0.19040000,6902.50000000,0.1878
1749266477,0.19050000,309.80000000,0.1878
1749266477,0.19060000,1623.80000000,0.1878
1749266477,0.19070000,6897.90000000,0.1878
1749266477,0.19080000,116.90000000,0.1878
1749266477,0.19090000,304.40000000,0.1878
1749266477,0.19100000,3152.80000000,0.1878
1749266477,0.19110000,983.50000000,0.1878
1749266477,0.19120000,91.60000000,0.1878
1749266477,0.19130000,131.50000000,0.1878
1749266477,0.19140000,828.70000000,0.1878
1749266477,0.19150000,164.60000000,0.1878
1749266477,0.19160000,54.40000000,0.1878
1749266477,0.19170000,54.40000000,0.1878
1749266477,0.19180000,841.50000000,0.1878
1749266477,0.19190000,1380.40000000,0.1878
1749266477,0.19200000,54.30000000,0.1878
1749266477,0.19210000,954.20000000,0.1878
1749266477,0.19220000,352.40000000,0.1878
1749266477,0.19230000,2833.20000000,0.1878
1749266477,0.19240000,54.20000000,0.1878
1749266477,0.19250000,54.10000000,0.1878
1749266477,0.19260000,918.40000000,0.1878
1749266477,0.19270000,96.70000000,0.1878
1749266477,0.19280000,220.00000000,0.1878
1749266477,0.19290000,54.00000000,0.1878
1749266477,0.19300000,954.00000000,0.1878
1749266477,0.19310000,2128.00000000,0.1878
1749266477,0.19320000,2786.60000000,0.1878
1749266477,0.19330000,12543.50000000,0.1878
1749266477,0.19340000,5263.70000000,0.1878
1749266477,0.19350000,801.50000000,0.1878
1749266477,0.19360000,1348.60000000,0.1878
1749266477,0.19370000,53.80000000,0.1878
1749266477,0.19380000,263.60000000,0.1878
1749266477,0.19390000,341.30000000,0.1878
1749266477,0.19400000,585.80000000,0.1878
1749266477,0.19410000,152.90000000,0.1878
1749266477,0.19420000,1403.60000000,0.1878
1749266477,0.19430000,130.60000000,0.1878
1749266477,0.19440000,135.80000000,0.1878
1749266477,0.19450000,8379.00000000,0.1878
1749266477,0.19460000,53.50000000,0.1878
1749266477,0.19470000,2826.80000000,0.1878
1749266477,0.19480000,53.50000000,0.1878
1749266477,0.19490000,53.40000000,0.1878
1749266477,0.19500000,12186.40000000,0.1878
1749266477,0.19510000,53.40000000,0.1878
1749266477,0.19520000,53.40000000,0.1878
1749266477,0.19530000,53.30000000,0.1878
1749266477,0.19550000,72.70000000,0.1878
1749266477,0.19560000,1576.40000000,0.1878
1749266477,0.19570000,112.60000000,0.1878
1749266477,0.19580000,364.60000000,0.1878
1749266477,0.19600000,562.50000000,0.1878
1749266477,0.19610000,10058.10000000,0.1878
1749266477,0.19620000,102.00000000,0.1878
1749266477,0.19630000,3337.80000000,0.1878
1749266477,0.19660000,2744.30000000,0.1878
1749266477,0.19690000,37.40000000,0.1878
1749266477,0.19700000,507.60000000,0.1878
1749266477,0.19710000,5397.80000000,0.1878
1749266477,0.19720000,1434.40000000,0.1878
1749266477,0.19740000,101.40000000,0.1878
1749266477,0.19750000,601.40000000,0.1878
1749266477,0.19770000,172.00000000,0.1878
1749266477,0.19780000,411.20000000,0.1878
1749266477,0.19790000,83.20000000,0.1878
1749266477,0.19800000,667.60000000,0.1878
1749266477,0.19810000,95.40000000,0.1878
1749266477,0.19830000,82.50000000,0.1878
1749266477,0.19840000,37.40000000,0.1878
1749266477,0.19850000,176.20000000,0.1878
1749266477,0.19860000,1318.60000000,0.1878
1749266779,0.18810000,35793.80000000,0.1881
1749266779,0.18820000,89043.50000000,0.1881
1749266779,0.18830000,130230.40000000,0.1881
1749266779,0.18840000,96545.90000000,0.1881
1749266779,0.18850000,198862.90000000,0.1881
1749266779,0.18860000,116241.00000000,0.1881
1749266779,0.18870000,20382.90000000,0.1881
1749266779,0.18880000,100072.40000000,0.1881
1749266779,0.18890000,36061.90000000,0.1881
1749266779,0.18900000,145405.00000000,0.1881
1749266779,0.18910000,21494.60000000,0.1881
1749266779,0.18920000,77054.70000000,0.1881
1749266779,0.18930000,6006.10000000,0.1881
1749266779,0.18940000,9343.70000000,0.1881
1749266779,0.18950000,6064.80000000,0.1881
1749266779,0.18960000,11848.30000000,0.1881
1749266779,0.18970000,34283.50000000,0.1881
1749266779,0.18980000,6529.90000000,0.1881
1749266779,0.18990000,85950.60000000,0.1881
1749266779,0.19000000,25525.90000000,0.1881
1749266779,0.19010000,1003.30000000,0.1881
1749266779,0.19020000,7028.90000000,0.1881
1749266779,0.19030000,141.40000000,0.1881
1749266779,0.19040000,6902.50000000,0.1881
1749266779,0.19050000,54.20000000,0.1881
1749266779,0.19060000,1623.80000000,0.1881
1749266779,0.19070000,6897.90000000,0.1881
1749266779,0.19080000,116.90000000,0.1881
1749266779,0.19090000,554.10000000,0.1881
1749266779,0.19100000,3152.80000000,0.1881
1749266779,0.19110000,983.50000000,0.1881
1749266779,0.19120000,91.60000000,0.1881
1749266779,0.19130000,131.50000000,0.1881
1749266779,0.19140000,828.70000000,0.1881
1749266779,0.19150000,164.60000000,0.1881
1749266779,0.19160000,54.40000000,0.1881
1749266779,0.19170000,54.40000000,0.1881
1749266779,0.19180000,841.50000000,0.1881
1749266779,0.19190000,1380.40000000,0.1881
1749266779,0.19200000,54.30000000,0.1881
1749266779,0.19210000,954.20000000,0.1881
1749266779,0.19220000,357.10000000,0.1881
1749266779,0.19230000,2833.20000000,0.1881
1749266779,0.19240000,54.20000000,0.1881
1749266779,0.19250000,54.10000000,0.1881
1749266779,0.19260000,918.40000000,0.1881
1749266779,0.19270000,96.70000000,0.1881
1749266779,0.19280000,220.00000000,0.1881
1749266779,0.19290000,54.00000000,0.1881
1749266779,0.19300000,954.00000000,0.1881
1749266779,0.19310000,2128.00000000,0.1881
1749266779,0.19320000,2786.60000000,0.1881
1749266779,0.19330000,12543.50000000,0.1881
1749266779,0.19340000,5263.70000000,0.1881
1749266779,0.19350000,801.50000000,0.1881
1749266779,0.19360000,1348.60000000,0.1881
1749266779,0.19370000,53.80000000,0.1881
1749266779,0.19380000,263.60000000,0.1881
1749266779,0.19390000,341.30000000,0.1881
1749266779,0.19400000,585.80000000,0.1881
1749266779,0.19410000,152.90000000,0.1881
1749266779,0.19420000,1403.60000000,0.1881
1749266779,0.19430000,130.60000000,0.1881
1749266779,0.19440000,135.80000000,0.1881
1749266779,0.19450000,8379.00000000,0.1881
1749266779,0.19460000,53.50000000,0.1881
1749266779,0.19470000,2826.80000000,0.1881
1749266779,0.19480000,53.50000000,0.1881
1749266779,0.19490000,53.40000000,0.1881
1749266779,0.19500000,12186.40000000,0.1881
1749266779,0.19510000,53.40000000,0.1881
1749266779,0.19520000,53.40000000,0.1881
1749266779,0.19530000,53.30000000,0.1881
1749266779,0.19540000,53.30000000,0.1881
1749266779,0.19550000,126.00000000,0.1881
1749266779,0.19560000,1629.60000000,0.1881
1749266779,0.19570000,112.60000000,0.1881
1749266779,0.19580000,364.60000000,0.1881
1749266779,0.19600000,562.50000000,0.1881
1749266779,0.19610000,10058.10000000,0.1881
1749266779,0.19620000,102.00000000,0.1881
1749266779,0.19630000,3337.80000000,0.1881
1749266779,0.19660000,2744.30000000,0.1881
1749266779,0.19690000,37.40000000,0.1881
1749266779,0.19700000,507.60000000,0.1881
1749266779,0.19710000,5397.80000000,0.1881
1749266779,0.19720000,1434.40000000,0.1881
1749266779,0.19740000,101.40000000,0.1881
1749266779,0.19750000,601.40000000,0.1881
1749266779,0.19770000,172.00000000,0.1881
1749266779,0.19780000,411.20000000,0.1881
1749266779,0.19790000,83.20000000,0.1881
1749266779,0.19800000,667.60000000,0.1881
1749266779,0.19810000,95.40000000,0.1881
1749266779,0.19830000,82.50000000,0.1881
1749266779,0.19840000,37.40000000,0.1881
1749266779,0.19850000,176.20000000,0.1881
1749266779,0.19860000,1318.60000000,0.1881
1749266779,0.19870000,77.00000000,0.1881
1749266779,0.19880000,885.50000000,0.1881
1749267080,0.18810000,37714.70000000,0.1881
1749267080,0.18820000,86740.60000000,0.1881
1749267080,0.18830000,132534.00000000,0.1881
1749267080,0.18840000,122417.60000000,0.1881
1749267080,0.18850000,225463.10000000,0.1881
1749267080,0.18860000,81701.00000000,0.1881
1749267080,0.18870000,20671.20000000,0.1881
1749267080,0.18880000,99857.30000000,0.1881
1749267080,0.18890000,137967.70000000,0.1881
1749267080,0.18900000,28687.80000000,0.1881
1749267080,0.18910000,21494.60000000,0.1881
1749267080,0.18920000,77054.70000000,0.1881
1749267080,0.18930000,6006.10000000,0.1881
1749267080,0.18940000,9343.70000000,0.1881
1749267080,0.18950000,11382.50000000,0.1881
1749267080,0.18960000,6527.80000000,0.1881
1749267080,0.18970000,34283.50000000,0.1881
1749267080,0.18980000,6529.90000000,0.1881
1749267080,0.18990000,86092.60000000,0.1881
1749267080,0.19000000,25525.90000000,0.1881
1749267080,0.19010000,1003.30000000,0.1881
1749267080,0.19020000,7028.90000000,0.1881
1749267080,0.19030000,141.40000000,0.1881
1749267080,0.19040000,6902.50000000,0.1881
1749267080,0.19050000,54.20000000,0.1881
1749267080,0.19060000,1623.80000000,0.1881
1749267080,0.19070000,6897.90000000,0.1881
1749267080,0.19080000,366.80000000,0.1881
1749267080,0.19090000,304.40000000,0.1881
1749267080,0.19100000,3152.80000000,0.1881
1749267080,0.19110000,983.50000000,0.1881
1749267080,0.19120000,91.60000000,0.1881
1749267080,0.19130000,131.50000000,0.1881
1749267080,0.19140000,828.70000000,0.1881
1749267080,0.19150000,164.60000000,0.1881
1749267080,0.19160000,54.40000000,0.1881
1749267080,0.19170000,54.40000000,0.1881
1749267080,0.19180000,841.50000000,0.1881
1749267080,0.19190000,1380.40000000,0.1881
1749267080,0.19200000,54.30000000,0.1881
1749267080,0.19210000,954.20000000,0.1881
1749267080,0.19220000,357.20000000,0.1881
1749267080,0.19230000,2833.20000000,0.1881
1749267080,0.19240000,54.20000000,0.1881
1749267080,0.19250000,54.10000000,0.1881
1749267080,0.19260000,918.40000000,0.1881
1749267080,0.19270000,96.70000000,0.1881
1749267080,0.19280000,220.00000000,0.1881
1749267080,0.19290000,54.00000000,0.1881
1749267080,0.19300000,954.00000000,0.1881
1749267080,0.19310000,2128.00000000,0.1881
1749267080,0.19320000,2786.60000000,0.1881
1749267080,0.19330000,12543.50000000,0.1881
1749267080,0.19340000,5263.70000000,0.1881
1749267080,0.19350000,801.50000000,0.1881
1749267080,0.19360000,1348.60000000,0.1881
1749267080,0.19370000,53.80000000,0.1881
1749267080,0.19380000,263.60000000,0.1881
1749267080,0.19390000,341.30000000,0.1881
1749267080,0.19400000,585.80000000,0.1881
1749267080,0.19410000,152.90000000,0.1881
1749267080,0.19420000,1403.60000000,0.1881
1749267080,0.19430000,130.60000000,0.1881
1749267080,0.19440000,135.80000000,0.1881
1749267080,0.19450000,8379.00000000,0.1881
1749267080,0.19460000,53.50000000,0.1881
1749267080,0.19470000,2826.80000000,0.1881
1749267080,0.19480000,53.50000000,0.1881
1749267080,0.19490000,53.40000000,0.1881
1749267080,0.19500000,12186.40000000,0.1881
1749267080,0.19510000,53.40000000,0.1881
1749267080,0.19520000,53.40000000,0.1881
1749267080,0.19530000,53.30000000,0.1881
1749267080,0.19540000,53.30000000,0.1881
1749267080,0.19550000,126.00000000,0.1881
1749267080,0.19560000,1629.60000000,0.1881
1749267080,0.19570000,112.60000000,0.1881
1749267080,0.19580000,364.60000000,0.1881
1749267080,0.19600000,562.50000000,0.1881
1749267080,0.19610000,10072.50000000,0.1881
1749267080,0.19620000,102.00000000,0.1881
1749267080,0.19630000,3337.80000000,0.1881
1749267080,0.19660000,2744.30000000,0.1881
1749267080,0.19690000,37.40000000,0.1881
1749267080,0.19700000,507.60000000,0.1881
1749267080,0.19710000,5397.80000000,0.1881
1749267080,0.19720000,1434.40000000,0.1881
1749267080,0.19740000,101.40000000,0.1881
1749267080,0.19750000,601.40000000,0.1881
1749267080,0.19770000,172.00000000,0.1881
1749267080,0.19780000,411.20000000,0.1881
1749267080,0.19790000,83.20000000,0.1881
1749267080,0.19800000,667.60000000,0.1881
1749267080,0.19810000,95.40000000,0.1881
1749267080,0.19830000,82.50000000,0.1881
1749267080,0.19840000,37.40000000,0.1881
1749267080,0.19850000,176.20000000,0.1881
1749267080,0.19860000,1318.60000000,0.1881
1749267080,0.19870000,77.00000000,0.1881
1749267080,0.19880000,885.50000000,0.1881
1749267382,0.18860000,7934.10000000,0.1885
1749267382,0.18870000,114742.80000000,0.1885
1749267382,0.18880000,76668.30000000,0.1885
1749267382,0.18890000,159307.60000000,0.1885
1749267382,0.18900000,92320.70000000,0.1885
1749267382,0.18910000,77703.30000000,0.1885
1749267382,0.18920000,113175.10000000,0.1885
1749267382,0.18930000,122826.00000000,0.1885
1749267382,0.18940000,21696.60000000,0.1885
1749267382,0.18950000,20981.20000000,0.1885
1749267382,0.18960000,6567.70000000,0.1885
1749267382,0.18970000,34917.90000000,0.1885
1749267382,0.18980000,14674.30000000,0.1885
1749267382,0.18990000,91922.70000000,0.1885
1749267382,0.19000000,30959.20000000,0.1885
1749267382,0.19010000,631.30000000,0.1885
1749267382,0.19020000,7028.90000000,0.1885
1749267382,0.19030000,678.60000000,0.1885
1749267382,0.19040000,6942.40000000,0.1885
1749267382,0.19050000,1026.40000000,0.1885
1749267382,0.19060000,8062.00000000,0.1885
1749267382,0.19070000,120.40000000,0.1885
1749267382,0.19080000,6515.20000000,0.1885
1749267382,0.19090000,304.40000000,0.1885
1749267382,0.19100000,3152.80000000,0.1885
1749267382,0.19110000,983.50000000,0.1885
1749267382,0.19120000,7123.40000000,0.1885
1749267382,0.19130000,503.50000000,0.1885
1749267382,0.19140000,828.70000000,0.1885
1749267382,0.19150000,164.60000000,0.1885
1749267382,0.19160000,54.40000000,0.1885
1749267382,0.19170000,54.40000000,0.1885
1749267382,0.19180000,841.50000000,0.1885
1749267382,0.19190000,1380.40000000,0.1885
1749267382,0.19200000,54.30000000,0.1885
1749267382,0.19210000,954.20000000,0.1885
1749267382,0.19220000,54.20000000,0.1885
1749267382,0.19230000,2833.20000000,0.1885
1749267382,0.19240000,54.20000000,0.1885
1749267382,0.19250000,54.10000000,0.1885
1749267382,0.19260000,918.40000000,0.1885
1749267382,0.19270000,96.70000000,0.1885
1749267382,0.19280000,220.00000000,0.1885
1749267382,0.19290000,54.00000000,0.1885
1749267382,0.19300000,1250.90000000,0.1885
1749267382,0.19310000,2128.00000000,0.1885
1749267382,0.19320000,2786.60000000,0.1885
1749267382,0.19330000,12543.50000000,0.1885
1749267382,0.19340000,53.90000000,0.1885
1749267382,0.19350000,801.50000000,0.1885
1749267382,0.19360000,1348.60000000,0.1885
1749267382,0.19370000,53.80000000,0.1885
1749267382,0.19380000,263.60000000,0.1885
1749267382,0.19390000,5551.10000000,0.1885
1749267382,0.19400000,585.80000000,0.1885
1749267382,0.19410000,152.90000000,0.1885
1749267382,0.19420000,1403.60000000,0.1885
1749267382,0.19430000,130.60000000,0.1885
1749267382,0.19440000,135.80000000,0.1885
1749267382,0.19450000,8379.00000000,0.1885
1749267382,0.19460000,53.50000000,0.1885
1749267382,0.19470000,2826.80000000,0.1885
1749267382,0.19480000,53.50000000,0.1885
1749267382,0.19490000,53.40000000,0.1885
1749267382,0.19500000,12186.40000000,0.1885
1749267382,0.19510000,53.40000000,0.1885
1749267382,0.19520000,53.40000000,0.1885
1749267382,0.19530000,53.30000000,0.1885
1749267382,0.19540000,53.30000000,0.1885
1749267382,0.19550000,126.00000000,0.1885
1749267382,0.19560000,1629.60000000,0.1885
1749267382,0.19570000,165.80000000,0.1885
1749267382,0.19580000,417.80000000,0.1885
1749267382,0.19590000,53.20000000,0.1885
1749267382,0.19600000,615.60000000,0.1885
1749267382,0.19610000,7475.20000000,0.1885
1749267382,0.19620000,102.00000000,0.1885
1749267382,0.19630000,660.80000000,0.1885
1749267382,0.19660000,2731.30000000,0.1885
1749267382,0.19690000,2728.10000000,0.1885
1749267382,0.19700000,507.60000000,0.1885
1749267382,0.19710000,8040.30000000,0.1885
1749267382,0.19720000,1434.40000000,0.1885
1749267382,0.19740000,101.40000000,0.1885
1749267382,0.19750000,601.40000000,0.1885
1749267382,0.19770000,172.00000000,0.1885
1749267382,0.19780000,411.20000000,0.1885
1749267382,0.19790000,83.20000000,0.1885
1749267382,0.19800000,667.60000000,0.1885
1749267382,0.19810000,95.40000000,0.1885
1749267382,0.19830000,82.50000000,0.1885
1749267382,0.19840000,37.40000000,0.1885
1749267382,0.19850000,176.20000000,0.1885
1749267382,0.19860000,1318.60000000,0.1885
1749267382,0.19870000,77.00000000,0.1885
1749267382,0.19880000,885.50000000,0.1885
1749267382,0.19890000,38.90000000,0.1885
1749267382,0.19930000,80.20000000,0.1885
1749267382,0.19950000,707.50000000,0.1885
1749267382,0.19960000,157.30000000,0.1885
1749267683,0.18880000,94450.00000000,0.1887
1749267683,0.18890000,82928.30000000,0.1887
1749267683,0.18900000,102850.50000000,0.1887
1749267683,0.18910000,150695.30000000,0.1887
1749267683,0.18920000,79474.10000000,0.1887
1749267683,0.18930000,18145.70000000,0.1887
1749267683,0.18940000,181696.30000000,0.1887
1749267683,0.18950000,20981.20000000,0.1887
