timestamp,price,volume,current_price
1749254524,0.18420000,62440.10000000,0.1842
1749254524,0.18430000,82992.80000000,0.1842
1749254524,0.18440000,174786.40000000,0.1842
1749254524,0.18450000,350834.20000000,0.1842
1749254524,0.18460000,204264.10000000,0.1842
1749254524,0.18470000,141962.40000000,0.1842
1749254524,0.18480000,47218.30000000,0.1842
1749254524,0.18490000,170921.40000000,0.1842
1749254524,0.18500000,107089.20000000,0.1842
1749254524,0.18510000,154538.10000000,0.1842
1749254524,0.18520000,35790.20000000,0.1842
1749254524,0.18530000,14591.00000000,0.1842
1749254524,0.18540000,18479.30000000,0.1842
1749254524,0.18550000,23969.40000000,0.1842
1749254524,0.18560000,13040.10000000,0.1842
1749254524,0.18570000,5568.80000000,0.1842
1749254524,0.18580000,19171.40000000,0.1842
1749254524,0.18590000,29142.60000000,0.1842
1749254524,0.18600000,14228.10000000,0.1842
1749254524,0.18610000,5528.10000000,0.1842
1749254524,0.18620000,7170.80000000,0.1842
1749254524,0.18630000,5528.10000000,0.1842
1749254524,0.18640000,6865.10000000,0.1842
1749254524,0.18650000,5528.10000000,0.1842
1749254524,0.18660000,6493.10000000,0.1842
1749254524,0.18670000,5528.10000000,0.1842
1749254524,0.18680000,70715.00000000,0.1842
1749254524,0.18690000,12611.90000000,0.1842
1749254524,0.18700000,6493.00000000,0.1842
1749254524,0.18710000,94.70000000,0.1842
1749254524,0.18720000,6633.90000000,0.1842
1749254524,0.18730000,94.70000000,0.1842
1749254524,0.18740000,6492.90000000,0.1842
1749254524,0.18750000,94.60000000,0.1842
1749254524,0.18760000,6452.40000000,0.1842
1749254524,0.18770000,54.10000000,0.1842
1749254524,0.18780000,54.10000000,0.1842
1749254524,0.18790000,341.70000000,0.1842
1749254524,0.18800000,54.20000000,0.1842
1749254524,0.18810000,175.10000000,0.1842
1749254524,0.18820000,131.20000000,0.1842
1749254524,0.18830000,1130.10000000,0.1842
1749254524,0.18840000,1166.60000000,0.1842
1749254524,0.18850000,54.20000000,0.1842
1749254524,0.18860000,388.50000000,0.1842
1749254524,0.18870000,2833.20000000,0.1842
1749254524,0.18880000,54.20000000,0.1842
1749254524,0.18890000,54.20000000,0.1842
1749254524,0.18900000,976.80000000,0.1842
1749254524,0.18910000,54.20000000,0.1842
1749254524,0.18920000,54.20000000,0.1842
1749254524,0.18930000,97.70000000,0.1842
1749254524,0.18940000,14625.10000000,0.1842
1749254524,0.18950000,54.20000000,0.1842
1749254524,0.18960000,2822.20000000,0.1842
1749254524,0.18970000,131.20000000,0.1842
1749254524,0.18980000,5301.40000000,0.1842
1749254524,0.18990000,1595.30000000,0.1842
1749254524,0.19000000,2212.20000000,0.1842
1749254524,0.19010000,54.20000000,0.1842
1749254524,0.19020000,54.20000000,0.1842
1749254524,0.19030000,54.20000000,0.1842
1749254524,0.19040000,504.20000000,0.1842
1749254524,0.19050000,2128.20000000,0.1842
1749254524,0.19060000,1655.30000000,0.1842
1749254524,0.19070000,80.60000000,0.1842
1749254524,0.19080000,54.20000000,0.1842
1749254524,0.19090000,195.10000000,0.1842
1749254524,0.19100000,487.50000000,0.1842
1749254524,0.19110000,1020.10000000,0.1842
1749254524,0.19120000,91.60000000,0.1842
1749254524,0.19130000,131.50000000,0.1842
1749254524,0.19140000,828.70000000,0.1842
1749254524,0.19150000,164.60000000,0.1842
1749254524,0.19160000,96.20000000,0.1842
1749254524,0.19170000,54.40000000,0.1842
1749254524,0.19180000,787.20000000,0.1842
1749254524,0.19190000,287.60000000,0.1842
1749254524,0.19210000,946.90000000,0.1842
1749254524,0.19250000,41.60000000,0.1842
1749254524,0.19260000,864.30000000,0.1842
1749254524,0.19270000,42.70000000,0.1842
1749254524,0.19280000,166.00000000,0.1842
1749254524,0.19300000,900.00000000,0.1842
1749254524,0.19330000,88.00000000,0.1842
1749254524,0.19360000,5449.50000000,0.1842
1749254524,0.19370000,1409.90000000,0.1842
1749254524,0.19380000,313.00000000,0.1842
1749254524,0.19390000,287.60000000,0.1842
1749254524,0.19400000,532.10000000,0.1842
1749254524,0.19410000,37.40000000,0.1842
1749254524,0.19420000,1350.00000000,0.1842
1749254524,0.19430000,77.00000000,0.1842
1749254524,0.19440000,133.60000000,0.1842
1749254524,0.19450000,8325.40000000,0.1842
1749254524,0.19470000,3381.70000000,0.1842
1749254524,0.19490000,41.00000000,0.1842
1749254524,0.19500000,9488.90000000,0.1842
1749254524,0.19510000,5368.00000000,0.1842
1749254524,0.19530000,2779.30000000,0.1842
1749254830,0.18420000,13263.50000000,0.1841
1749254830,0.18430000,112509.10000000,0.1841
1749254830,0.18440000,253125.10000000,0.1841
1749254830,0.18450000,224801.20000000,0.1841
1749254830,0.18460000,158643.60000000,0.1841
1749254830,0.18470000,73164.40000000,0.1841
1749254830,0.18480000,47080.80000000,0.1841
1749254830,0.18490000,171514.70000000,0.1841
1749254830,0.18500000,106468.10000000,0.1841
1749254830,0.18510000,154538.10000000,0.1841
1749254830,0.18520000,35654.60000000,0.1841
1749254830,0.18530000,14593.30000000,0.1841
1749254830,0.18540000,18343.70000000,0.1841
1749254830,0.18550000,23969.40000000,0.1841
1749254830,0.18560000,12904.50000000,0.1841
1749254830,0.18570000,5568.80000000,0.1841
1749254830,0.18580000,19035.80000000,0.1841
1749254830,0.18590000,29142.60000000,0.1841
1749254830,0.18600000,14092.50000000,0.1841
1749254830,0.18610000,5528.10000000,0.1841
1749254830,0.18620000,7035.20000000,0.1841
1749254830,0.18630000,5528.10000000,0.1841
1749254830,0.18640000,6865.10000000,0.1841
1749254830,0.18650000,5528.10000000,0.1841
1749254830,0.18660000,6493.10000000,0.1841
1749254830,0.18670000,5528.10000000,0.1841
1749254830,0.18680000,70715.00000000,0.1841
1749254830,0.18690000,12362.30000000,0.1841
1749254830,0.18700000,6742.60000000,0.1841
1749254830,0.18710000,94.70000000,0.1841
1749254830,0.18720000,6633.90000000,0.1841
1749254830,0.18730000,94.70000000,0.1841
1749254830,0.18740000,6492.90000000,0.1841
1749254830,0.18750000,94.60000000,0.1841
1749254830,0.18760000,6452.40000000,0.1841
1749254830,0.18770000,54.10000000,0.1841
1749254830,0.18780000,54.10000000,0.1841
1749254830,0.18790000,341.70000000,0.1841
1749254830,0.18800000,54.20000000,0.1841
1749254830,0.18810000,175.10000000,0.1841
1749254830,0.18820000,131.20000000,0.1841
1749254830,0.18830000,1130.10000000,0.1841
1749254830,0.18840000,1166.60000000,0.1841
1749254830,0.18850000,54.20000000,0.1841
1749254830,0.18860000,388.50000000,0.1841
1749254830,0.18870000,2833.20000000,0.1841
1749254830,0.18880000,54.20000000,0.1841
1749254830,0.18890000,54.20000000,0.1841
1749254830,0.18900000,976.80000000,0.1841
1749254830,0.18910000,54.20000000,0.1841
1749254830,0.18920000,54.20000000,0.1841
1749254830,0.18930000,97.70000000,0.1841
1749254830,0.18940000,14625.10000000,0.1841
1749254830,0.18950000,54.20000000,0.1841
1749254830,0.18960000,2822.20000000,0.1841
1749254830,0.18970000,131.20000000,0.1841
1749254830,0.18980000,5301.40000000,0.1841
1749254830,0.18990000,1595.30000000,0.1841
1749254830,0.19000000,2212.20000000,0.1841
1749254830,0.19010000,54.20000000,0.1841
1749254830,0.19020000,54.20000000,0.1841
1749254830,0.19030000,54.20000000,0.1841
1749254830,0.19040000,504.20000000,0.1841
1749254830,0.19050000,2128.20000000,0.1841
1749254830,0.19060000,1655.30000000,0.1841
1749254830,0.19070000,80.60000000,0.1841
1749254830,0.19080000,54.20000000,0.1841
1749254830,0.19090000,195.10000000,0.1841
1749254830,0.19100000,487.50000000,0.1841
1749254830,0.19110000,1020.10000000,0.1841
1749254830,0.19120000,91.60000000,0.1841
1749254830,0.19130000,131.50000000,0.1841
1749254830,0.19140000,828.70000000,0.1841
1749254830,0.19150000,164.60000000,0.1841
1749254830,0.19160000,96.20000000,0.1841
1749254830,0.19170000,54.40000000,0.1841
1749254830,0.19180000,787.20000000,0.1841
1749254830,0.19190000,287.60000000,0.1841
1749254830,0.19210000,946.90000000,0.1841
1749254830,0.19250000,41.60000000,0.1841
1749254830,0.19260000,864.30000000,0.1841
1749254830,0.19270000,42.70000000,0.1841
1749254830,0.19280000,166.00000000,0.1841
1749254830,0.19300000,900.00000000,0.1841
1749254830,0.19330000,88.00000000,0.1841
1749254830,0.19360000,5449.50000000,0.1841
1749254830,0.19370000,1409.90000000,0.1841
1749254830,0.19380000,313.00000000,0.1841
1749254830,0.19390000,287.60000000,0.1841
1749254830,0.19400000,532.10000000,0.1841
1749254830,0.19410000,37.40000000,0.1841
1749254830,0.19420000,1350.00000000,0.1841
1749254830,0.19430000,77.00000000,0.1841
1749254830,0.19440000,133.60000000,0.1841
1749254830,0.19450000,8325.40000000,0.1841
1749254830,0.19470000,3422.10000000,0.1841
1749254830,0.19490000,41.00000000,0.1841
1749254830,0.19500000,9488.90000000,0.1841
1749254830,0.19510000,5368.00000000,0.1841
1749254830,0.19530000,2779.30000000,0.1841
