timestamp,price,volume,current_price
1749258448,0.47270000,55.00000000,0.4729
1749258448,0.47280000,612.00000000,0.4729
1749258448,0.47290000,720.00000000,0.4729
1749258448,0.47300000,532.00000000,0.4729
1749258448,0.47310000,868.00000000,0.4729
1749258448,0.47320000,2245.00000000,0.4729
1749258448,0.47330000,1725.00000000,0.4729
1749258448,0.47340000,328.00000000,0.4729
1749258448,0.47350000,946.00000000,0.4729
1749258448,0.47360000,3697.00000000,0.4729
1749258448,0.47370000,1572.00000000,0.4729
1749258448,0.47380000,1465.00000000,0.4729
1749258448,0.47390000,3697.00000000,0.4729
1749258448,0.47400000,1298.00000000,0.4729
1749258448,0.47410000,5259.00000000,0.4729
1749258448,0.47420000,180.00000000,0.4729
1749258448,0.47430000,273.00000000,0.4729
1749258448,0.47440000,221.00000000,0.4729
1749258448,0.47460000,273.00000000,0.4729
1749258448,0.47480000,220.00000000,0.4729
1749258448,0.47490000,53.00000000,0.4729
1749258448,0.47500000,232.00000000,0.4729
1749258448,0.47510000,1333.00000000,0.4729
1749258448,0.47520000,272.00000000,0.4729
1749258448,0.47540000,220.00000000,0.4729
1749258448,0.47550000,52.00000000,0.4729
1749258448,0.47560000,558.00000000,0.4729
1749258448,0.47580000,52.00000000,0.4729
1749258448,0.47590000,238.00000000,0.4729
1749258448,0.47600000,220.00000000,0.4729
1749258448,0.47610000,3146.00000000,0.4729
1749258448,0.47620000,220.00000000,0.4729
1749258448,0.47640000,1526.00000000,0.4729
1749258448,0.47660000,32.00000000,0.4729
1749258448,0.47670000,220.00000000,0.4729
1749258448,0.47680000,963.00000000,0.4729
1749258448,0.47690000,32798.00000000,0.4729
1749258448,0.47710000,284.00000000,0.4729
1749258448,0.47750000,449.00000000,0.4729
1749258448,0.47760000,12.00000000,0.4729
1749258448,0.47780000,2444.00000000,0.4729
1749258448,0.47810000,163.00000000,0.4729
1749258448,0.47830000,776.00000000,0.4729
1749258448,0.47840000,483.00000000,0.4729
1749258448,0.47880000,15.00000000,0.4729
1749258448,0.47930000,90456.00000000,0.4729
1749258448,0.47940000,65.00000000,0.4729
1749258448,0.47990000,30.00000000,0.4729
1749258448,0.48000000,12.00000000,0.4729
1749258448,0.48020000,688.00000000,0.4729
1749258448,0.48040000,838.00000000,0.4729
1749258448,0.48050000,2394.00000000,0.4729
1749258448,0.48070000,83.00000000,0.4729
1749258448,0.48110000,1516.00000000,0.4729
1749258448,0.48180000,91844.00000000,0.4729
1749258448,0.48200000,65.00000000,0.4729
1749258448,0.48210000,1000.00000000,0.4729
1749258448,0.48250000,946.00000000,0.4729
1749258448,0.48270000,31.00000000,0.4729
1749258448,0.48280000,21.00000000,0.4729
1749258448,0.48300000,961.00000000,0.4729
1749258448,0.48410000,292.00000000,0.4729
1749258448,0.48440000,1031.00000000,0.4729
1749258448,0.48460000,65.00000000,0.4729
1749258448,0.48470000,510.00000000,0.4729
1749258448,0.48480000,345.00000000,0.4729
1749258448,0.48500000,97.00000000,0.4729
1749258448,0.48520000,3313.00000000,0.4729
1749258448,0.48530000,1705.00000000,0.4729
1749258448,0.48550000,2111.00000000,0.4729
1749258448,0.48600000,1181.00000000,0.4729
1749258448,0.48630000,289.00000000,0.4729
1749258448,0.48650000,17.00000000,0.4729
1749258448,0.48670000,470.00000000,0.4729
1749258448,0.48680000,33.00000000,0.4729
1749258448,0.48720000,65.00000000,0.4729
1749258448,0.48750000,11.00000000,0.4729
1749258448,0.48760000,83.00000000,0.4729
1749258448,0.48770000,35.00000000,0.4729
1749258448,0.48890000,13.00000000,0.4729
1749258448,0.48920000,18.00000000,0.4729
1749258448,0.48950000,2511.00000000,0.4729
1749258448,0.48960000,2116.00000000,0.4729
1749258448,0.48980000,65.00000000,0.4729
1749258448,0.48990000,1000.00000000,0.4729
1749258448,0.49000000,4160.00000000,0.4729
1749258448,0.49030000,248.00000000,0.4729
1749258448,0.49040000,33.00000000,0.4729
1749258448,0.49070000,2645.00000000,0.4729
1749258448,0.49130000,72.00000000,0.4729
1749258448,0.49200000,176.00000000,0.4729
1749258448,0.49230000,38.00000000,0.4729
1749258448,0.49250000,65.00000000,0.4729
1749258448,0.49300000,14.00000000,0.4729
1749258448,0.49400000,79.00000000,0.4729
1749258448,0.49470000,83.00000000,0.4729
1749258448,0.49480000,19.00000000,0.4729
1749258448,0.49500000,12.00000000,0.4729
1749258448,0.49510000,65.00000000,0.4729
1749258448,0.49590000,18.00000000,0.4729
1749258805,0.47350000,300.00000000,0.4733
1749258805,0.47360000,224.00000000,0.4733
1749258805,0.47370000,463.00000000,0.4733
1749258805,0.47380000,1995.00000000,0.4733
1749258805,0.47390000,7337.00000000,0.4733
1749258805,0.47400000,2861.00000000,0.4733
1749258805,0.47410000,398.00000000,0.4733
1749258805,0.47420000,1867.00000000,0.4733
1749258805,0.47430000,6255.00000000,0.4733
1749258805,0.47440000,812.00000000,0.4733
1749258805,0.47450000,178.00000000,0.4733
1749258805,0.47460000,396.00000000,0.4733
1749258805,0.47480000,1333.00000000,0.4733
1749258805,0.47500000,232.00000000,0.4733
1749258805,0.47520000,272.00000000,0.4733
1749258805,0.47530000,338.00000000,0.4733
1749258805,0.47540000,220.00000000,0.4733
1749258805,0.47560000,1581.00000000,0.4733
1749258805,0.47590000,238.00000000,0.4733
1749258805,0.47600000,272.00000000,0.4733
1749258805,0.47610000,3146.00000000,0.4733
1749258805,0.47620000,220.00000000,0.4733
1749258805,0.47640000,3526.00000000,0.4733
1749258805,0.47660000,32.00000000,0.4733
1749258805,0.47670000,220.00000000,0.4733
1749258805,0.47680000,1015.00000000,0.4733
1749258805,0.47690000,219.00000000,0.4733
1749258805,0.47710000,93.00000000,0.4733
1749258805,0.47760000,64.00000000,0.4733
1749258805,0.47780000,35808.00000000,0.4733
1749258805,0.47810000,163.00000000,0.4733
1749258805,0.47830000,776.00000000,0.4733
1749258805,0.47840000,535.00000000,0.4733
1749258805,0.47860000,448.00000000,0.4733
1749258805,0.47880000,15.00000000,0.4733
1749258805,0.47920000,52.00000000,0.4733
1749258805,0.47930000,407.00000000,0.4733
1749258805,0.47940000,65.00000000,0.4733
1749258805,0.47990000,1030.00000000,0.4733
1749258805,0.48000000,64.00000000,0.4733
1749258805,0.48020000,92634.00000000,0.4733
1749258805,0.48040000,838.00000000,0.4733
1749258805,0.48050000,2394.00000000,0.4733
1749258805,0.48070000,83.00000000,0.4733
1749258805,0.48080000,52.00000000,0.4733
1749258805,0.48110000,1516.00000000,0.4733
1749258805,0.48160000,52.00000000,0.4733
1749258805,0.48200000,65.00000000,0.4733
1749258805,0.48220000,312.00000000,0.4733
1749258805,0.48250000,946.00000000,0.4733
1749258805,0.48260000,90100.00000000,0.4733
1749258805,0.48270000,31.00000000,0.4733
1749258805,0.48280000,21.00000000,0.4733
1749258805,0.48300000,961.00000000,0.4733
1749258805,0.48410000,292.00000000,0.4733
1749258805,0.48460000,65.00000000,0.4733
1749258805,0.48480000,345.00000000,0.4733
1749258805,0.48500000,97.00000000,0.4733
1749258805,0.48510000,1031.00000000,0.4733
1749258805,0.48520000,3823.00000000,0.4733
1749258805,0.48550000,2111.00000000,0.4733
1749258805,0.48600000,1181.00000000,0.4733
1749258805,0.48620000,1705.00000000,0.4733
1749258805,0.48650000,17.00000000,0.4733
1749258805,0.48670000,759.00000000,0.4733
1749258805,0.48680000,33.00000000,0.4733
1749258805,0.48720000,65.00000000,0.4733
1749258805,0.48750000,11.00000000,0.4733
1749258805,0.48760000,83.00000000,0.4733
1749258805,0.48770000,35.00000000,0.4733
1749258805,0.48890000,13.00000000,0.4733
1749258805,0.48920000,18.00000000,0.4733
1749258805,0.48950000,2511.00000000,0.4733
1749258805,0.48960000,2116.00000000,0.4733
1749258805,0.48980000,65.00000000,0.4733
1749258805,0.48990000,1000.00000000,0.4733
1749258805,0.49000000,4160.00000000,0.4733
1749258805,0.49040000,33.00000000,0.4733
1749258805,0.49070000,2645.00000000,0.4733
1749258805,0.49090000,248.00000000,0.4733
1749258805,0.49130000,72.00000000,0.4733
1749258805,0.49200000,176.00000000,0.4733
1749258805,0.49230000,38.00000000,0.4733
1749258805,0.49250000,65.00000000,0.4733
1749258805,0.49300000,14.00000000,0.4733
1749258805,0.49400000,79.00000000,0.4733
1749258805,0.49470000,83.00000000,0.4733
1749258805,0.49480000,19.00000000,0.4733
1749258805,0.49500000,12.00000000,0.4733
1749258805,0.49510000,65.00000000,0.4733
1749258805,0.49590000,18.00000000,0.4733
1749258805,0.49690000,4225.00000000,0.4733
1749258805,0.49770000,14.00000000,0.4733
1749258805,0.49780000,65.00000000,0.4733
1749258805,0.49800000,34.00000000,0.4733
1749258805,0.49810000,64769.00000000,0.4733
1749258805,0.49870000,13.00000000,0.4733
1749258805,0.49910000,40.00000000,0.4733
1749258805,0.49970000,11.00000000,0.4733
1749258805,0.49990000,1000.00000000,0.4733
1749259107,0.47570000,396.00000000,0.4757
1749259107,0.47580000,108.00000000,0.4757
1749259107,0.47590000,585.00000000,0.4757
1749259107,0.47600000,1124.00000000,0.4757
1749259107,0.47610000,6343.00000000,0.4757
1749259107,0.47620000,220.00000000,0.4757
1749259107,0.47640000,220.00000000,0.4757
1749259107,0.47650000,4728.00000000,0.4757
1749259107,0.47660000,1833.00000000,0.4757
1749259107,0.47670000,4071.00000000,0.4757
1749259107,0.47680000,117.00000000,0.4757
1749259107,0.47690000,219.00000000,0.4757
1749259107,0.47700000,580.00000000,0.4757
1749259107,0.47710000,219.00000000,0.4757
1749259107,0.47720000,755.00000000,0.4757
1749259107,0.47740000,740.00000000,0.4757
1749259107,0.47760000,283.00000000,0.4757
1749259107,0.47790000,557.00000000,0.4757
1749259107,0.47800000,219.00000000,0.4757
1749259107,0.47830000,2416.00000000,0.4757
1749259107,0.47840000,535.00000000,0.4757
1749259107,0.47850000,219.00000000,0.4757
1749259107,0.47860000,666.00000000,0.4757
1749259107,0.47870000,2000.00000000,0.4757
1749259107,0.47880000,15.00000000,0.4757
1749259107,0.47890000,218.00000000,0.4757
1749259107,0.47900000,898.00000000,0.4757
1749259107,0.47910000,218.00000000,0.4757
1749259107,0.47920000,1575.00000000,0.4757
1749259107,0.47930000,407.00000000,0.4757
1749259107,0.47940000,65.00000000,0.4757
1749259107,0.47990000,34335.00000000,0.4757
1749259107,0.48000000,64.00000000,0.4757
1749259107,0.48020000,48.00000000,0.4757
1749259107,0.48070000,83.00000000,0.4757
1749259107,0.48080000,52.00000000,0.4757
1749259107,0.48090000,2456.00000000,0.4757
1749259107,0.48110000,1516.00000000,0.4757
1749259107,0.48160000,52.00000000,0.4757
1749259107,0.48170000,838.00000000,0.4757
1749259107,0.48200000,65.00000000,0.4757
1749259107,0.48220000,312.00000000,0.4757
1749259107,0.48230000,88877.00000000,0.4757
1749259107,0.48240000,2442.00000000,0.4757
1749259107,0.48250000,18.00000000,0.4757
1749259107,0.48270000,671.00000000,0.4757
1749259107,0.48280000,21.00000000,0.4757
1749259107,0.48320000,52.00000000,0.4757
1749259107,0.48380000,928.00000000,0.4757
1749259107,0.48400000,52.00000000,0.4757
1749259107,0.48410000,292.00000000,0.4757
1749259107,0.48430000,961.00000000,0.4757
1749259107,0.48460000,65.00000000,0.4757
1749259107,0.48490000,90339.00000000,0.4757
1749259107,0.48500000,97.00000000,0.4757
1749259107,0.48510000,1031.00000000,0.4757
1749259107,0.48520000,2332.00000000,0.4757
1749259107,0.48620000,1705.00000000,0.4757
1749259107,0.48650000,362.00000000,0.4757
1749259107,0.48670000,759.00000000,0.4757
1749259107,0.48680000,537.00000000,0.4757
1749259107,0.48700000,987.00000000,0.4757
1749259107,0.48710000,2111.00000000,0.4757
1749259107,0.48720000,65.00000000,0.4757
1749259107,0.48750000,11.00000000,0.4757
1749259107,0.48760000,83.00000000,0.4757
1749259107,0.48770000,35.00000000,0.4757
1749259107,0.48870000,1181.00000000,0.4757
1749259107,0.48890000,13.00000000,0.4757
1749259107,0.48920000,18.00000000,0.4757
1749259107,0.48950000,2511.00000000,0.4757
1749259107,0.48980000,65.00000000,0.4757
1749259107,0.48990000,1000.00000000,0.4757
1749259107,0.49000000,4160.00000000,0.4757
1749259107,0.49040000,33.00000000,0.4757
1749259107,0.49070000,2645.00000000,0.4757
1749259107,0.49090000,248.00000000,0.4757
1749259107,0.49200000,176.00000000,0.4757
1749259107,0.49220000,2116.00000000,0.4757
1749259107,0.49230000,38.00000000,0.4757
1749259107,0.49250000,65.00000000,0.4757
1749259107,0.49300000,14.00000000,0.4757
1749259107,0.49390000,72.00000000,0.4757
1749259107,0.49400000,79.00000000,0.4757
1749259107,0.49470000,83.00000000,0.4757
1749259107,0.49480000,19.00000000,0.4757
1749259107,0.49500000,12.00000000,0.4757
1749259107,0.49510000,65.00000000,0.4757
1749259107,0.49590000,18.00000000,0.4757
1749259107,0.49690000,4225.00000000,0.4757
1749259107,0.49770000,14.00000000,0.4757
1749259107,0.49780000,65.00000000,0.4757
1749259107,0.49800000,34.00000000,0.4757
1749259107,0.49810000,64769.00000000,0.4757
1749259107,0.49870000,13.00000000,0.4757
1749259107,0.49910000,40.00000000,0.4757
1749259107,0.49970000,11.00000000,0.4757
1749259107,0.49990000,1000.00000000,0.4757
1749259107,0.50000000,238.00000000,0.4757
1749259107,0.50030000,274.00000000,0.4757
