timestamp,price,volume,current_price
1749260835,0.47220000,517.00000000,0.4719
1749260835,0.47230000,474.00000000,0.4719
1749260835,0.47240000,692.00000000,0.4719
1749260835,0.47250000,174.00000000,0.4719
1749260835,0.47260000,1483.00000000,0.4719
1749260835,0.47270000,4717.00000000,0.4719
1749260835,0.47280000,3695.00000000,0.4719
1749260835,0.47290000,5866.00000000,0.4719
1749260835,0.47300000,1136.00000000,0.4719
1749260835,0.47310000,2473.00000000,0.4719
1749260835,0.47320000,392.00000000,0.4719
1749260835,0.47330000,4601.00000000,0.4719
1749260835,0.47340000,176.00000000,0.4719
1749260835,0.47350000,800.00000000,0.4719
1749260835,0.47360000,740.00000000,0.4719
1749260835,0.47370000,113.00000000,0.4719
1749260835,0.47380000,219.00000000,0.4719
1749260835,0.47410000,219.00000000,0.4719
1749260835,0.47420000,65.00000000,0.4719
1749260835,0.47430000,219.00000000,0.4719
1749260835,0.47440000,557.00000000,0.4719
1749260835,0.47450000,1326.00000000,0.4719
1749260835,0.47460000,219.00000000,0.4719
1749260835,0.47490000,219.00000000,0.4719
1749260835,0.47500000,671.00000000,0.4719
1749260835,0.47520000,121.00000000,0.4719
1749260835,0.47530000,220.00000000,0.4719
1749260835,0.47540000,898.00000000,0.4719
1749260835,0.47590000,3389.00000000,0.4719
1749260835,0.47610000,3146.00000000,0.4719
1749260835,0.47620000,163.00000000,0.4719
1749260835,0.47630000,33434.00000000,0.4719
1749260835,0.47670000,32.00000000,0.4719
1749260835,0.47680000,2534.00000000,0.4719
1749260835,0.47690000,487.00000000,0.4719
1749260835,0.47760000,143.00000000,0.4719
1749260835,0.47830000,776.00000000,0.4719
1749260835,0.47870000,90474.00000000,0.4719
1749260835,0.47880000,853.00000000,0.4719
1749260835,0.47920000,3083.00000000,0.4719
1749260835,0.47930000,13.00000000,0.4719
1749260835,0.47940000,65.00000000,0.4719
1749260835,0.47990000,1030.00000000,0.4719
1749260835,0.48000000,12.00000000,0.4719
1749260835,0.48020000,48.00000000,0.4719
1749260835,0.48070000,83.00000000,0.4719
1749260835,0.48080000,191.00000000,0.4719
1749260835,0.48090000,92080.00000000,0.4719
1749260835,0.48110000,1516.00000000,0.4719
1749260835,0.48120000,928.00000000,0.4719
1749260835,0.48160000,961.00000000,0.4719
1749260835,0.48200000,65.00000000,0.4719
1749260835,0.48250000,18.00000000,0.4719
1749260835,0.48270000,31.00000000,0.4719
1749260835,0.48280000,21.00000000,0.4719
1749260835,0.48290000,1031.00000000,0.4719
1749260835,0.48320000,510.00000000,0.4719
1749260835,0.48370000,345.00000000,0.4719
1749260835,0.48390000,2209.00000000,0.4719
1749260835,0.48410000,292.00000000,0.4719
1749260835,0.48420000,987.00000000,0.4719
1749260835,0.48430000,2111.00000000,0.4719
1749260835,0.48440000,1822.00000000,0.4719
1749260835,0.48460000,65.00000000,0.4719
1749260835,0.48470000,289.00000000,0.4719
1749260835,0.48500000,97.00000000,0.4719
1749260835,0.48590000,1181.00000000,0.4719
1749260835,0.48650000,17.00000000,0.4719
1749260835,0.48670000,470.00000000,0.4719
1749260835,0.48680000,33.00000000,0.4719
1749260835,0.48720000,65.00000000,0.4719
1749260835,0.48750000,11.00000000,0.4719
1749260835,0.48760000,83.00000000,0.4719
1749260835,0.48770000,35.00000000,0.4719
1749260835,0.48890000,13.00000000,0.4719
1749260835,0.48900000,248.00000000,0.4719
1749260835,0.48920000,18.00000000,0.4719
1749260835,0.48940000,2116.00000000,0.4719
1749260835,0.48950000,2511.00000000,0.4719
1749260835,0.48980000,65.00000000,0.4719
1749260835,0.48990000,1000.00000000,0.4719
1749260835,0.49000000,4160.00000000,0.4719
1749260835,0.49040000,33.00000000,0.4719
1749260835,0.49070000,2645.00000000,0.4719
1749260835,0.49130000,72.00000000,0.4719
1749260835,0.49200000,176.00000000,0.4719
1749260835,0.49230000,38.00000000,0.4719
1749260835,0.49250000,65.00000000,0.4719
1749260835,0.49300000,14.00000000,0.4719
1749260835,0.49400000,79.00000000,0.4719
1749260835,0.49470000,83.00000000,0.4719
1749260835,0.49480000,19.00000000,0.4719
1749260835,0.49500000,12.00000000,0.4719
1749260835,0.49510000,65.00000000,0.4719
1749260835,0.49590000,18.00000000,0.4719
1749260835,0.49690000,4225.00000000,0.4719
1749260835,0.49770000,14.00000000,0.4719
1749260835,0.49780000,65.00000000,0.4719
1749260835,0.49800000,184.00000000,0.4719
1749260835,0.49810000,64769.00000000,0.4719
1749261162,0.47170000,62.00000000,0.4718
1749261162,0.47180000,401.00000000,0.4718
1749261162,0.47190000,473.00000000,0.4718
1749261162,0.47200000,487.00000000,0.4718
1749261162,0.47210000,698.00000000,0.4718
1749261162,0.47220000,1328.00000000,0.4718
1749261162,0.47230000,3173.00000000,0.4718
1749261162,0.47240000,2910.00000000,0.4718
1749261162,0.47250000,4204.00000000,0.4718
1749261162,0.47260000,6463.00000000,0.4718
1749261162,0.47270000,2045.00000000,0.4718
1749261162,0.47280000,354.00000000,0.4718
1749261162,0.47290000,765.00000000,0.4718
1749261162,0.47300000,800.00000000,0.4718
1749261162,0.47320000,220.00000000,0.4718
1749261162,0.47340000,523.00000000,0.4718
1749261162,0.47350000,4105.00000000,0.4718
1749261162,0.47360000,219.00000000,0.4718
1749261162,0.47380000,219.00000000,0.4718
1749261162,0.47410000,219.00000000,0.4718
1749261162,0.47420000,65.00000000,0.4718
1749261162,0.47430000,219.00000000,0.4718
1749261162,0.47440000,557.00000000,0.4718
1749261162,0.47450000,1339.00000000,0.4718
1749261162,0.47460000,219.00000000,0.4718
1749261162,0.47470000,451.00000000,0.4718
1749261162,0.47490000,219.00000000,0.4718
1749261162,0.47500000,220.00000000,0.4718
1749261162,0.47530000,220.00000000,0.4718
1749261162,0.47540000,898.00000000,0.4718
1749261162,0.47550000,220.00000000,0.4718
1749261162,0.47570000,220.00000000,0.4718
1749261162,0.47580000,32326.00000000,0.4718
1749261162,0.47590000,1389.00000000,0.4718
1749261162,0.47610000,3146.00000000,0.4718
1749261162,0.47620000,163.00000000,0.4718
1749261162,0.47670000,32.00000000,0.4718
1749261162,0.47680000,2534.00000000,0.4718
1749261162,0.47760000,12.00000000,0.4718
1749261162,0.47800000,191.00000000,0.4718
1749261162,0.47810000,131.00000000,0.4718
1749261162,0.47820000,91675.00000000,0.4718
1749261162,0.47830000,776.00000000,0.4718
1749261162,0.47880000,853.00000000,0.4718
1749261162,0.47920000,3083.00000000,0.4718
1749261162,0.47930000,13.00000000,0.4718
1749261162,0.47940000,65.00000000,0.4718
1749261162,0.47990000,1030.00000000,0.4718
1749261162,0.48000000,12.00000000,0.4718
1749261162,0.48020000,48.00000000,0.4718
1749261162,0.48060000,92046.00000000,0.4718
1749261162,0.48070000,83.00000000,0.4718
1749261162,0.48110000,1516.00000000,0.4718
1749261162,0.48160000,961.00000000,0.4718
1749261162,0.48200000,65.00000000,0.4718
1749261162,0.48250000,946.00000000,0.4718
1749261162,0.48270000,31.00000000,0.4718
1749261162,0.48280000,21.00000000,0.4718
1749261162,0.48290000,1031.00000000,0.4718
1749261162,0.48320000,510.00000000,0.4718
1749261162,0.48370000,345.00000000,0.4718
1749261162,0.48390000,2209.00000000,0.4718
1749261162,0.48400000,1822.00000000,0.4718
1749261162,0.48410000,292.00000000,0.4718
1749261162,0.48420000,987.00000000,0.4718
1749261162,0.48430000,2111.00000000,0.4718
1749261162,0.48460000,65.00000000,0.4718
1749261162,0.48470000,289.00000000,0.4718
1749261162,0.48500000,97.00000000,0.4718
1749261162,0.48590000,1181.00000000,0.4718
1749261162,0.48650000,17.00000000,0.4718
1749261162,0.48670000,470.00000000,0.4718
1749261162,0.48680000,33.00000000,0.4718
1749261162,0.48720000,65.00000000,0.4718
1749261162,0.48750000,11.00000000,0.4718
1749261162,0.48760000,83.00000000,0.4718
1749261162,0.48770000,35.00000000,0.4718
1749261162,0.48890000,13.00000000,0.4718
1749261162,0.48900000,248.00000000,0.4718
1749261162,0.48920000,18.00000000,0.4718
1749261162,0.48940000,2116.00000000,0.4718
1749261162,0.48950000,2511.00000000,0.4718
1749261162,0.48980000,65.00000000,0.4718
1749261162,0.48990000,1000.00000000,0.4718
1749261162,0.49000000,4160.00000000,0.4718
1749261162,0.49010000,72.00000000,0.4718
1749261162,0.49040000,33.00000000,0.4718
1749261162,0.49070000,2645.00000000,0.4718
1749261162,0.49200000,176.00000000,0.4718
1749261162,0.49230000,38.00000000,0.4718
1749261162,0.49250000,65.00000000,0.4718
1749261162,0.49300000,14.00000000,0.4718
1749261162,0.49400000,79.00000000,0.4718
1749261162,0.49470000,83.00000000,0.4718
1749261162,0.49480000,19.00000000,0.4718
1749261162,0.49500000,12.00000000,0.4718
1749261162,0.49510000,65.00000000,0.4718
1749261162,0.49590000,18.00000000,0.4718
1749261162,0.49690000,4225.00000000,0.4718
1749261162,0.49770000,14.00000000,0.4718
1749261477,0.47190000,100.00000000,0.472
1749261477,0.47200000,465.00000000,0.472
1749261477,0.47210000,2420.00000000,0.472
1749261477,0.47220000,4461.00000000,0.472
1749261477,0.47230000,1514.00000000,0.472
1749261477,0.47240000,5831.00000000,0.472
1749261477,0.47250000,4554.00000000,0.472
1749261477,0.47260000,396.00000000,0.472
1749261477,0.47270000,178.00000000,0.472
1749261477,0.47280000,1320.00000000,0.472
1749261477,0.47290000,2110.00000000,0.472
1749261477,0.47300000,220.00000000,0.472
1749261477,0.47310000,716.00000000,0.472
1749261477,0.47320000,220.00000000,0.472
1749261477,0.47330000,580.00000000,0.472
1749261477,0.47340000,746.00000000,0.472
1749261477,0.47350000,3885.00000000,0.472
1749261477,0.47390000,220.00000000,0.472
1749261477,0.47410000,220.00000000,0.472
1749261477,0.47420000,2065.00000000,0.472
1749261477,0.47430000,220.00000000,0.472
1749261477,0.47440000,558.00000000,0.472
1749261477,0.47450000,1349.00000000,0.472
1749261477,0.47460000,220.00000000,0.472
1749261477,0.47470000,451.00000000,0.472
1749261477,0.47530000,220.00000000,0.472
1749261477,0.47540000,898.00000000,0.472
1749261477,0.47570000,220.00000000,0.472
1749261477,0.47590000,1389.00000000,0.472
1749261477,0.47600000,32150.00000000,0.472
1749261477,0.47610000,3146.00000000,0.472
1749261477,0.47620000,163.00000000,0.472
1749261477,0.47670000,32.00000000,0.472
1749261477,0.47680000,2534.00000000,0.472
1749261477,0.47750000,487.00000000,0.472
1749261477,0.47760000,12.00000000,0.472
1749261477,0.47800000,402.00000000,0.472
1749261477,0.47820000,113.00000000,0.472
1749261477,0.47830000,776.00000000,0.472
1749261477,0.47840000,90104.00000000,0.472
1749261477,0.47880000,853.00000000,0.472
1749261477,0.47920000,3083.00000000,0.472
1749261477,0.47930000,13.00000000,0.472
1749261477,0.47940000,65.00000000,0.472
1749261477,0.47990000,1030.00000000,0.472
1749261477,0.48000000,12.00000000,0.472
1749261477,0.48020000,48.00000000,0.472
1749261477,0.48070000,83.00000000,0.472
1749261477,0.48080000,90378.00000000,0.472
1749261477,0.48110000,1516.00000000,0.472
1749261477,0.48160000,961.00000000,0.472
1749261477,0.48200000,65.00000000,0.472
1749261477,0.48250000,946.00000000,0.472
1749261477,0.48270000,31.00000000,0.472
1749261477,0.48280000,21.00000000,0.472
1749261477,0.48360000,1031.00000000,0.472
1749261477,0.48370000,345.00000000,0.472
1749261477,0.48390000,2719.00000000,0.472
1749261477,0.48400000,1822.00000000,0.472
1749261477,0.48410000,292.00000000,0.472
1749261477,0.48420000,987.00000000,0.472
1749261477,0.48430000,2111.00000000,0.472
1749261477,0.48460000,65.00000000,0.472
1749261477,0.48500000,97.00000000,0.472
1749261477,0.48530000,289.00000000,0.472
1749261477,0.48590000,1181.00000000,0.472
1749261477,0.48650000,17.00000000,0.472
1749261477,0.48670000,470.00000000,0.472
1749261477,0.48680000,33.00000000,0.472
1749261477,0.48720000,65.00000000,0.472
1749261477,0.48750000,11.00000000,0.472
1749261477,0.48760000,83.00000000,0.472
1749261477,0.48770000,35.00000000,0.472
1749261477,0.48890000,13.00000000,0.472
1749261477,0.48920000,18.00000000,0.472
1749261477,0.48940000,2116.00000000,0.472
1749261477,0.48950000,2511.00000000,0.472
1749261477,0.48960000,248.00000000,0.472
1749261477,0.48980000,65.00000000,0.472
1749261477,0.48990000,1000.00000000,0.472
1749261477,0.49000000,4160.00000000,0.472
1749261477,0.49010000,72.00000000,0.472
1749261477,0.49040000,33.00000000,0.472
1749261477,0.49070000,2645.00000000,0.472
1749261477,0.49200000,176.00000000,0.472
1749261477,0.49230000,38.00000000,0.472
1749261477,0.49250000,65.00000000,0.472
1749261477,0.49300000,14.00000000,0.472
1749261477,0.49400000,79.00000000,0.472
1749261477,0.49470000,83.00000000,0.472
1749261477,0.49480000,19.00000000,0.472
1749261477,0.49500000,12.00000000,0.472
1749261477,0.49510000,65.00000000,0.472
1749261477,0.49570000,5064.00000000,0.472
1749261477,0.49590000,18.00000000,0.472
1749261477,0.49690000,4225.00000000,0.472
1749261477,0.49770000,14.00000000,0.472
1749261477,0.49780000,65.00000000,0.472
1749261477,0.49800000,34.00000000,0.472
1749261477,0.49810000,64769.00000000,0.472
1749261788,0.47180000,53.00000000,0.4717
1749261788,0.47190000,178.00000000,0.4717
1749261788,0.47200000,1838.00000000,0.4717
1749261788,0.47210000,2549.00000000,0.4717
1749261788,0.47220000,570.00000000,0.4717
1749261788,0.47230000,837.00000000,0.4717
1749261788,0.47240000,3019.00000000,0.4717
1749261788,0.47250000,4386.00000000,0.4717
1749261788,0.47260000,6890.00000000,0.4717
1749261788,0.47270000,3537.00000000,0.4717
1749261788,0.47280000,4289.00000000,0.4717
1749261788,0.47290000,540.00000000,0.4717
1749261788,0.47300000,220.00000000,0.4717
1749261788,0.47310000,580.00000000,0.4717
1749261788,0.47320000,220.00000000,0.4717
1749261788,0.47340000,746.00000000,0.4717
1749261788,0.47370000,220.00000000,0.4717
1749261788,0.47390000,220.00000000,0.4717
1749261788,0.47410000,220.00000000,0.4717
1749261788,0.47420000,2065.00000000,0.4717
1749261788,0.47430000,220.00000000,0.4717
1749261788,0.47440000,558.00000000,0.4717
1749261788,0.47450000,1349.00000000,0.4717
1749261788,0.47460000,220.00000000,0.4717
1749261788,0.47470000,451.00000000,0.4717
1749261788,0.47490000,220.00000000,0.4717
1749261788,0.47500000,898.00000000,0.4717
1749261788,0.47530000,220.00000000,0.4717
1749261788,0.47570000,220.00000000,0.4717
1749261788,0.47590000,34970.00000000,0.4717
1749261788,0.47610000,3146.00000000,0.4717
1749261788,0.47620000,163.00000000,0.4717
1749261788,0.47670000,32.00000000,0.4717
1749261788,0.47680000,2534.00000000,0.4717
1749261788,0.47760000,12.00000000,0.4717
1749261788,0.47800000,402.00000000,0.4717
1749261788,0.47820000,113.00000000,0.4717
1749261788,0.47830000,92457.00000000,0.4717
1749261788,0.47840000,677.00000000,0.4717
1749261788,0.47880000,853.00000000,0.4717
1749261788,0.47920000,3083.00000000,0.4717
1749261788,0.47930000,13.00000000,0.4717
1749261788,0.47940000,65.00000000,0.4717
1749261788,0.47990000,1030.00000000,0.4717
1749261788,0.48000000,12.00000000,0.4717
1749261788,0.48020000,48.00000000,0.4717
1749261788,0.48070000,83.00000000,0.4717
1749261788,0.48080000,89533.00000000,0.4717
1749261788,0.48110000,1516.00000000,0.4717
1749261788,0.48160000,961.00000000,0.4717
1749261788,0.48200000,65.00000000,0.4717
1749261788,0.48250000,946.00000000,0.4717
1749261788,0.48270000,31.00000000,0.4717
1749261788,0.48280000,21.00000000,0.4717
1749261788,0.48350000,345.00000000,0.4717
1749261788,0.48360000,1031.00000000,0.4717
1749261788,0.48390000,1014.00000000,0.4717
1749261788,0.48400000,2809.00000000,0.4717
1749261788,0.48410000,292.00000000,0.4717
1749261788,0.48430000,2111.00000000,0.4717
1749261788,0.48460000,1770.00000000,0.4717
1749261788,0.48500000,97.00000000,0.4717
1749261788,0.48530000,289.00000000,0.4717
1749261788,0.48590000,1181.00000000,0.4717
1749261788,0.48650000,17.00000000,0.4717
1749261788,0.48670000,470.00000000,0.4717
1749261788,0.48680000,33.00000000,0.4717
1749261788,0.48720000,65.00000000,0.4717
1749261788,0.48750000,11.00000000,0.4717
1749261788,0.48760000,83.00000000,0.4717
1749261788,0.48770000,35.00000000,0.4717
1749261788,0.48890000,13.00000000,0.4717
1749261788,0.48920000,18.00000000,0.4717
1749261788,0.48940000,2116.00000000,0.4717
1749261788,0.48950000,2511.00000000,0.4717
1749261788,0.48960000,320.00000000,0.4717
1749261788,0.48980000,65.00000000,0.4717
1749261788,0.48990000,1000.00000000,0.4717
1749261788,0.49000000,4160.00000000,0.4717
1749261788,0.49040000,33.00000000,0.4717
1749261788,0.49070000,2645.00000000,0.4717
1749261788,0.49200000,176.00000000,0.4717
1749261788,0.49230000,38.00000000,0.4717
1749261788,0.49250000,65.00000000,0.4717
1749261788,0.49300000,14.00000000,0.4717
1749261788,0.49400000,79.00000000,0.4717
1749261788,0.49470000,83.00000000,0.4717
1749261788,0.49480000,19.00000000,0.4717
1749261788,0.49500000,12.00000000,0.4717
1749261788,0.49510000,65.00000000,0.4717
1749261788,0.49570000,5064.00000000,0.4717
1749261788,0.49590000,18.00000000,0.4717
1749261788,0.49690000,4225.00000000,0.4717
1749261788,0.49770000,14.00000000,0.4717
1749261788,0.49780000,65.00000000,0.4717
1749261788,0.49800000,34.00000000,0.4717
1749261788,0.49810000,64769.00000000,0.4717
1749261788,0.49870000,13.00000000,0.4717
1749261788,0.49910000,40.00000000,0.4717
1749261788,0.49970000,11.00000000,0.4717
1749262089,0.47200000,573.00000000,0.472
1749262089,0.47210000,783.00000000,0.472
1749262089,0.47220000,1003.00000000,0.472
1749262089,0.47230000,2559.00000000,0.472
1749262089,0.47240000,2141.00000000,0.472
1749262089,0.47250000,2230.00000000,0.472
1749262089,0.47260000,398.00000000,0.472
1749262089,0.47270000,1068.00000000,0.472
1749262089,0.47280000,3852.00000000,0.472
1749262089,0.47290000,4435.00000000,0.472
1749262089,0.47300000,220.00000000,0.472
1749262089,0.47310000,176.00000000,0.472
1749262089,0.47320000,220.00000000,0.472
1749262089,0.47330000,580.00000000,0.472
1749262089,0.47340000,746.00000000,0.472
1749262089,0.47370000,220.00000000,0.472
1749262089,0.47390000,220.00000000,0.472
1749262089,0.47410000,220.00000000,0.472
1749262089,0.47420000,65.00000000,0.472
1749262089,0.47430000,220.00000000,0.472
1749262089,0.47440000,558.00000000,0.472
1749262089,0.47450000,1349.00000000,0.472
1749262089,0.47460000,220.00000000,0.472
1749262089,0.47470000,451.00000000,0.472
1749262089,0.47490000,220.00000000,0.472
1749262089,0.47500000,898.00000000,0.472
1749262089,0.47530000,220.00000000,0.472
1749262089,0.47570000,220.00000000,0.472
1749262089,0.47590000,1389.00000000,0.472
1749262089,0.47600000,191.00000000,0.472
1749262089,0.47610000,36188.00000000,0.472
1749262089,0.47620000,163.00000000,0.472
1749262089,0.47670000,32.00000000,0.472
1749262089,0.47680000,2534.00000000,0.472
1749262089,0.47760000,12.00000000,0.472
1749262089,0.47800000,402.00000000,0.472
1749262089,0.47810000,486.00000000,0.472
1749262089,0.47820000,113.00000000,0.472
1749262089,0.47830000,776.00000000,0.472
1749262089,0.47850000,92380.00000000,0.472
1749262089,0.47880000,853.00000000,0.472
1749262089,0.47920000,3083.00000000,0.472
1749262089,0.47930000,13.00000000,0.472
1749262089,0.47940000,65.00000000,0.472
1749262089,0.47990000,1030.00000000,0.472
1749262089,0.48000000,12.00000000,0.472
1749262089,0.48020000,48.00000000,0.472
1749262089,0.48070000,83.00000000,0.472
1749262089,0.48080000,89533.00000000,0.472
1749262089,0.48110000,1516.00000000,0.472
1749262089,0.48120000,928.00000000,0.472
1749262089,0.48160000,961.00000000,0.472
1749262089,0.48200000,65.00000000,0.472
1749262089,0.48250000,18.00000000,0.472
1749262089,0.48270000,31.00000000,0.472
1749262089,0.48280000,21.00000000,0.472
1749262089,0.48350000,345.00000000,0.472
1749262089,0.48360000,1031.00000000,0.472
1749262089,0.48390000,1014.00000000,0.472
1749262089,0.48400000,987.00000000,0.472
1749262089,0.48410000,292.00000000,0.472
1749262089,0.48420000,1822.00000000,0.472
1749262089,0.48430000,2111.00000000,0.472
1749262089,0.48460000,1770.00000000,0.472
1749262089,0.48500000,97.00000000,0.472
1749262089,0.48530000,289.00000000,0.472
1749262089,0.48590000,1181.00000000,0.472
1749262089,0.48650000,17.00000000,0.472
1749262089,0.48670000,470.00000000,0.472
1749262089,0.48680000,33.00000000,0.472
1749262089,0.48720000,65.00000000,0.472
1749262089,0.48750000,11.00000000,0.472
1749262089,0.48760000,83.00000000,0.472
1749262089,0.48770000,35.00000000,0.472
1749262089,0.48890000,13.00000000,0.472
1749262089,0.48920000,18.00000000,0.472
1749262089,0.48940000,2116.00000000,0.472
1749262089,0.48950000,2511.00000000,0.472
1749262089,0.48960000,320.00000000,0.472
1749262089,0.48980000,65.00000000,0.472
1749262089,0.48990000,1000.00000000,0.472
1749262089,0.49000000,4160.00000000,0.472
1749262089,0.49040000,33.00000000,0.472
1749262089,0.49070000,2645.00000000,0.472
1749262089,0.49200000,176.00000000,0.472
1749262089,0.49230000,38.00000000,0.472
1749262089,0.49250000,65.00000000,0.472
1749262089,0.49300000,14.00000000,0.472
1749262089,0.49400000,79.00000000,0.472
1749262089,0.49470000,83.00000000,0.472
1749262089,0.49480000,19.00000000,0.472
1749262089,0.49500000,12.00000000,0.472
1749262089,0.49510000,65.00000000,0.472
1749262089,0.49570000,5064.00000000,0.472
1749262089,0.49590000,18.00000000,0.472
1749262089,0.49690000,4225.00000000,0.472
1749262089,0.49770000,14.00000000,0.472
1749262089,0.49780000,65.00000000,0.472
1749262089,0.49800000,34.00000000,0.472
1749262089,0.49810000,64769.00000000,0.472
1749262392,0.47320000,240.00000000,0.4725
1749262392,0.47330000,761.00000000,0.4725
1749262392,0.47340000,400.00000000,0.4725
1749262392,0.47350000,1109.00000000,0.4725
1749262392,0.47360000,4784.00000000,0.4725
1749262392,0.47370000,3773.00000000,0.4725
1749262392,0.47380000,887.00000000,0.4725
1749262392,0.47390000,3318.00000000,0.4725
1749262392,0.47400000,877.00000000,0.4725
1749262392,0.47410000,2337.00000000,0.4725
1749262392,0.47420000,776.00000000,0.4725
1749262392,0.47430000,396.00000000,0.4725
1749262392,0.47440000,220.00000000,0.4725
1749262392,0.47450000,1110.00000000,0.4725
1749262392,0.47460000,4105.00000000,0.4725
1749262392,0.47470000,451.00000000,0.4725
1749262392,0.47490000,220.00000000,0.4725
1749262392,0.47510000,220.00000000,0.4725
1749262392,0.47530000,220.00000000,0.4725
1749262392,0.47550000,220.00000000,0.4725
1749262392,0.47560000,1674.00000000,0.4725
1749262392,0.47570000,3118.00000000,0.4725
1749262392,0.47580000,220.00000000,0.4725
1749262392,0.47590000,93.00000000,0.4725
1749262392,0.47600000,220.00000000,0.4725
1749262392,0.47610000,3146.00000000,0.4725
1749262392,0.47660000,220.00000000,0.4725
1749262392,0.47670000,1352.00000000,0.4725
1749262392,0.47680000,476.00000000,0.4725
1749262392,0.47730000,32111.00000000,0.4725
1749262392,0.47760000,12.00000000,0.4725
1749262392,0.47780000,2477.00000000,0.4725
1749262392,0.47830000,776.00000000,0.4725
1749262392,0.47840000,163.00000000,0.4725
1749262392,0.47880000,15.00000000,0.4725
1749262392,0.47920000,1155.00000000,0.4725
1749262392,0.47930000,13.00000000,0.4725
1749262392,0.47940000,550.00000000,0.4725
1749262392,0.47970000,90718.00000000,0.4725
1749262392,0.47990000,1030.00000000,0.4725
1749262392,0.48000000,12.00000000,0.4725
1749262392,0.48010000,838.00000000,0.4725
1749262392,0.48020000,48.00000000,0.4725
1749262392,0.48070000,83.00000000,0.4725
1749262392,0.48110000,3960.00000000,0.4725
1749262392,0.48160000,961.00000000,0.4725
1749262392,0.48190000,91744.00000000,0.4725
1749262392,0.48200000,65.00000000,0.4725
1749262392,0.48250000,946.00000000,0.4725
1749262392,0.48270000,31.00000000,0.4725
1749262392,0.48280000,21.00000000,0.4725
1749262392,0.48350000,345.00000000,0.4725
1749262392,0.48400000,987.00000000,0.4725
1749262392,0.48410000,292.00000000,0.4725
1749262392,0.48420000,2332.00000000,0.4725
1749262392,0.48450000,1031.00000000,0.4725
1749262392,0.48460000,1770.00000000,0.4725
1749262392,0.48500000,97.00000000,0.4725
1749262392,0.48520000,504.00000000,0.4725
1749262392,0.48560000,2111.00000000,0.4725
1749262392,0.48590000,1181.00000000,0.4725
1749262392,0.48650000,306.00000000,0.4725
1749262392,0.48670000,470.00000000,0.4725
1749262392,0.48680000,33.00000000,0.4725
1749262392,0.48720000,65.00000000,0.4725
1749262392,0.48750000,11.00000000,0.4725
1749262392,0.48760000,83.00000000,0.4725
1749262392,0.48770000,35.00000000,0.4725
1749262392,0.48890000,13.00000000,0.4725
1749262392,0.48920000,18.00000000,0.4725
1749262392,0.48940000,2116.00000000,0.4725
1749262392,0.48950000,2511.00000000,0.4725
1749262392,0.48960000,72.00000000,0.4725
1749262392,0.48980000,65.00000000,0.4725
1749262392,0.48990000,1000.00000000,0.4725
1749262392,0.49000000,4408.00000000,0.4725
1749262392,0.49040000,33.00000000,0.4725
1749262392,0.49070000,2645.00000000,0.4725
1749262392,0.49200000,176.00000000,0.4725
1749262392,0.49230000,38.00000000,0.4725
1749262392,0.49250000,65.00000000,0.4725
1749262392,0.49300000,14.00000000,0.4725
1749262392,0.49400000,79.00000000,0.4725
1749262392,0.49470000,83.00000000,0.4725
1749262392,0.49480000,19.00000000,0.4725
1749262392,0.49500000,12.00000000,0.4725
1749262392,0.49510000,65.00000000,0.4725
1749262392,0.49590000,18.00000000,0.4725
1749262392,0.49690000,4225.00000000,0.4725
1749262392,0.49770000,14.00000000,0.4725
1749262392,0.49780000,65.00000000,0.4725
1749262392,0.49800000,34.00000000,0.4725
1749262392,0.49810000,64769.00000000,0.4725
1749262392,0.49870000,13.00000000,0.4725
1749262392,0.49910000,40.00000000,0.4725
1749262392,0.49970000,11.00000000,0.4725
1749262392,0.49990000,1000.00000000,0.4725
1749262392,0.50000000,238.00000000,0.4725
1749262392,0.50030000,274.00000000,0.4725
1749262392,0.50050000,65.00000000,0.4725
1749262695,0.47290000,1067.00000000,0.4726
1749262695,0.47300000,769.00000000,0.4726
1749262695,0.47310000,400.00000000,0.4726
1749262695,0.47320000,220.00000000,0.4726
1749262695,0.47330000,172.00000000,0.4726
1749262695,0.47340000,1370.00000000,0.4726
1749262695,0.47350000,2353.00000000,0.4726
1749262695,0.47360000,3029.00000000,0.4726
1749262695,0.47370000,4576.00000000,0.4726
1749262695,0.47380000,4277.00000000,0.4726
1749262695,0.47390000,1499.00000000,0.4726
1749262695,0.47400000,356.00000000,0.4726
1749262695,0.47410000,220.00000000,0.4726
1749262695,0.47420000,584.00000000,0.4726
1749262695,0.47430000,800.00000000,0.4726
1749262695,0.47440000,220.00000000,0.4726
1749262695,0.47460000,4105.00000000,0.4726
1749262695,0.47470000,451.00000000,0.4726
1749262695,0.47490000,220.00000000,0.4726
1749262695,0.47510000,220.00000000,0.4726
1749262695,0.47530000,2220.00000000,0.4726
1749262695,0.47550000,220.00000000,0.4726
1749262695,0.47560000,1674.00000000,0.4726
1749262695,0.47570000,1118.00000000,0.4726
1749262695,0.47580000,220.00000000,0.4726
1749262695,0.47590000,93.00000000,0.4726
1749262695,0.47600000,220.00000000,0.4726
1749262695,0.47610000,3146.00000000,0.4726
1749262695,0.47640000,220.00000000,0.4726
1749262695,0.47660000,220.00000000,0.4726
1749262695,0.47670000,1352.00000000,0.4726
1749262695,0.47680000,476.00000000,0.4726
1749262695,0.47710000,32056.00000000,0.4726
1749262695,0.47760000,12.00000000,0.4726
1749262695,0.47780000,2477.00000000,0.4726
1749262695,0.47830000,776.00000000,0.4726
1749262695,0.47840000,163.00000000,0.4726
1749262695,0.47880000,15.00000000,0.4726
1749262695,0.47910000,131.00000000,0.4726
1749262695,0.47920000,1024.00000000,0.4726
1749262695,0.47930000,13.00000000,0.4726
1749262695,0.47940000,89437.00000000,0.4726
1749262695,0.47950000,512.00000000,0.4726
1749262695,0.47990000,1030.00000000,0.4726
1749262695,0.48000000,12.00000000,0.4726
1749262695,0.48010000,838.00000000,0.4726
1749262695,0.48020000,48.00000000,0.4726
1749262695,0.48070000,83.00000000,0.4726
1749262695,0.48110000,3960.00000000,0.4726
1749262695,0.48190000,89809.00000000,0.4726
1749262695,0.48200000,65.00000000,0.4726
1749262695,0.48250000,946.00000000,0.4726
1749262695,0.48270000,31.00000000,0.4726
1749262695,0.48280000,21.00000000,0.4726
1749262695,0.48290000,961.00000000,0.4726
1749262695,0.48410000,292.00000000,0.4726
1749262695,0.48420000,2332.00000000,0.4726
1749262695,0.48440000,345.00000000,0.4726
1749262695,0.48450000,1031.00000000,0.4726
1749262695,0.48460000,65.00000000,0.4726
1749262695,0.48500000,1084.00000000,0.4726
1749262695,0.48520000,504.00000000,0.4726
1749262695,0.48540000,1705.00000000,0.4726
1749262695,0.48560000,2111.00000000,0.4726
1749262695,0.48590000,1181.00000000,0.4726
1749262695,0.48650000,306.00000000,0.4726
1749262695,0.48670000,470.00000000,0.4726
1749262695,0.48680000,33.00000000,0.4726
1749262695,0.48720000,65.00000000,0.4726
1749262695,0.48750000,11.00000000,0.4726
1749262695,0.48760000,83.00000000,0.4726
1749262695,0.48770000,35.00000000,0.4726
1749262695,0.48890000,13.00000000,0.4726
1749262695,0.48920000,18.00000000,0.4726
1749262695,0.48940000,2116.00000000,0.4726
1749262695,0.48950000,2511.00000000,0.4726
1749262695,0.48980000,65.00000000,0.4726
1749262695,0.48990000,1000.00000000,0.4726
1749262695,0.49000000,4408.00000000,0.4726
1749262695,0.49040000,33.00000000,0.4726
1749262695,0.49070000,2645.00000000,0.4726
1749262695,0.49080000,72.00000000,0.4726
1749262695,0.49200000,176.00000000,0.4726
1749262695,0.49230000,38.00000000,0.4726
1749262695,0.49250000,65.00000000,0.4726
1749262695,0.49300000,14.00000000,0.4726
1749262695,0.49400000,79.00000000,0.4726
1749262695,0.49470000,83.00000000,0.4726
1749262695,0.49480000,19.00000000,0.4726
1749262695,0.49500000,12.00000000,0.4726
1749262695,0.49510000,65.00000000,0.4726
1749262695,0.49590000,18.00000000,0.4726
1749262695,0.49690000,4225.00000000,0.4726
1749262695,0.49770000,14.00000000,0.4726
1749262695,0.49780000,65.00000000,0.4726
1749262695,0.49800000,34.00000000,0.4726
1749262695,0.49810000,64769.00000000,0.4726
1749262695,0.49870000,13.00000000,0.4726
1749262695,0.49910000,40.00000000,0.4726
1749262695,0.49970000,11.00000000,0.4726
1749263004,0.47300000,61.00000000,0.4725
1749263004,0.47320000,1070.00000000,0.4725
1749263004,0.47330000,1314.00000000,0.4725
1749263004,0.47340000,3805.00000000,0.4725
1749263004,0.47350000,315.00000000,0.4725
1749263004,0.47360000,2054.00000000,0.4725
1749263004,0.47370000,2692.00000000,0.4725
1749263004,0.47380000,3436.00000000,0.4725
1749263004,0.47390000,5541.00000000,0.4725
1749263004,0.47400000,2473.00000000,0.4725
1749263004,0.47410000,220.00000000,0.4725
1749263004,0.47420000,65.00000000,0.4725
1749263004,0.47430000,976.00000000,0.4725
1749263004,0.47440000,220.00000000,0.4725
1749263004,0.47450000,520.00000000,0.4725
1749263004,0.47460000,220.00000000,0.4725
1749263004,0.47470000,451.00000000,0.4725
1749263004,0.47490000,220.00000000,0.4725
1749263004,0.47510000,2220.00000000,0.4725
1749263004,0.47530000,220.00000000,0.4725
1749263004,0.47550000,220.00000000,0.4725
1749263004,0.47560000,1676.00000000,0.4725
1749263004,0.47570000,1118.00000000,0.4725
1749263004,0.47580000,220.00000000,0.4725
1749263004,0.47590000,93.00000000,0.4725
1749263004,0.47600000,220.00000000,0.4725
1749263004,0.47610000,3146.00000000,0.4725
1749263004,0.47640000,220.00000000,0.4725
1749263004,0.47660000,220.00000000,0.4725
1749263004,0.47670000,1352.00000000,0.4725
1749263004,0.47680000,476.00000000,0.4725
1749263004,0.47720000,32506.00000000,0.4725
1749263004,0.47760000,12.00000000,0.4725
1749263004,0.47780000,2477.00000000,0.4725
1749263004,0.47830000,776.00000000,0.4725
1749263004,0.47840000,163.00000000,0.4725
1749263004,0.47860000,513.00000000,0.4725
1749263004,0.47880000,15.00000000,0.4725
1749263004,0.47920000,1024.00000000,0.4725
1749263004,0.47930000,13.00000000,0.4725
1749263004,0.47940000,65.00000000,0.4725
1749263004,0.47960000,92268.00000000,0.4725
1749263004,0.47990000,1030.00000000,0.4725
1749263004,0.48000000,12.00000000,0.4725
1749263004,0.48010000,838.00000000,0.4725
1749263004,0.48020000,48.00000000,0.4725
1749263004,0.48070000,83.00000000,0.4725
1749263004,0.48110000,3960.00000000,0.4725
1749263004,0.48150000,131.00000000,0.4725
1749263004,0.48190000,91859.00000000,0.4725
1749263004,0.48200000,65.00000000,0.4725
1749263004,0.48250000,946.00000000,0.4725
1749263004,0.48270000,31.00000000,0.4725
1749263004,0.48280000,21.00000000,0.4725
1749263004,0.48290000,961.00000000,0.4725
1749263004,0.48410000,292.00000000,0.4725
1749263004,0.48420000,510.00000000,0.4725
1749263004,0.48440000,345.00000000,0.4725
1749263004,0.48450000,1031.00000000,0.4725
1749263004,0.48460000,65.00000000,0.4725
1749263004,0.48500000,1084.00000000,0.4725
1749263004,0.48520000,504.00000000,0.4725
1749263004,0.48540000,3527.00000000,0.4725
1749263004,0.48560000,2111.00000000,0.4725
1749263004,0.48590000,1181.00000000,0.4725
1749263004,0.48650000,306.00000000,0.4725
1749263004,0.48670000,470.00000000,0.4725
1749263004,0.48680000,33.00000000,0.4725
1749263004,0.48720000,65.00000000,0.4725
1749263004,0.48750000,11.00000000,0.4725
1749263004,0.48760000,83.00000000,0.4725
1749263004,0.48770000,35.00000000,0.4725
1749263004,0.48890000,13.00000000,0.4725
1749263004,0.48920000,18.00000000,0.4725
1749263004,0.48940000,2116.00000000,0.4725
1749263004,0.48950000,2511.00000000,0.4725
1749263004,0.48980000,65.00000000,0.4725
1749263004,0.48990000,1000.00000000,0.4725
1749263004,0.49000000,4408.00000000,0.4725
1749263004,0.49040000,33.00000000,0.4725
1749263004,0.49070000,2645.00000000,0.4725
1749263004,0.49080000,72.00000000,0.4725
1749263004,0.49200000,176.00000000,0.4725
1749263004,0.49230000,38.00000000,0.4725
1749263004,0.49250000,65.00000000,0.4725
1749263004,0.49300000,14.00000000,0.4725
1749263004,0.49400000,79.00000000,0.4725
1749263004,0.49470000,83.00000000,0.4725
1749263004,0.49480000,19.00000000,0.4725
1749263004,0.49500000,12.00000000,0.4725
1749263004,0.49510000,65.00000000,0.4725
1749263004,0.49590000,18.00000000,0.4725
1749263004,0.49690000,4225.00000000,0.4725
1749263004,0.49770000,14.00000000,0.4725
1749263004,0.49780000,65.00000000,0.4725
1749263004,0.49800000,34.00000000,0.4725
1749263004,0.49810000,64769.00000000,0.4725
1749263004,0.49870000,13.00000000,0.4725
1749263004,0.49910000,40.00000000,0.4725
1749263004,0.49970000,11.00000000,0.4725
1749263311,0.47360000,180.00000000,0.4733
1749263311,0.47370000,241.00000000,0.4733
1749263311,0.47380000,1289.00000000,0.4733
1749263311,0.47390000,180.00000000,0.4733
1749263311,0.47400000,180.00000000,0.4733
1749263311,0.47410000,858.00000000,0.4733
1749263311,0.47420000,4317.00000000,0.4733
1749263311,0.47430000,11515.00000000,0.4733
1749263311,0.47440000,3942.00000000,0.4733
1749263311,0.47450000,178.00000000,0.4733
1749263311,0.47460000,760.00000000,0.4733
1749263311,0.47470000,180.00000000,0.4733
1749263311,0.47490000,220.00000000,0.4733
1749263311,0.47500000,580.00000000,0.4733
1749263311,0.47510000,220.00000000,0.4733
1749263311,0.47520000,534.00000000,0.4733
1749263311,0.47530000,220.00000000,0.4733
1749263311,0.47550000,220.00000000,0.4733
1749263311,0.47560000,338.00000000,0.4733
1749263311,0.47570000,220.00000000,0.4733
1749263311,0.47580000,2670.00000000,0.4733
1749263311,0.47590000,534.00000000,0.4733
1749263311,0.47600000,220.00000000,0.4733
1749263311,0.47610000,5406.00000000,0.4733
1749263311,0.47640000,220.00000000,0.4733
1749263311,0.47660000,220.00000000,0.4733
1749263311,0.47670000,1352.00000000,0.4733
1749263311,0.47680000,285.00000000,0.4733
1749263311,0.47710000,219.00000000,0.4733
1749263311,0.47720000,163.00000000,0.4733
1749263311,0.47760000,12.00000000,0.4733
1749263311,0.47780000,35962.00000000,0.4733
1749263311,0.47830000,776.00000000,0.4733
1749263311,0.47880000,15.00000000,0.4733
1749263311,0.47920000,640.00000000,0.4733
1749263311,0.47930000,13.00000000,0.4733
1749263311,0.47940000,65.00000000,0.4733
1749263311,0.47990000,1030.00000000,0.4733
1749263311,0.48000000,133.00000000,0.4733
1749263311,0.48010000,1349.00000000,0.4733
1749263311,0.48020000,89220.00000000,0.4733
1749263311,0.48070000,83.00000000,0.4733
1749263311,0.48110000,3960.00000000,0.4733
1749263311,0.48150000,131.00000000,0.4733
1749263311,0.48180000,150.00000000,0.4733
1749263311,0.48200000,65.00000000,0.4733
1749263311,0.48210000,113.00000000,0.4733
1749263311,0.48240000,191.00000000,0.4733
1749263311,0.48250000,92023.00000000,0.4733
1749263311,0.48270000,31.00000000,0.4733
1749263311,0.48280000,21.00000000,0.4733
1749263311,0.48290000,961.00000000,0.4733
1749263311,0.48410000,292.00000000,0.4733
1749263311,0.48440000,345.00000000,0.4733
1749263311,0.48460000,65.00000000,0.4733
1749263311,0.48500000,2115.00000000,0.4733
1749263311,0.48520000,504.00000000,0.4733
1749263311,0.48530000,510.00000000,0.4733
1749263311,0.48540000,1822.00000000,0.4733
1749263311,0.48560000,2111.00000000,0.4733
1749263311,0.48590000,1181.00000000,0.4733
1749263311,0.48610000,1705.00000000,0.4733
1749263311,0.48650000,17.00000000,0.4733
1749263311,0.48670000,470.00000000,0.4733
1749263311,0.48680000,33.00000000,0.4733
1749263311,0.48720000,65.00000000,0.4733
1749263311,0.48730000,289.00000000,0.4733
1749263311,0.48750000,11.00000000,0.4733
1749263311,0.48760000,83.00000000,0.4733
1749263311,0.48770000,35.00000000,0.4733
1749263311,0.48890000,13.00000000,0.4733
1749263311,0.48920000,18.00000000,0.4733
1749263311,0.48950000,2511.00000000,0.4733
1749263311,0.48980000,65.00000000,0.4733
1749263311,0.48990000,1000.00000000,0.4733
1749263311,0.49000000,4160.00000000,0.4733
1749263311,0.49040000,33.00000000,0.4733
1749263311,0.49070000,4761.00000000,0.4733
1749263311,0.49080000,72.00000000,0.4733
1749263311,0.49100000,248.00000000,0.4733
1749263311,0.49200000,176.00000000,0.4733
1749263311,0.49230000,38.00000000,0.4733
1749263311,0.49250000,65.00000000,0.4733
1749263311,0.49300000,14.00000000,0.4733
1749263311,0.49400000,79.00000000,0.4733
1749263311,0.49470000,83.00000000,0.4733
1749263311,0.49480000,19.00000000,0.4733
1749263311,0.49500000,12.00000000,0.4733
1749263311,0.49510000,65.00000000,0.4733
1749263311,0.49590000,18.00000000,0.4733
1749263311,0.49690000,4225.00000000,0.4733
1749263311,0.49720000,5064.00000000,0.4733
1749263311,0.49770000,14.00000000,0.4733
1749263311,0.49780000,65.00000000,0.4733
1749263311,0.49800000,34.00000000,0.4733
1749263311,0.49810000,64769.00000000,0.4733
1749263311,0.49870000,13.00000000,0.4733
1749263311,0.49910000,40.00000000,0.4733
1749263311,0.49970000,11.00000000,0.4733
1749263311,0.49990000,1000.00000000,0.4733
1749263613,0.47290000,531.00000000,0.4726
1749263613,0.47300000,467.00000000,0.4726
1749263613,0.47310000,767.00000000,0.4726
1749263613,0.47320000,180.00000000,0.4726
1749263613,0.47330000,400.00000000,0.4726
1749263613,0.47340000,1055.00000000,0.4726
1749263613,0.47350000,2566.00000000,0.4726
1749263613,0.47360000,3419.00000000,0.4726
1749263613,0.47370000,5122.00000000,0.4726
1749263613,0.47380000,4865.00000000,0.4726
1749263613,0.47390000,1883.00000000,0.4726
1749263613,0.47400000,176.00000000,0.4726
1749263613,0.47410000,800.00000000,0.4726
1749263613,0.47420000,65.00000000,0.4726
1749263613,0.47430000,739.00000000,0.4726
1749263613,0.47440000,220.00000000,0.4726
1749263613,0.47450000,4059.00000000,0.4726
1749263613,0.47460000,220.00000000,0.4726
1749263613,0.47490000,220.00000000,0.4726
1749263613,0.47500000,176.00000000,0.4726
1749263613,0.47510000,220.00000000,0.4726
1749263613,0.47520000,2000.00000000,0.4726
1749263613,0.47530000,220.00000000,0.4726
1749263613,0.47550000,220.00000000,0.4726
1749263613,0.47560000,2593.00000000,0.4726
1749263613,0.47570000,220.00000000,0.4726
1749263613,0.47580000,670.00000000,0.4726
1749263613,0.47590000,93.00000000,0.4726
1749263613,0.47600000,220.00000000,0.4726
1749263613,0.47610000,3146.00000000,0.4726
1749263613,0.47620000,220.00000000,0.4726
1749263613,0.47640000,220.00000000,0.4726
1749263613,0.47660000,220.00000000,0.4726
1749263613,0.47670000,1352.00000000,0.4726
1749263613,0.47680000,285.00000000,0.4726
1749263613,0.47690000,32671.00000000,0.4726
1749263613,0.47710000,219.00000000,0.4726
1749263613,0.47730000,312.00000000,0.4726
1749263613,0.47740000,163.00000000,0.4726
1749263613,0.47760000,12.00000000,0.4726
1749263613,0.47780000,2477.00000000,0.4726
1749263613,0.47830000,776.00000000,0.4726
1749263613,0.47880000,15.00000000,0.4726
1749263613,0.47920000,640.00000000,0.4726
1749263613,0.47930000,163.00000000,0.4726
1749263613,0.47940000,88921.00000000,0.4726
1749263613,0.47970000,244.00000000,0.4726
1749263613,0.47990000,1030.00000000,0.4726
1749263613,0.48000000,12.00000000,0.4726
1749263613,0.48010000,1349.00000000,0.4726
1749263613,0.48020000,48.00000000,0.4726
1749263613,0.48070000,83.00000000,0.4726
1749263613,0.48110000,3960.00000000,0.4726
1749263613,0.48160000,91625.00000000,0.4726
1749263613,0.48200000,65.00000000,0.4726
1749263613,0.48250000,946.00000000,0.4726
1749263613,0.48270000,31.00000000,0.4726
1749263613,0.48280000,21.00000000,0.4726
1749263613,0.48290000,961.00000000,0.4726
1749263613,0.48410000,292.00000000,0.4726
1749263613,0.48460000,65.00000000,0.4726
1749263613,0.48500000,1128.00000000,0.4726
1749263613,0.48520000,1491.00000000,0.4726
1749263613,0.48530000,855.00000000,0.4726
1749263613,0.48540000,1822.00000000,0.4726
1749263613,0.48560000,2111.00000000,0.4726
1749263613,0.48590000,1181.00000000,0.4726
1749263613,0.48610000,1705.00000000,0.4726
1749263613,0.48650000,17.00000000,0.4726
1749263613,0.48670000,470.00000000,0.4726
1749263613,0.48680000,33.00000000,0.4726
1749263613,0.48720000,65.00000000,0.4726
1749263613,0.48730000,289.00000000,0.4726
1749263613,0.48750000,11.00000000,0.4726
1749263613,0.48760000,83.00000000,0.4726
1749263613,0.48770000,35.00000000,0.4726
1749263613,0.48890000,13.00000000,0.4726
1749263613,0.48920000,18.00000000,0.4726
1749263613,0.48950000,2511.00000000,0.4726
1749263613,0.48980000,65.00000000,0.4726
1749263613,0.48990000,1000.00000000,0.4726
1749263613,0.49000000,4160.00000000,0.4726
1749263613,0.49040000,33.00000000,0.4726
1749263613,0.49070000,4761.00000000,0.4726
1749263613,0.49090000,72.00000000,0.4726
1749263613,0.49100000,248.00000000,0.4726
1749263613,0.49200000,176.00000000,0.4726
1749263613,0.49230000,38.00000000,0.4726
1749263613,0.49250000,65.00000000,0.4726
1749263613,0.49300000,14.00000000,0.4726
1749263613,0.49400000,79.00000000,0.4726
1749263613,0.49470000,83.00000000,0.4726
1749263613,0.49480000,19.00000000,0.4726
1749263613,0.49500000,12.00000000,0.4726
1749263613,0.49510000,65.00000000,0.4726
1749263613,0.49590000,18.00000000,0.4726
1749263613,0.49690000,4225.00000000,0.4726
1749263613,0.49720000,5064.00000000,0.4726
1749263613,0.49770000,14.00000000,0.4726
1749263613,0.49780000,65.00000000,0.4726
1749263915,0.47330000,56.00000000,0.4732
1749263915,0.47340000,606.00000000,0.4732
1749263915,0.47350000,765.00000000,0.4732
1749263915,0.47360000,1722.00000000,0.4732
1749263915,0.47370000,4109.00000000,0.4732
1749263915,0.47380000,219.00000000,0.4732
1749263915,0.47390000,4000.00000000,0.4732
1749263915,0.47400000,309.00000000,0.4732
1749263915,0.47410000,1034.00000000,0.4732
1749263915,0.47420000,3908.00000000,0.4732
1749263915,0.47430000,2204.00000000,0.4732
1749263915,0.47440000,220.00000000,0.4732
1749263915,0.47450000,4601.00000000,0.4732
1749263915,0.47460000,800.00000000,0.4732
1749263915,0.47470000,532.00000000,0.4732
1749263915,0.47490000,220.00000000,0.4732
1749263915,0.47500000,176.00000000,0.4732
1749263915,0.47510000,220.00000000,0.4732
1749263915,0.47530000,220.00000000,0.4732
1749263915,0.47550000,220.00000000,0.4732
1749263915,0.47560000,1695.00000000,0.4732
1749263915,0.47570000,220.00000000,0.4732
1749263915,0.47580000,670.00000000,0.4732
1749263915,0.47590000,2000.00000000,0.4732
1749263915,0.47600000,1118.00000000,0.4732
1749263915,0.47610000,3146.00000000,0.4732
1749263915,0.47620000,220.00000000,0.4732
1749263915,0.47640000,220.00000000,0.4732
1749263915,0.47660000,220.00000000,0.4732
1749263915,0.47670000,1352.00000000,0.4732
1749263915,0.47680000,285.00000000,0.4732
1749263915,0.47710000,312.00000000,0.4732
1749263915,0.47720000,191.00000000,0.4732
1749263915,0.47740000,33510.00000000,0.4732
1749263915,0.47760000,12.00000000,0.4732
1749263915,0.47780000,2640.00000000,0.4732
1749263915,0.47830000,776.00000000,0.4732
1749263915,0.47880000,15.00000000,0.4732
1749263915,0.47930000,163.00000000,0.4732
1749263915,0.47940000,65.00000000,0.4732
1749263915,0.47950000,252.00000000,0.4732
1749263915,0.47970000,753.00000000,0.4732
1749263915,0.47990000,89934.00000000,0.4732
1749263915,0.48000000,12.00000000,0.4732
1749263915,0.48010000,1349.00000000,0.4732
1749263915,0.48020000,48.00000000,0.4732
1749263915,0.48070000,83.00000000,0.4732
1749263915,0.48110000,3960.00000000,0.4732
1749263915,0.48200000,65.00000000,0.4732
1749263915,0.48220000,89581.00000000,0.4732
1749263915,0.48250000,18.00000000,0.4732
1749263915,0.48270000,31.00000000,0.4732
1749263915,0.48280000,21.00000000,0.4732
1749263915,0.48290000,961.00000000,0.4732
1749263915,0.48380000,928.00000000,0.4732
1749263915,0.48410000,292.00000000,0.4732
1749263915,0.48460000,65.00000000,0.4732
1749263915,0.48500000,1128.00000000,0.4732
1749263915,0.48520000,1491.00000000,0.4732
1749263915,0.48530000,2677.00000000,0.4732
1749263915,0.48560000,2111.00000000,0.4732
1749263915,0.48590000,1181.00000000,0.4732
1749263915,0.48610000,1705.00000000,0.4732
1749263915,0.48650000,17.00000000,0.4732
1749263915,0.48670000,470.00000000,0.4732
1749263915,0.48680000,33.00000000,0.4732
1749263915,0.48720000,65.00000000,0.4732
1749263915,0.48730000,289.00000000,0.4732
1749263915,0.48750000,11.00000000,0.4732
1749263915,0.48760000,83.00000000,0.4732
1749263915,0.48770000,35.00000000,0.4732
1749263915,0.48890000,13.00000000,0.4732
1749263915,0.48920000,18.00000000,0.4732
1749263915,0.48950000,2511.00000000,0.4732
1749263915,0.48980000,65.00000000,0.4732
1749263915,0.48990000,1000.00000000,0.4732
1749263915,0.49000000,4160.00000000,0.4732
1749263915,0.49040000,33.00000000,0.4732
1749263915,0.49070000,4761.00000000,0.4732
1749263915,0.49090000,72.00000000,0.4732
1749263915,0.49100000,248.00000000,0.4732
1749263915,0.49200000,176.00000000,0.4732
1749263915,0.49230000,38.00000000,0.4732
1749263915,0.49250000,65.00000000,0.4732
1749263915,0.49300000,14.00000000,0.4732
1749263915,0.49400000,79.00000000,0.4732
1749263915,0.49470000,83.00000000,0.4732
1749263915,0.49480000,19.00000000,0.4732
1749263915,0.49500000,12.00000000,0.4732
1749263915,0.49510000,65.00000000,0.4732
1749263915,0.49590000,18.00000000,0.4732
1749263915,0.49690000,4225.00000000,0.4732
1749263915,0.49720000,5064.00000000,0.4732
1749263915,0.49770000,14.00000000,0.4732
1749263915,0.49780000,65.00000000,0.4732
1749263915,0.49800000,34.00000000,0.4732
1749263915,0.49810000,64769.00000000,0.4732
1749263915,0.49870000,13.00000000,0.4732
1749263915,0.49910000,40.00000000,0.4732
1749263915,0.49970000,11.00000000,0.4732
1749264217,0.47280000,230.00000000,0.4726
1749264217,0.47290000,796.00000000,0.4726
1749264217,0.47300000,689.00000000,0.4726
1749264217,0.47310000,1077.00000000,0.4726
1749264217,0.47320000,172.00000000,0.4726
1749264217,0.47330000,1061.00000000,0.4726
1749264217,0.47340000,2230.00000000,0.4726
1749264217,0.47350000,1470.00000000,0.4726
1749264217,0.47360000,3981.00000000,0.4726
1749264217,0.47370000,851.00000000,0.4726
1749264217,0.47380000,1904.00000000,0.4726
1749264217,0.47390000,543.00000000,0.4726
1749264217,0.47410000,800.00000000,0.4726
1749264217,0.47420000,3953.00000000,0.4726
1749264217,0.47430000,220.00000000,0.4726
1749264217,0.47440000,748.00000000,0.4726
1749264217,0.47460000,220.00000000,0.4726
1749264217,0.47490000,220.00000000,0.4726
1749264217,0.47510000,220.00000000,0.4726
1749264217,0.47520000,898.00000000,0.4726
1749264217,0.47530000,220.00000000,0.4726
1749264217,0.47550000,220.00000000,0.4726
1749264217,0.47560000,1695.00000000,0.4726
1749264217,0.47570000,220.00000000,0.4726
1749264217,0.47580000,670.00000000,0.4726
1749264217,0.47590000,93.00000000,0.4726
1749264217,0.47600000,220.00000000,0.4726
1749264217,0.47610000,3146.00000000,0.4726
1749264217,0.47620000,220.00000000,0.4726
1749264217,0.47640000,220.00000000,0.4726
1749264217,0.47660000,220.00000000,0.4726
1749264217,0.47670000,1352.00000000,0.4726
1749264217,0.47680000,476.00000000,0.4726
1749264217,0.47690000,31903.00000000,0.4726
1749264217,0.47710000,219.00000000,0.4726
1749264217,0.47760000,12.00000000,0.4726
1749264217,0.47780000,2640.00000000,0.4726
1749264217,0.47830000,776.00000000,0.4726
1749264217,0.47880000,15.00000000,0.4726
1749264217,0.47930000,134.00000000,0.4726
1749264217,0.47940000,90188.00000000,0.4726
1749264217,0.47970000,640.00000000,0.4726
1749264217,0.47980000,150.00000000,0.4726
1749264217,0.47990000,1030.00000000,0.4726
1749264217,0.48000000,12.00000000,0.4726
1749264217,0.48010000,1349.00000000,0.4726
1749264217,0.48020000,48.00000000,0.4726
1749264217,0.48070000,83.00000000,0.4726
1749264217,0.48110000,3960.00000000,0.4726
1749264217,0.48160000,131.00000000,0.4726
1749264217,0.48170000,89109.00000000,0.4726
1749264217,0.48200000,65.00000000,0.4726
1749264217,0.48210000,113.00000000,0.4726
1749264217,0.48250000,18.00000000,0.4726
1749264217,0.48270000,31.00000000,0.4726
1749264217,0.48280000,21.00000000,0.4726
1749264217,0.48290000,961.00000000,0.4726
1749264217,0.48380000,928.00000000,0.4726
1749264217,0.48410000,292.00000000,0.4726
1749264217,0.48450000,1031.00000000,0.4726
1749264217,0.48460000,65.00000000,0.4726
1749264217,0.48500000,97.00000000,0.4726
1749264217,0.48520000,1491.00000000,0.4726
1749264217,0.48530000,2167.00000000,0.4726
1749264217,0.48560000,2621.00000000,0.4726
1749264217,0.48590000,1181.00000000,0.4726
1749264217,0.48610000,1705.00000000,0.4726
1749264217,0.48650000,17.00000000,0.4726
1749264217,0.48670000,759.00000000,0.4726
1749264217,0.48680000,33.00000000,0.4726
1749264217,0.48720000,65.00000000,0.4726
1749264217,0.48750000,11.00000000,0.4726
1749264217,0.48760000,83.00000000,0.4726
1749264217,0.48770000,35.00000000,0.4726
1749264217,0.48890000,13.00000000,0.4726
1749264217,0.48920000,18.00000000,0.4726
1749264217,0.48950000,2511.00000000,0.4726
1749264217,0.48980000,65.00000000,0.4726
1749264217,0.48990000,1000.00000000,0.4726
1749264217,0.49000000,4160.00000000,0.4726
1749264217,0.49040000,33.00000000,0.4726
1749264217,0.49070000,4761.00000000,0.4726
1749264217,0.49090000,72.00000000,0.4726
1749264217,0.49130000,248.00000000,0.4726
1749264217,0.49200000,176.00000000,0.4726
1749264217,0.49230000,38.00000000,0.4726
1749264217,0.49250000,65.00000000,0.4726
1749264217,0.49300000,14.00000000,0.4726
1749264217,0.49400000,79.00000000,0.4726
1749264217,0.49470000,83.00000000,0.4726
1749264217,0.49480000,19.00000000,0.4726
1749264217,0.49500000,12.00000000,0.4726
1749264217,0.49510000,65.00000000,0.4726
1749264217,0.49590000,18.00000000,0.4726
1749264217,0.49690000,4225.00000000,0.4726
1749264217,0.49770000,14.00000000,0.4726
1749264217,0.49780000,65.00000000,0.4726
1749264217,0.49800000,34.00000000,0.4726
1749264217,0.49810000,64769.00000000,0.4726
1749264217,0.49870000,13.00000000,0.4726
1749264518,0.47290000,354.00000000,0.4728
1749264518,0.47300000,160.00000000,0.4728
1749264518,0.47310000,1413.00000000,0.4728
1749264518,0.47320000,2119.00000000,0.4728
1749264518,0.47330000,1943.00000000,0.4728
1749264518,0.47340000,1542.00000000,0.4728
1749264518,0.47350000,4133.00000000,0.4728
1749264518,0.47360000,180.00000000,0.4728
1749264518,0.47370000,3625.00000000,0.4728
1749264518,0.47380000,6779.00000000,0.4728
1749264518,0.47390000,2646.00000000,0.4728
1749264518,0.47400000,176.00000000,0.4728
1749264518,0.47410000,220.00000000,0.4728
1749264518,0.47420000,65.00000000,0.4728
1749264518,0.47430000,800.00000000,0.4728
1749264518,0.47440000,748.00000000,0.4728
1749264518,0.47450000,176.00000000,0.4728
1749264518,0.47460000,220.00000000,0.4728
1749264518,0.47490000,220.00000000,0.4728
1749264518,0.47510000,220.00000000,0.4728
1749264518,0.47520000,898.00000000,0.4728
1749264518,0.47530000,220.00000000,0.4728
1749264518,0.47550000,220.00000000,0.4728
1749264518,0.47560000,1695.00000000,0.4728
1749264518,0.47570000,220.00000000,0.4728
1749264518,0.47580000,670.00000000,0.4728
1749264518,0.47590000,93.00000000,0.4728
1749264518,0.47600000,220.00000000,0.4728
1749264518,0.47610000,3146.00000000,0.4728
1749264518,0.47620000,220.00000000,0.4728
1749264518,0.47640000,220.00000000,0.4728
1749264518,0.47660000,220.00000000,0.4728
1749264518,0.47670000,1352.00000000,0.4728
1749264518,0.47680000,476.00000000,0.4728
1749264518,0.47700000,150.00000000,0.4728
1749264518,0.47710000,33485.00000000,0.4728
1749264518,0.47760000,12.00000000,0.4728
1749264518,0.47780000,2640.00000000,0.4728
1749264518,0.47830000,776.00000000,0.4728
1749264518,0.47880000,15.00000000,0.4728
1749264518,0.47930000,378.00000000,0.4728
1749264518,0.47940000,90123.00000000,0.4728
1749264518,0.47970000,640.00000000,0.4728
1749264518,0.47990000,1030.00000000,0.4728
1749264518,0.48000000,12.00000000,0.4728
1749264518,0.48010000,1349.00000000,0.4728
1749264518,0.48020000,48.00000000,0.4728
1749264518,0.48070000,83.00000000,0.4728
1749264518,0.48110000,3960.00000000,0.4728
1749264518,0.48170000,92343.00000000,0.4728
1749264518,0.48200000,65.00000000,0.4728
1749264518,0.48250000,946.00000000,0.4728
1749264518,0.48270000,31.00000000,0.4728
1749264518,0.48280000,21.00000000,0.4728
1749264518,0.48290000,961.00000000,0.4728
1749264518,0.48410000,292.00000000,0.4728
1749264518,0.48450000,1376.00000000,0.4728
1749264518,0.48460000,65.00000000,0.4728
1749264518,0.48500000,1084.00000000,0.4728
1749264518,0.48520000,504.00000000,0.4728
1749264518,0.48530000,1822.00000000,0.4728
1749264518,0.48560000,4326.00000000,0.4728
1749264518,0.48590000,1181.00000000,0.4728
1749264518,0.48650000,17.00000000,0.4728
1749264518,0.48670000,759.00000000,0.4728
1749264518,0.48680000,33.00000000,0.4728
1749264518,0.48720000,65.00000000,0.4728
1749264518,0.48750000,11.00000000,0.4728
1749264518,0.48760000,83.00000000,0.4728
1749264518,0.48770000,35.00000000,0.4728
1749264518,0.48890000,13.00000000,0.4728
1749264518,0.48920000,18.00000000,0.4728
1749264518,0.48950000,2511.00000000,0.4728
1749264518,0.48980000,65.00000000,0.4728
1749264518,0.48990000,1000.00000000,0.4728
1749264518,0.49000000,4160.00000000,0.4728
1749264518,0.49040000,33.00000000,0.4728
1749264518,0.49070000,4833.00000000,0.4728
1749264518,0.49130000,248.00000000,0.4728
1749264518,0.49200000,176.00000000,0.4728
1749264518,0.49230000,38.00000000,0.4728
1749264518,0.49250000,65.00000000,0.4728
1749264518,0.49300000,14.00000000,0.4728
1749264518,0.49400000,79.00000000,0.4728
1749264518,0.49470000,83.00000000,0.4728
1749264518,0.49480000,19.00000000,0.4728
1749264518,0.49500000,12.00000000,0.4728
1749264518,0.49510000,65.00000000,0.4728
1749264518,0.49590000,18.00000000,0.4728
1749264518,0.49690000,4225.00000000,0.4728
1749264518,0.49770000,14.00000000,0.4728
1749264518,0.49780000,65.00000000,0.4728
1749264518,0.49800000,34.00000000,0.4728
1749264518,0.49810000,64769.00000000,0.4728
1749264518,0.49870000,13.00000000,0.4728
1749264518,0.49910000,40.00000000,0.4728
1749264518,0.49970000,11.00000000,0.4728
1749264518,0.49990000,1000.00000000,0.4728
1749264518,0.50000000,238.00000000,0.4728
1749264518,0.50030000,274.00000000,0.4728
1749264820,0.47340000,606.00000000,0.4728
1749264820,0.47350000,518.00000000,0.4728
1749264820,0.47360000,180.00000000,0.4728
1749264820,0.47370000,391.00000000,0.4728
1749264820,0.47380000,1377.00000000,0.4728
1749264820,0.47390000,4968.00000000,0.4728
1749264820,0.47400000,4623.00000000,0.4728
1749264820,0.47410000,3010.00000000,0.4728
1749264820,0.47420000,3866.00000000,0.4728
1749264820,0.47430000,1440.00000000,0.4728
1749264820,0.47440000,4066.00000000,0.4728
1749264820,0.47450000,176.00000000,0.4728
1749264820,0.47460000,744.00000000,0.4728
1749264820,0.47480000,580.00000000,0.4728
1749264820,0.47490000,220.00000000,0.4728
1749264820,0.47500000,176.00000000,0.4728
1749264820,0.47510000,220.00000000,0.4728
1749264820,0.47530000,220.00000000,0.4728
1749264820,0.47550000,220.00000000,0.4728
1749264820,0.47560000,1695.00000000,0.4728
1749264820,0.47570000,220.00000000,0.4728
1749264820,0.47580000,670.00000000,0.4728
1749264820,0.47590000,2000.00000000,0.4728
1749264820,0.47600000,1118.00000000,0.4728
1749264820,0.47610000,3146.00000000,0.4728
1749264820,0.47620000,220.00000000,0.4728
1749264820,0.47640000,220.00000000,0.4728
1749264820,0.47660000,220.00000000,0.4728
1749264820,0.47670000,1352.00000000,0.4728
1749264820,0.47680000,285.00000000,0.4728
1749264820,0.47700000,150.00000000,0.4728
1749264820,0.47710000,312.00000000,0.4728
1749264820,0.47740000,33481.00000000,0.4728
1749264820,0.47760000,12.00000000,0.4728
1749264820,0.47780000,2640.00000000,0.4728
1749264820,0.47830000,776.00000000,0.4728
1749264820,0.47880000,15.00000000,0.4728
1749264820,0.47930000,325.00000000,0.4728
1749264820,0.47940000,65.00000000,0.4728
1749264820,0.47970000,640.00000000,0.4728
1749264820,0.47990000,91906.00000000,0.4728
1749264820,0.48000000,12.00000000,0.4728
1749264820,0.48010000,1349.00000000,0.4728
1749264820,0.48020000,48.00000000,0.4728
1749264820,0.48070000,83.00000000,0.4728
1749264820,0.48110000,3960.00000000,0.4728
1749264820,0.48190000,113.00000000,0.4728
1749264820,0.48200000,65.00000000,0.4728
1749264820,0.48230000,89042.00000000,0.4728
1749264820,0.48250000,18.00000000,0.4728
1749264820,0.48270000,31.00000000,0.4728
1749264820,0.48280000,21.00000000,0.4728
1749264820,0.48290000,961.00000000,0.4728
1749264820,0.48380000,928.00000000,0.4728
1749264820,0.48410000,292.00000000,0.4728
1749264820,0.48450000,1376.00000000,0.4728
1749264820,0.48460000,65.00000000,0.4728
1749264820,0.48500000,1084.00000000,0.4728
1749264820,0.48520000,504.00000000,0.4728
1749264820,0.48550000,131.00000000,0.4728
1749264820,0.48560000,4326.00000000,0.4728
1749264820,0.48570000,1822.00000000,0.4728
1749264820,0.48590000,1181.00000000,0.4728
1749264820,0.48650000,17.00000000,0.4728
1749264820,0.48670000,759.00000000,0.4728
1749264820,0.48680000,33.00000000,0.4728
1749264820,0.48720000,65.00000000,0.4728
1749264820,0.48750000,11.00000000,0.4728
1749264820,0.48760000,83.00000000,0.4728
1749264820,0.48770000,35.00000000,0.4728
1749264820,0.48890000,13.00000000,0.4728
1749264820,0.48920000,18.00000000,0.4728
1749264820,0.48950000,2511.00000000,0.4728
1749264820,0.48980000,65.00000000,0.4728
1749264820,0.48990000,1000.00000000,0.4728
1749264820,0.49000000,4160.00000000,0.4728
1749264820,0.49040000,33.00000000,0.4728
1749264820,0.49070000,4833.00000000,0.4728
1749264820,0.49130000,248.00000000,0.4728
1749264820,0.49200000,176.00000000,0.4728
1749264820,0.49230000,38.00000000,0.4728
1749264820,0.49250000,65.00000000,0.4728
1749264820,0.49300000,14.00000000,0.4728
1749264820,0.49400000,79.00000000,0.4728
1749264820,0.49470000,83.00000000,0.4728
1749264820,0.49480000,19.00000000,0.4728
1749264820,0.49500000,12.00000000,0.4728
1749264820,0.49510000,65.00000000,0.4728
1749264820,0.49590000,18.00000000,0.4728
1749264820,0.49690000,4225.00000000,0.4728
1749264820,0.49770000,14.00000000,0.4728
1749264820,0.49780000,65.00000000,0.4728
1749264820,0.49800000,34.00000000,0.4728
1749264820,0.49810000,64769.00000000,0.4728
1749264820,0.49870000,13.00000000,0.4728
1749264820,0.49910000,40.00000000,0.4728
1749264820,0.49970000,11.00000000,0.4728
1749264820,0.49990000,1000.00000000,0.4728
1749264820,0.50000000,238.00000000,0.4728
1749264820,0.50030000,274.00000000,0.4728
1749265122,0.47370000,51.00000000,0.4733
1749265122,0.47380000,482.00000000,0.4733
1749265122,0.47390000,799.00000000,0.4733
1749265122,0.47400000,190.00000000,0.4733
1749265122,0.47410000,220.00000000,0.4733
1749265122,0.47420000,199.00000000,0.4733
1749265122,0.47430000,220.00000000,0.4733
1749265122,0.47440000,903.00000000,0.4733
1749265122,0.47450000,2407.00000000,0.4733
1749265122,0.47460000,1387.00000000,0.4733
1749265122,0.47470000,3891.00000000,0.4733
1749265122,0.47480000,542.00000000,0.4733
1749265122,0.47490000,220.00000000,0.4733
1749265122,0.47500000,176.00000000,0.4733
1749265122,0.47510000,800.00000000,0.4733
1749265122,0.47530000,745.00000000,0.4733
1749265122,0.47550000,396.00000000,0.4733
1749265122,0.47560000,338.00000000,0.4733
1749265122,0.47570000,220.00000000,0.4733
1749265122,0.47580000,220.00000000,0.4733
1749265122,0.47600000,220.00000000,0.4733
1749265122,0.47610000,4493.00000000,0.4733
1749265122,0.47620000,2220.00000000,0.4733
1749265122,0.47640000,1118.00000000,0.4733
1749265122,0.47660000,220.00000000,0.4733
1749265122,0.47670000,32.00000000,0.4733
1749265122,0.47680000,285.00000000,0.4733
1749265122,0.47690000,449.00000000,0.4733
1749265122,0.47710000,312.00000000,0.4733
1749265122,0.47740000,219.00000000,0.4733
1749265122,0.47750000,1301.00000000,0.4733
1749265122,0.47760000,12.00000000,0.4733
1749265122,0.47790000,32557.00000000,0.4733
1749265122,0.47820000,163.00000000,0.4733
1749265122,0.47830000,776.00000000,0.4733
1749265122,0.47880000,2441.00000000,0.4733
1749265122,0.47930000,13.00000000,0.4733
1749265122,0.47940000,65.00000000,0.4733
1749265122,0.47990000,1030.00000000,0.4733
1749265122,0.48000000,587.00000000,0.4733
1749265122,0.48010000,1349.00000000,0.4733
1749265122,0.48020000,688.00000000,0.4733
1749265122,0.48030000,92783.00000000,0.4733
1749265122,0.48070000,83.00000000,0.4733
1749265122,0.48110000,3960.00000000,0.4733
1749265122,0.48200000,65.00000000,0.4733
1749265122,0.48250000,149.00000000,0.4733
1749265122,0.48260000,91727.00000000,0.4733
1749265122,0.48270000,31.00000000,0.4733
1749265122,0.48280000,21.00000000,0.4733
1749265122,0.48290000,961.00000000,0.4733
1749265122,0.48380000,928.00000000,0.4733
1749265122,0.48410000,292.00000000,0.4733
1749265122,0.48450000,345.00000000,0.4733
1749265122,0.48460000,65.00000000,0.4733
1749265122,0.48500000,1084.00000000,0.4733
1749265122,0.48520000,504.00000000,0.4733
1749265122,0.48530000,1031.00000000,0.4733
1749265122,0.48550000,510.00000000,0.4733
1749265122,0.48560000,3816.00000000,0.4733
1749265122,0.48570000,1822.00000000,0.4733
1749265122,0.48590000,1181.00000000,0.4733
1749265122,0.48650000,17.00000000,0.4733
1749265122,0.48670000,470.00000000,0.4733
1749265122,0.48680000,33.00000000,0.4733
1749265122,0.48720000,65.00000000,0.4733
1749265122,0.48750000,300.00000000,0.4733
1749265122,0.48760000,83.00000000,0.4733
1749265122,0.48770000,35.00000000,0.4733
1749265122,0.48890000,13.00000000,0.4733
1749265122,0.48920000,18.00000000,0.4733
1749265122,0.48950000,2511.00000000,0.4733
1749265122,0.48980000,65.00000000,0.4733
1749265122,0.48990000,1000.00000000,0.4733
1749265122,0.49000000,4160.00000000,0.4733
1749265122,0.49040000,33.00000000,0.4733
1749265122,0.49070000,4833.00000000,0.4733
1749265122,0.49130000,248.00000000,0.4733
1749265122,0.49200000,176.00000000,0.4733
1749265122,0.49230000,38.00000000,0.4733
1749265122,0.49250000,65.00000000,0.4733
1749265122,0.49300000,14.00000000,0.4733
1749265122,0.49400000,79.00000000,0.4733
1749265122,0.49470000,83.00000000,0.4733
1749265122,0.49480000,19.00000000,0.4733
1749265122,0.49500000,12.00000000,0.4733
1749265122,0.49510000,65.00000000,0.4733
1749265122,0.49590000,18.00000000,0.4733
1749265122,0.49690000,4225.00000000,0.4733
1749265122,0.49770000,14.00000000,0.4733
1749265122,0.49780000,65.00000000,0.4733
1749265122,0.49790000,5064.00000000,0.4733
1749265122,0.49800000,34.00000000,0.4733
1749265122,0.49810000,64769.00000000,0.4733
1749265122,0.49870000,13.00000000,0.4733
1749265122,0.49910000,40.00000000,0.4733
1749265122,0.49970000,11.00000000,0.4733
1749265122,0.49990000,1000.00000000,0.4733
1749265122,0.50000000,238.00000000,0.4733
1749265122,0.50030000,274.00000000,0.4733
1749265423,0.47440000,294.00000000,0.4743
1749265423,0.47450000,842.00000000,0.4743
1749265423,0.47460000,156.00000000,0.4743
1749265423,0.47480000,98.00000000,0.4743
1749265423,0.47490000,354.00000000,0.4743
1749265423,0.47510000,350.00000000,0.4743
1749265423,0.47520000,1232.00000000,0.4743
1749265423,0.47530000,4106.00000000,0.4743
1749265423,0.47540000,538.00000000,0.4743
1749265423,0.47550000,220.00000000,0.4743
1749265423,0.47570000,746.00000000,0.4743
1749265423,0.47580000,800.00000000,0.4743
1749265423,0.47600000,220.00000000,0.4743
1749265423,0.47610000,3146.00000000,0.4743
1749265423,0.47620000,558.00000000,0.4743
1749265423,0.47640000,220.00000000,0.4743
1749265423,0.47660000,1561.00000000,0.4743
1749265423,0.47670000,32.00000000,0.4743
1749265423,0.47680000,3183.00000000,0.4743
1749265423,0.47690000,449.00000000,0.4743
1749265423,0.47710000,312.00000000,0.4743
1749265423,0.47730000,219.00000000,0.4743
1749265423,0.47740000,219.00000000,0.4743
1749265423,0.47750000,1301.00000000,0.4743
1749265423,0.47760000,12.00000000,0.4743
1749265423,0.47780000,219.00000000,0.4743
1749265423,0.47790000,191.00000000,0.4743
1749265423,0.47810000,219.00000000,0.4743
1749265423,0.47820000,163.00000000,0.4743
1749265423,0.47830000,776.00000000,0.4743
1749265423,0.47860000,33285.00000000,0.4743
1749265423,0.47880000,2441.00000000,0.4743
1749265423,0.47930000,13.00000000,0.4743
1749265423,0.47940000,65.00000000,0.4743
1749265423,0.47990000,1030.00000000,0.4743
1749265423,0.48000000,246.00000000,0.4743
1749265423,0.48010000,511.00000000,0.4743
1749265423,0.48020000,48.00000000,0.4743
1749265423,0.48030000,131.00000000,0.4743
1749265423,0.48070000,83.00000000,0.4743
1749265423,0.48090000,89763.00000000,0.4743
1749265423,0.48110000,3960.00000000,0.4743
1749265423,0.48140000,838.00000000,0.4743
1749265423,0.48170000,640.00000000,0.4743
1749265423,0.48200000,65.00000000,0.4743
1749265423,0.48250000,18.00000000,0.4743
1749265423,0.48260000,150.00000000,0.4743
1749265423,0.48270000,31.00000000,0.4743
1749265423,0.48280000,21.00000000,0.4743
1749265423,0.48290000,961.00000000,0.4743
1749265423,0.48330000,88519.00000000,0.4743
1749265423,0.48380000,928.00000000,0.4743
1749265423,0.48410000,292.00000000,0.4743
1749265423,0.48460000,65.00000000,0.4743
1749265423,0.48500000,97.00000000,0.4743
1749265423,0.48530000,1031.00000000,0.4743
1749265423,0.48550000,855.00000000,0.4743
1749265423,0.48570000,1822.00000000,0.4743
1749265423,0.48600000,987.00000000,0.4743
1749265423,0.48620000,1705.00000000,0.4743
1749265423,0.48650000,17.00000000,0.4743
1749265423,0.48660000,504.00000000,0.4743
1749265423,0.48670000,470.00000000,0.4743
1749265423,0.48680000,33.00000000,0.4743
1749265423,0.48700000,2111.00000000,0.4743
1749265423,0.48720000,1246.00000000,0.4743
1749265423,0.48750000,300.00000000,0.4743
1749265423,0.48760000,83.00000000,0.4743
1749265423,0.48770000,35.00000000,0.4743
1749265423,0.48890000,13.00000000,0.4743
1749265423,0.48920000,18.00000000,0.4743
1749265423,0.48950000,2511.00000000,0.4743
1749265423,0.48980000,65.00000000,0.4743
1749265423,0.48990000,1000.00000000,0.4743
1749265423,0.49000000,4160.00000000,0.4743
1749265423,0.49040000,33.00000000,0.4743
1749265423,0.49070000,4761.00000000,0.4743
1749265423,0.49130000,248.00000000,0.4743
1749265423,0.49180000,72.00000000,0.4743
1749265423,0.49200000,176.00000000,0.4743
1749265423,0.49230000,38.00000000,0.4743
1749265423,0.49250000,65.00000000,0.4743
1749265423,0.49300000,14.00000000,0.4743
1749265423,0.49400000,79.00000000,0.4743
1749265423,0.49470000,83.00000000,0.4743
1749265423,0.49480000,19.00000000,0.4743
1749265423,0.49500000,12.00000000,0.4743
1749265423,0.49510000,65.00000000,0.4743
1749265423,0.49590000,18.00000000,0.4743
1749265423,0.49690000,4225.00000000,0.4743
1749265423,0.49770000,14.00000000,0.4743
1749265423,0.49780000,65.00000000,0.4743
1749265423,0.49790000,5064.00000000,0.4743
1749265423,0.49800000,34.00000000,0.4743
1749265423,0.49810000,64769.00000000,0.4743
1749265423,0.49870000,13.00000000,0.4743
1749265423,0.49910000,40.00000000,0.4743
1749265423,0.49970000,11.00000000,0.4743
1749265423,0.49990000,1000.00000000,0.4743
1749265423,0.50000000,238.00000000,0.4743
1749265729,0.47370000,99.00000000,0.4739
1749265729,0.47380000,863.00000000,0.4739
1749265729,0.47390000,186.00000000,0.4739
1749265729,0.47400000,811.00000000,0.4739
1749265729,0.47410000,712.00000000,0.4739
1749265729,0.47420000,387.00000000,0.4739
1749265729,0.47430000,837.00000000,0.4739
1749265729,0.47440000,2934.00000000,0.4739
1749265729,0.47450000,2445.00000000,0.4739
1749265729,0.47460000,3864.00000000,0.4739
1749265729,0.47470000,6029.00000000,0.4739
1749265729,0.47480000,2136.00000000,0.4739
1749265729,0.47490000,219.00000000,0.4739
1749265729,0.47500000,779.00000000,0.4739
1749265729,0.47510000,800.00000000,0.4739
1749265729,0.47530000,220.00000000,0.4739
1749265729,0.47540000,532.00000000,0.4739
1749265729,0.47550000,4279.00000000,0.4739
1749265729,0.47570000,220.00000000,0.4739
1749265729,0.47580000,220.00000000,0.4739
1749265729,0.47600000,220.00000000,0.4739
1749265729,0.47610000,3146.00000000,0.4739
1749265729,0.47620000,558.00000000,0.4739
1749265729,0.47640000,220.00000000,0.4739
1749265729,0.47660000,1571.00000000,0.4739
1749265729,0.47670000,32.00000000,0.4739
1749265729,0.47680000,1183.00000000,0.4739
1749265729,0.47710000,312.00000000,0.4739
1749265729,0.47730000,219.00000000,0.4739
1749265729,0.47740000,219.00000000,0.4739
1749265729,0.47750000,1336.00000000,0.4739
1749265729,0.47760000,231.00000000,0.4739
1749265729,0.47780000,410.00000000,0.4739
1749265729,0.47790000,32788.00000000,0.4739
1749265729,0.47810000,667.00000000,0.4739
1749265729,0.47830000,776.00000000,0.4739
1749265729,0.47850000,2000.00000000,0.4739
1749265729,0.47860000,163.00000000,0.4739
1749265729,0.47880000,2441.00000000,0.4739
1749265729,0.47930000,13.00000000,0.4739
1749265729,0.47940000,65.00000000,0.4739
1749265729,0.47990000,1030.00000000,0.4739
1749265729,0.48000000,12.00000000,0.4739
1749265729,0.48020000,169.00000000,0.4739
1749265729,0.48030000,91936.00000000,0.4739
1749265729,0.48070000,83.00000000,0.4739
1749265729,0.48110000,3960.00000000,0.4739
1749265729,0.48120000,511.00000000,0.4739
1749265729,0.48140000,838.00000000,0.4739
1749265729,0.48170000,640.00000000,0.4739
1749265729,0.48200000,65.00000000,0.4739
1749265729,0.48250000,18.00000000,0.4739
1749265729,0.48260000,263.00000000,0.4739
1749265729,0.48270000,89219.00000000,0.4739
1749265729,0.48280000,21.00000000,0.4739
1749265729,0.48290000,131.00000000,0.4739
1749265729,0.48410000,292.00000000,0.4739
1749265729,0.48430000,961.00000000,0.4739
1749265729,0.48460000,65.00000000,0.4739
1749265729,0.48500000,97.00000000,0.4739
1749265729,0.48530000,1959.00000000,0.4739
1749265729,0.48550000,855.00000000,0.4739
1749265729,0.48600000,987.00000000,0.4739
1749265729,0.48620000,1705.00000000,0.4739
1749265729,0.48650000,17.00000000,0.4739
1749265729,0.48660000,504.00000000,0.4739
1749265729,0.48670000,470.00000000,0.4739
1749265729,0.48680000,33.00000000,0.4739
1749265729,0.48700000,3933.00000000,0.4739
1749265729,0.48720000,1246.00000000,0.4739
1749265729,0.48750000,300.00000000,0.4739
1749265729,0.48760000,83.00000000,0.4739
1749265729,0.48770000,35.00000000,0.4739
1749265729,0.48890000,13.00000000,0.4739
1749265729,0.48920000,18.00000000,0.4739
1749265729,0.48950000,2511.00000000,0.4739
1749265729,0.48980000,65.00000000,0.4739
1749265729,0.48990000,1000.00000000,0.4739
1749265729,0.49000000,4160.00000000,0.4739
1749265729,0.49040000,33.00000000,0.4739
1749265729,0.49070000,4761.00000000,0.4739
1749265729,0.49130000,248.00000000,0.4739
1749265729,0.49180000,72.00000000,0.4739
1749265729,0.49200000,176.00000000,0.4739
1749265729,0.49230000,38.00000000,0.4739
1749265729,0.49250000,65.00000000,0.4739
1749265729,0.49300000,14.00000000,0.4739
1749265729,0.49400000,79.00000000,0.4739
1749265729,0.49470000,83.00000000,0.4739
1749265729,0.49480000,19.00000000,0.4739
1749265729,0.49500000,12.00000000,0.4739
1749265729,0.49510000,65.00000000,0.4739
1749265729,0.49590000,18.00000000,0.4739
1749265729,0.49690000,4225.00000000,0.4739
1749265729,0.49770000,14.00000000,0.4739
1749265729,0.49780000,65.00000000,0.4739
1749265729,0.49790000,5064.00000000,0.4739
1749265729,0.49800000,34.00000000,0.4739
1749265729,0.49810000,64769.00000000,0.4739
1749265729,0.49870000,13.00000000,0.4739
1749266031,0.47470000,59.00000000,0.4748
1749266031,0.47480000,186.00000000,0.4748
1749266031,0.47490000,753.00000000,0.4748
1749266031,0.47500000,1631.00000000,0.4748
1749266031,0.47510000,1877.00000000,0.4748
1749266031,0.47520000,737.00000000,0.4748
1749266031,0.47530000,2456.00000000,0.4748
1749266031,0.47540000,725.00000000,0.4748
1749266031,0.47550000,5032.00000000,0.4748
1749266031,0.47560000,8062.00000000,0.4748
1749266031,0.47570000,1510.00000000,0.4748
1749266031,0.47580000,4639.00000000,0.4748
1749266031,0.47600000,800.00000000,0.4748
1749266031,0.47610000,3146.00000000,0.4748
1749266031,0.47620000,220.00000000,0.4748
1749266031,0.47640000,751.00000000,0.4748
1749266031,0.47660000,220.00000000,0.4748
1749266031,0.47680000,623.00000000,0.4748
1749266031,0.47710000,1575.00000000,0.4748
1749266031,0.47730000,219.00000000,0.4748
1749266031,0.47740000,219.00000000,0.4748
1749266031,0.47760000,3129.00000000,0.4748
1749266031,0.47780000,219.00000000,0.4748
1749266031,0.47810000,667.00000000,0.4748
1749266031,0.47820000,219.00000000,0.4748
1749266031,0.47830000,2185.00000000,0.4748
1749266031,0.47840000,219.00000000,0.4748
1749266031,0.47870000,219.00000000,0.4748
1749266031,0.47880000,15.00000000,0.4748
1749266031,0.47890000,33553.00000000,0.4748
1749266031,0.47910000,163.00000000,0.4748
1749266031,0.47930000,45.00000000,0.4748
1749266031,0.47940000,65.00000000,0.4748
1749266031,0.47980000,2449.00000000,0.4748
1749266031,0.47990000,1030.00000000,0.4748
1749266031,0.48000000,12.00000000,0.4748
1749266031,0.48020000,48.00000000,0.4748
1749266031,0.48070000,83.00000000,0.4748
1749266031,0.48110000,1516.00000000,0.4748
1749266031,0.48120000,511.00000000,0.4748
1749266031,0.48130000,90355.00000000,0.4748
1749266031,0.48170000,640.00000000,0.4748
1749266031,0.48200000,65.00000000,0.4748
1749266031,0.48250000,18.00000000,0.4748
1749266031,0.48260000,150.00000000,0.4748
1749266031,0.48270000,3248.00000000,0.4748
1749266031,0.48280000,21.00000000,0.4748
1749266031,0.48350000,234.00000000,0.4748
1749266031,0.48360000,88198.00000000,0.4748
1749266031,0.48410000,292.00000000,0.4748
1749266031,0.48430000,961.00000000,0.4748
1749266031,0.48460000,65.00000000,0.4748
1749266031,0.48500000,97.00000000,0.4748
1749266031,0.48530000,928.00000000,0.4748
1749266031,0.48550000,345.00000000,0.4748
1749266031,0.48600000,1497.00000000,0.4748
1749266031,0.48620000,1705.00000000,0.4748
1749266031,0.48640000,1031.00000000,0.4748
1749266031,0.48650000,17.00000000,0.4748
1749266031,0.48660000,504.00000000,0.4748
1749266031,0.48670000,470.00000000,0.4748
1749266031,0.48680000,33.00000000,0.4748
1749266031,0.48700000,3933.00000000,0.4748
1749266031,0.48720000,1246.00000000,0.4748
1749266031,0.48750000,11.00000000,0.4748
1749266031,0.48760000,83.00000000,0.4748
1749266031,0.48770000,35.00000000,0.4748
1749266031,0.48880000,289.00000000,0.4748
1749266031,0.48890000,13.00000000,0.4748
1749266031,0.48920000,18.00000000,0.4748
1749266031,0.48950000,2511.00000000,0.4748
1749266031,0.48980000,65.00000000,0.4748
1749266031,0.48990000,1000.00000000,0.4748
1749266031,0.49000000,4160.00000000,0.4748
1749266031,0.49040000,33.00000000,0.4748
1749266031,0.49070000,2645.00000000,0.4748
1749266031,0.49170000,248.00000000,0.4748
1749266031,0.49180000,72.00000000,0.4748
1749266031,0.49200000,176.00000000,0.4748
1749266031,0.49220000,2116.00000000,0.4748
1749266031,0.49230000,38.00000000,0.4748
1749266031,0.49250000,65.00000000,0.4748
1749266031,0.49300000,14.00000000,0.4748
1749266031,0.49400000,79.00000000,0.4748
1749266031,0.49470000,83.00000000,0.4748
1749266031,0.49480000,19.00000000,0.4748
1749266031,0.49500000,12.00000000,0.4748
1749266031,0.49510000,65.00000000,0.4748
1749266031,0.49590000,18.00000000,0.4748
1749266031,0.49690000,4225.00000000,0.4748
1749266031,0.49770000,14.00000000,0.4748
1749266031,0.49780000,65.00000000,0.4748
1749266031,0.49800000,34.00000000,0.4748
1749266031,0.49810000,64769.00000000,0.4748
1749266031,0.49870000,13.00000000,0.4748
1749266031,0.49910000,40.00000000,0.4748
1749266031,0.49970000,11.00000000,0.4748
1749266031,0.49990000,1000.00000000,0.4748
1749266031,0.50000000,238.00000000,0.4748
1749266031,0.50030000,274.00000000,0.4748
1749266333,0.47450000,64.00000000,0.4749
1749266333,0.47460000,292.00000000,0.4749
1749266333,0.47470000,170.00000000,0.4749
1749266333,0.47480000,742.00000000,0.4749
1749266333,0.47490000,275.00000000,0.4749
1749266333,0.47510000,737.00000000,0.4749
1749266333,0.47520000,2857.00000000,0.4749
1749266333,0.47530000,4669.00000000,0.4749
1749266333,0.47540000,2951.00000000,0.4749
1749266333,0.47550000,5139.00000000,0.4749
1749266333,0.47560000,1725.00000000,0.4749
1749266333,0.47570000,220.00000000,0.4749
1749266333,0.47580000,759.00000000,0.4749
1749266333,0.47590000,580.00000000,0.4749
1749266333,0.47600000,395.00000000,0.4749
1749266333,0.47610000,7027.00000000,0.4749
1749266333,0.47620000,748.00000000,0.4749
1749266333,0.47640000,220.00000000,0.4749
1749266333,0.47650000,175.00000000,0.4749
1749266333,0.47660000,220.00000000,0.4749
1749266333,0.47680000,285.00000000,0.4749
1749266333,0.47710000,219.00000000,0.4749
1749266333,0.47730000,219.00000000,0.4749
1749266333,0.47740000,219.00000000,0.4749
1749266333,0.47760000,1561.00000000,0.4749
1749266333,0.47770000,1236.00000000,0.4749
1749266333,0.47780000,219.00000000,0.4749
1749266333,0.47810000,219.00000000,0.4749
1749266333,0.47820000,219.00000000,0.4749
1749266333,0.47830000,2185.00000000,0.4749
1749266333,0.47840000,219.00000000,0.4749
1749266333,0.47860000,341.00000000,0.4749
1749266333,0.47870000,32862.00000000,0.4749
1749266333,0.47880000,15.00000000,0.4749
1749266333,0.47890000,219.00000000,0.4749
1749266333,0.47910000,610.00000000,0.4749
1749266333,0.47930000,45.00000000,0.4749
1749266333,0.47940000,65.00000000,0.4749
1749266333,0.47980000,2449.00000000,0.4749
1749266333,0.47990000,1030.00000000,0.4749
1749266333,0.48000000,12.00000000,0.4749
1749266333,0.48020000,48.00000000,0.4749
1749266333,0.48070000,83.00000000,0.4749
1749266333,0.48110000,94217.00000000,0.4749
1749266333,0.48120000,511.00000000,0.4749
1749266333,0.48170000,640.00000000,0.4749
1749266333,0.48200000,65.00000000,0.4749
1749266333,0.48250000,18.00000000,0.4749
1749266333,0.48270000,3248.00000000,0.4749
1749266333,0.48280000,21.00000000,0.4749
1749266333,0.48350000,234.00000000,0.4749
1749266333,0.48370000,89155.00000000,0.4749
1749266333,0.48410000,292.00000000,0.4749
1749266333,0.48430000,961.00000000,0.4749
1749266333,0.48460000,65.00000000,0.4749
1749266333,0.48500000,97.00000000,0.4749
1749266333,0.48600000,510.00000000,0.4749
1749266333,0.48640000,1031.00000000,0.4749
1749266333,0.48650000,362.00000000,0.4749
1749266333,0.48660000,928.00000000,0.4749
1749266333,0.48670000,470.00000000,0.4749
1749266333,0.48680000,33.00000000,0.4749
1749266333,0.48700000,1822.00000000,0.4749
1749266333,0.48720000,1246.00000000,0.4749
1749266333,0.48730000,987.00000000,0.4749
1749266333,0.48740000,1705.00000000,0.4749
1749266333,0.48750000,11.00000000,0.4749
1749266333,0.48760000,83.00000000,0.4749
1749266333,0.48770000,35.00000000,0.4749
1749266333,0.48800000,504.00000000,0.4749
1749266333,0.48840000,2111.00000000,0.4749
1749266333,0.48880000,289.00000000,0.4749
1749266333,0.48890000,13.00000000,0.4749
1749266333,0.48920000,18.00000000,0.4749
1749266333,0.48950000,2511.00000000,0.4749
1749266333,0.48980000,65.00000000,0.4749
1749266333,0.48990000,1000.00000000,0.4749
1749266333,0.49000000,4160.00000000,0.4749
1749266333,0.49040000,33.00000000,0.4749
1749266333,0.49070000,2645.00000000,0.4749
1749266333,0.49170000,248.00000000,0.4749
1749266333,0.49200000,176.00000000,0.4749
1749266333,0.49220000,2116.00000000,0.4749
1749266333,0.49230000,38.00000000,0.4749
1749266333,0.49250000,65.00000000,0.4749
1749266333,0.49270000,72.00000000,0.4749
1749266333,0.49300000,14.00000000,0.4749
1749266333,0.49400000,79.00000000,0.4749
1749266333,0.49470000,83.00000000,0.4749
1749266333,0.49480000,19.00000000,0.4749
1749266333,0.49500000,12.00000000,0.4749
1749266333,0.49510000,65.00000000,0.4749
1749266333,0.49590000,18.00000000,0.4749
1749266333,0.49690000,4225.00000000,0.4749
1749266333,0.49770000,14.00000000,0.4749
1749266333,0.49780000,65.00000000,0.4749
1749266333,0.49800000,34.00000000,0.4749
1749266333,0.49810000,64769.00000000,0.4749
1749266333,0.49870000,13.00000000,0.4749
1749266333,0.49910000,40.00000000,0.4749
1749266642,0.47540000,388.00000000,0.4752
1749266642,0.47550000,620.00000000,0.4752
1749266642,0.47560000,748.00000000,0.4752
1749266642,0.47570000,2502.00000000,0.4752
1749266642,0.47580000,2450.00000000,0.4752
1749266642,0.47590000,2377.00000000,0.4752
1749266642,0.47600000,7428.00000000,0.4752
1749266642,0.47610000,4371.00000000,0.4752
1749266642,0.47620000,5247.00000000,0.4752
1749266642,0.47630000,3880.00000000,0.4752
1749266642,0.47640000,751.00000000,0.4752
1749266642,0.47650000,175.00000000,0.4752
1749266642,0.47660000,800.00000000,0.4752
1749266642,0.47680000,808.00000000,0.4752
1749266642,0.47700000,175.00000000,0.4752
1749266642,0.47710000,219.00000000,0.4752
1749266642,0.47730000,219.00000000,0.4752
1749266642,0.47740000,219.00000000,0.4752
1749266642,0.47760000,1561.00000000,0.4752
1749266642,0.47770000,338.00000000,0.4752
1749266642,0.47780000,219.00000000,0.4752
1749266642,0.47790000,2000.00000000,0.4752
1749266642,0.47800000,898.00000000,0.4752
1749266642,0.47810000,219.00000000,0.4752
1749266642,0.47820000,219.00000000,0.4752
1749266642,0.47830000,869.00000000,0.4752
1749266642,0.47840000,219.00000000,0.4752
1749266642,0.47860000,341.00000000,0.4752
1749266642,0.47870000,219.00000000,0.4752
1749266642,0.47880000,15.00000000,0.4752
1749266642,0.47890000,219.00000000,0.4752
1749266642,0.47900000,219.00000000,0.4752
1749266642,0.47910000,1940.00000000,0.4752
1749266642,0.47930000,45.00000000,0.4752
1749266642,0.47940000,32968.00000000,0.4752
1749266642,0.47980000,2449.00000000,0.4752
1749266642,0.47990000,1030.00000000,0.4752
1749266642,0.48000000,12.00000000,0.4752
1749266642,0.48020000,48.00000000,0.4752
1749266642,0.48070000,83.00000000,0.4752
1749266642,0.48100000,244.00000000,0.4752
1749266642,0.48110000,1516.00000000,0.4752
1749266642,0.48120000,511.00000000,0.4752
1749266642,0.48130000,121.00000000,0.4752
1749266642,0.48170000,640.00000000,0.4752
1749266642,0.48190000,89277.00000000,0.4752
1749266642,0.48200000,65.00000000,0.4752
1749266642,0.48250000,18.00000000,0.4752
1749266642,0.48270000,3248.00000000,0.4752
1749266642,0.48280000,21.00000000,0.4752
1749266642,0.48410000,89414.00000000,0.4752
1749266642,0.48430000,961.00000000,0.4752
1749266642,0.48460000,65.00000000,0.4752
1749266642,0.48500000,97.00000000,0.4752
1749266642,0.48600000,510.00000000,0.4752
1749266642,0.48640000,1031.00000000,0.4752
1749266642,0.48650000,362.00000000,0.4752
1749266642,0.48660000,928.00000000,0.4752
1749266642,0.48670000,470.00000000,0.4752
1749266642,0.48680000,33.00000000,0.4752
1749266642,0.48710000,1822.00000000,0.4752
1749266642,0.48720000,1246.00000000,0.4752
1749266642,0.48730000,987.00000000,0.4752
1749266642,0.48740000,1705.00000000,0.4752
1749266642,0.48750000,11.00000000,0.4752
1749266642,0.48760000,83.00000000,0.4752
1749266642,0.48770000,35.00000000,0.4752
1749266642,0.48800000,504.00000000,0.4752
1749266642,0.48840000,2111.00000000,0.4752
1749266642,0.48880000,289.00000000,0.4752
1749266642,0.48890000,13.00000000,0.4752
1749266642,0.48920000,18.00000000,0.4752
1749266642,0.48950000,2511.00000000,0.4752
1749266642,0.48980000,65.00000000,0.4752
1749266642,0.48990000,1000.00000000,0.4752
1749266642,0.49000000,4160.00000000,0.4752
1749266642,0.49040000,33.00000000,0.4752
1749266642,0.49070000,2645.00000000,0.4752
1749266642,0.49170000,248.00000000,0.4752
1749266642,0.49200000,176.00000000,0.4752
1749266642,0.49220000,2116.00000000,0.4752
1749266642,0.49230000,38.00000000,0.4752
1749266642,0.49250000,65.00000000,0.4752
1749266642,0.49270000,72.00000000,0.4752
1749266642,0.49300000,14.00000000,0.4752
1749266642,0.49400000,79.00000000,0.4752
1749266642,0.49470000,83.00000000,0.4752
1749266642,0.49480000,19.00000000,0.4752
1749266642,0.49500000,12.00000000,0.4752
1749266642,0.49510000,65.00000000,0.4752
1749266642,0.49590000,18.00000000,0.4752
1749266642,0.49690000,4225.00000000,0.4752
1749266642,0.49770000,14.00000000,0.4752
1749266642,0.49780000,65.00000000,0.4752
1749266642,0.49800000,34.00000000,0.4752
1749266642,0.49810000,64769.00000000,0.4752
1749266642,0.49870000,13.00000000,0.4752
1749266642,0.49910000,40.00000000,0.4752
1749266642,0.49970000,11.00000000,0.4752
1749266642,0.49990000,1000.00000000,0.4752
1749266944,0.47500000,54.00000000,0.4756
1749266944,0.47510000,357.00000000,0.4756
1749266944,0.47520000,484.00000000,0.4756
1749266944,0.47530000,219.00000000,0.4756
1749266944,0.47540000,723.00000000,0.4756
1749266944,0.47550000,1679.00000000,0.4756
1749266944,0.47560000,723.00000000,0.4756
1749266944,0.47570000,1679.00000000,0.4756
1749266944,0.47580000,353.00000000,0.4756
1749266944,0.47590000,792.00000000,0.4756
1749266944,0.47600000,4906.00000000,0.4756
1749266944,0.47610000,3146.00000000,0.4756
1749266944,0.47620000,1856.00000000,0.4756
1749266944,0.47630000,3882.00000000,0.4756
1749266944,0.47640000,220.00000000,0.4756
1749266944,0.47650000,755.00000000,0.4756
1749266944,0.47660000,220.00000000,0.4756
1749266944,0.47670000,530.00000000,0.4756
1749266944,0.47680000,285.00000000,0.4756
1749266944,0.47700000,175.00000000,0.4756
1749266944,0.47710000,219.00000000,0.4756
1749266944,0.47730000,219.00000000,0.4756
1749266944,0.47740000,219.00000000,0.4756
1749266944,0.47760000,1592.00000000,0.4756
1749266944,0.47770000,338.00000000,0.4756
1749266944,0.47780000,219.00000000,0.4756
1749266944,0.47790000,2000.00000000,0.4756
1749266944,0.47800000,898.00000000,0.4756
1749266944,0.47810000,219.00000000,0.4756
1749266944,0.47820000,219.00000000,0.4756
1749266944,0.47830000,869.00000000,0.4756
1749266944,0.47840000,219.00000000,0.4756
1749266944,0.47870000,219.00000000,0.4756
1749266944,0.47880000,15.00000000,0.4756
1749266944,0.47890000,219.00000000,0.4756
1749266944,0.47900000,219.00000000,0.4756
1749266944,0.47910000,1940.00000000,0.4756
1749266944,0.47920000,32863.00000000,0.4756
1749266944,0.47930000,236.00000000,0.4756
1749266944,0.47940000,65.00000000,0.4756
1749266944,0.47980000,2449.00000000,0.4756
1749266944,0.47990000,1030.00000000,0.4756
1749266944,0.48000000,12.00000000,0.4756
1749266944,0.48020000,48.00000000,0.4756
1749266944,0.48070000,83.00000000,0.4756
1749266944,0.48110000,1516.00000000,0.4756
1749266944,0.48160000,89162.00000000,0.4756
1749266944,0.48170000,365.00000000,0.4756
1749266944,0.48200000,65.00000000,0.4756
1749266944,0.48210000,150.00000000,0.4756
1749266944,0.48250000,18.00000000,0.4756
1749266944,0.48270000,3248.00000000,0.4756
1749266944,0.48280000,21.00000000,0.4756
1749266944,0.48330000,640.00000000,0.4756
1749266944,0.48410000,92666.00000000,0.4756
1749266944,0.48460000,65.00000000,0.4756
1749266944,0.48500000,97.00000000,0.4756
1749266944,0.48570000,961.00000000,0.4756
1749266944,0.48650000,17.00000000,0.4756
1749266944,0.48660000,928.00000000,0.4756
1749266944,0.48670000,470.00000000,0.4756
1749266944,0.48680000,33.00000000,0.4756
1749266944,0.48700000,345.00000000,0.4756
1749266944,0.48710000,1822.00000000,0.4756
1749266944,0.48720000,1096.00000000,0.4756
1749266944,0.48730000,987.00000000,0.4756
1749266944,0.48750000,11.00000000,0.4756
1749266944,0.48760000,83.00000000,0.4756
1749266944,0.48770000,545.00000000,0.4756
1749266944,0.48800000,2209.00000000,0.4756
1749266944,0.48840000,2111.00000000,0.4756
1749266944,0.48850000,1181.00000000,0.4756
1749266944,0.48890000,13.00000000,0.4756
1749266944,0.48920000,18.00000000,0.4756
1749266944,0.48950000,2800.00000000,0.4756
1749266944,0.48980000,65.00000000,0.4756
1749266944,0.48990000,1000.00000000,0.4756
1749266944,0.49000000,4160.00000000,0.4756
1749266944,0.49040000,33.00000000,0.4756
1749266944,0.49070000,2645.00000000,0.4756
1749266944,0.49200000,176.00000000,0.4756
1749266944,0.49220000,2116.00000000,0.4756
1749266944,0.49230000,38.00000000,0.4756
1749266944,0.49250000,65.00000000,0.4756
1749266944,0.49270000,72.00000000,0.4756
1749266944,0.49300000,14.00000000,0.4756
1749266944,0.49350000,248.00000000,0.4756
1749266944,0.49400000,79.00000000,0.4756
1749266944,0.49470000,83.00000000,0.4756
1749266944,0.49480000,19.00000000,0.4756
1749266944,0.49500000,12.00000000,0.4756
1749266944,0.49510000,65.00000000,0.4756
1749266944,0.49590000,18.00000000,0.4756
1749266944,0.49690000,4225.00000000,0.4756
1749266944,0.49770000,14.00000000,0.4756
1749266944,0.49780000,65.00000000,0.4756
1749266944,0.49800000,34.00000000,0.4756
1749266944,0.49810000,64769.00000000,0.4756
1749266944,0.49870000,13.00000000,0.4756
1749266944,0.49910000,40.00000000,0.4756
1749267245,0.47480000,154.00000000,0.4747
1749267245,0.47490000,345.00000000,0.4747
1749267245,0.47500000,92.00000000,0.4747
1749267245,0.47510000,512.00000000,0.4747
1749267245,0.47530000,352.00000000,0.4747
1749267245,0.47540000,219.00000000,0.4747
1749267245,0.47550000,305.00000000,0.4747
1749267245,0.47560000,219.00000000,0.4747
1749267245,0.47580000,748.00000000,0.4747
1749267245,0.47590000,751.00000000,0.4747
1749267245,0.47600000,3620.00000000,0.4747
1749267245,0.47610000,3726.00000000,0.4747
1749267245,0.47620000,220.00000000,0.4747
1749267245,0.47630000,4402.00000000,0.4747
1749267245,0.47640000,220.00000000,0.4747
1749267245,0.47650000,175.00000000,0.4747
1749267245,0.47660000,220.00000000,0.4747
1749267245,0.47680000,285.00000000,0.4747
1749267245,0.47690000,338.00000000,0.4747
1749267245,0.47710000,1546.00000000,0.4747
1749267245,0.47720000,898.00000000,0.4747
1749267245,0.47730000,219.00000000,0.4747
1749267245,0.47740000,219.00000000,0.4747
1749267245,0.47760000,231.00000000,0.4747
1749267245,0.47780000,219.00000000,0.4747
1749267245,0.47810000,219.00000000,0.4747
1749267245,0.47820000,219.00000000,0.4747
1749267245,0.47830000,2183.00000000,0.4747
1749267245,0.47840000,219.00000000,0.4747
1749267245,0.47870000,219.00000000,0.4747
1749267245,0.47880000,15.00000000,0.4747
1749267245,0.47890000,191.00000000,0.4747
1749267245,0.47900000,32556.00000000,0.4747
1749267245,0.47910000,610.00000000,0.4747
1749267245,0.47930000,45.00000000,0.4747
1749267245,0.47940000,65.00000000,0.4747
1749267245,0.47980000,2449.00000000,0.4747
1749267245,0.47990000,1030.00000000,0.4747
1749267245,0.48000000,12.00000000,0.4747
1749267245,0.48020000,48.00000000,0.4747
1749267245,0.48070000,83.00000000,0.4747
1749267245,0.48110000,1516.00000000,0.4747
1749267245,0.48130000,365.00000000,0.4747
1749267245,0.48140000,89202.00000000,0.4747
1749267245,0.48200000,65.00000000,0.4747
1749267245,0.48240000,51.00000000,0.4747
1749267245,0.48250000,18.00000000,0.4747
1749267245,0.48270000,3248.00000000,0.4747
1749267245,0.48280000,661.00000000,0.4747
1749267245,0.48390000,91500.00000000,0.4747
1749267245,0.48410000,292.00000000,0.4747
1749267245,0.48440000,961.00000000,0.4747
1749267245,0.48460000,65.00000000,0.4747
1749267245,0.48500000,97.00000000,0.4747
1749267245,0.48650000,17.00000000,0.4747
1749267245,0.48660000,928.00000000,0.4747
1749267245,0.48670000,470.00000000,0.4747
1749267245,0.48680000,33.00000000,0.4747
1749267245,0.48700000,1332.00000000,0.4747
1749267245,0.48710000,1822.00000000,0.4747
1749267245,0.48720000,1096.00000000,0.4747
1749267245,0.48750000,11.00000000,0.4747
1749267245,0.48760000,83.00000000,0.4747
1749267245,0.48770000,545.00000000,0.4747
1749267245,0.48800000,2209.00000000,0.4747
1749267245,0.48840000,2111.00000000,0.4747
1749267245,0.48850000,1181.00000000,0.4747
1749267245,0.48890000,13.00000000,0.4747
1749267245,0.48920000,18.00000000,0.4747
1749267245,0.48950000,2800.00000000,0.4747
1749267245,0.48980000,65.00000000,0.4747
1749267245,0.48990000,1000.00000000,0.4747
1749267245,0.49000000,4160.00000000,0.4747
1749267245,0.49040000,33.00000000,0.4747
1749267245,0.49070000,2645.00000000,0.4747
1749267245,0.49200000,176.00000000,0.4747
1749267245,0.49220000,2116.00000000,0.4747
1749267245,0.49230000,38.00000000,0.4747
1749267245,0.49240000,72.00000000,0.4747
1749267245,0.49250000,65.00000000,0.4747
1749267245,0.49300000,14.00000000,0.4747
1749267245,0.49350000,248.00000000,0.4747
1749267245,0.49400000,79.00000000,0.4747
1749267245,0.49470000,83.00000000,0.4747
1749267245,0.49480000,19.00000000,0.4747
1749267245,0.49500000,12.00000000,0.4747
1749267245,0.49510000,65.00000000,0.4747
1749267245,0.49590000,18.00000000,0.4747
1749267245,0.49690000,4225.00000000,0.4747
1749267245,0.49770000,14.00000000,0.4747
1749267245,0.49780000,65.00000000,0.4747
1749267245,0.49800000,34.00000000,0.4747
1749267245,0.49810000,64769.00000000,0.4747
1749267245,0.49870000,13.00000000,0.4747
1749267245,0.49910000,40.00000000,0.4747
1749267245,0.49970000,5075.00000000,0.4747
1749267245,0.49990000,1000.00000000,0.4747
1749267245,0.50000000,238.00000000,0.4747
1749267245,0.50030000,274.00000000,0.4747
1749267245,0.50050000,65.00000000,0.4747
1749267547,0.47540000,58.00000000,0.4747
1749267547,0.47550000,146.00000000,0.4747
1749267547,0.47560000,516.00000000,0.4747
1749267547,0.47570000,218.00000000,0.4747
1749267547,0.47580000,603.00000000,0.4747
1749267547,0.47600000,1472.00000000,0.4747
1749267547,0.47610000,3146.00000000,0.4747
1749267547,0.47620000,220.00000000,0.4747
1749267547,0.47630000,1525.00000000,0.4747
1749267547,0.47640000,4787.00000000,0.4747
1749267547,0.47650000,2284.00000000,0.4747
1749267547,0.47660000,750.00000000,0.4747
1749267547,0.47680000,865.00000000,0.4747
1749267547,0.47690000,531.00000000,0.4747
1749267547,0.47700000,175.00000000,0.4747
1749267547,0.47710000,219.00000000,0.4747
1749267547,0.47730000,219.00000000,0.4747
1749267547,0.47740000,219.00000000,0.4747
1749267547,0.47750000,175.00000000,0.4747
1749267547,0.47760000,2473.00000000,0.4747
1749267547,0.47770000,338.00000000,0.4747
1749267547,0.47780000,219.00000000,0.4747
1749267547,0.47810000,219.00000000,0.4747
1749267547,0.47820000,219.00000000,0.4747
1749267547,0.47830000,869.00000000,0.4747
1749267547,0.47840000,219.00000000,0.4747
1749267547,0.47870000,219.00000000,0.4747
1749267547,0.47880000,234.00000000,0.4747
1749267547,0.47900000,219.00000000,0.4747
1749267547,0.47910000,1946.00000000,0.4747
1749267547,0.47930000,166.00000000,0.4747
1749267547,0.47940000,256.00000000,0.4747
1749267547,0.47960000,32649.00000000,0.4747
1749267547,0.47980000,2449.00000000,0.4747
1749267547,0.47990000,1030.00000000,0.4747
1749267547,0.48000000,12.00000000,0.4747
1749267547,0.48020000,48.00000000,0.4747
1749267547,0.48070000,83.00000000,0.4747
1749267547,0.48110000,1516.00000000,0.4747
1749267547,0.48140000,150.00000000,0.4747
1749267547,0.48170000,244.00000000,0.4747
1749267547,0.48200000,88284.00000000,0.4747
1749267547,0.48240000,51.00000000,0.4747
1749267547,0.48250000,18.00000000,0.4747
1749267547,0.48270000,3248.00000000,0.4747
1749267547,0.48280000,661.00000000,0.4747
1749267547,0.48410000,292.00000000,0.4747
1749267547,0.48440000,961.00000000,0.4747
1749267547,0.48460000,88416.00000000,0.4747
1749267547,0.48500000,97.00000000,0.4747
1749267547,0.48650000,17.00000000,0.4747
1749267547,0.48660000,928.00000000,0.4747
1749267547,0.48670000,470.00000000,0.4747
1749267547,0.48680000,33.00000000,0.4747
1749267547,0.48700000,1332.00000000,0.4747
1749267547,0.48720000,1096.00000000,0.4747
1749267547,0.48730000,1822.00000000,0.4747
1749267547,0.48750000,11.00000000,0.4747
1749267547,0.48760000,83.00000000,0.4747
1749267547,0.48770000,545.00000000,0.4747
1749267547,0.48800000,2209.00000000,0.4747
1749267547,0.48840000,2111.00000000,0.4747
1749267547,0.48850000,1181.00000000,0.4747
1749267547,0.48890000,13.00000000,0.4747
1749267547,0.48920000,18.00000000,0.4747
1749267547,0.48950000,2800.00000000,0.4747
1749267547,0.48980000,65.00000000,0.4747
1749267547,0.48990000,1000.00000000,0.4747
1749267547,0.49000000,4160.00000000,0.4747
1749267547,0.49040000,33.00000000,0.4747
1749267547,0.49070000,2645.00000000,0.4747
1749267547,0.49200000,176.00000000,0.4747
1749267547,0.49220000,2116.00000000,0.4747
1749267547,0.49230000,38.00000000,0.4747
1749267547,0.49240000,72.00000000,0.4747
1749267547,0.49250000,65.00000000,0.4747
1749267547,0.49300000,14.00000000,0.4747
1749267547,0.49350000,248.00000000,0.4747
1749267547,0.49400000,79.00000000,0.4747
1749267547,0.49470000,83.00000000,0.4747
1749267547,0.49480000,19.00000000,0.4747
1749267547,0.49500000,12.00000000,0.4747
1749267547,0.49510000,65.00000000,0.4747
1749267547,0.49590000,18.00000000,0.4747
1749267547,0.49690000,4225.00000000,0.4747
1749267547,0.49770000,14.00000000,0.4747
1749267547,0.49780000,65.00000000,0.4747
1749267547,0.49800000,34.00000000,0.4747
1749267547,0.49810000,64769.00000000,0.4747
1749267547,0.49870000,13.00000000,0.4747
1749267547,0.49910000,40.00000000,0.4747
1749267547,0.49970000,5075.00000000,0.4747
1749267547,0.49990000,1000.00000000,0.4747
1749267547,0.50000000,238.00000000,0.4747
1749267547,0.50030000,274.00000000,0.4747
1749267547,0.50050000,65.00000000,0.4747
1749267547,0.50120000,521.00000000,0.4747
1749267547,0.50180000,83.00000000,0.4747
1749267547,0.50230000,21.00000000,0.4747
1749267547,0.50280000,18.00000000,0.4747
1749267848,0.47600000,1177.00000000,0.4755
1749267848,0.47610000,3430.00000000,0.4755
1749267848,0.47620000,593.00000000,0.4755
1749267848,0.47630000,218.00000000,0.4755
1749267848,0.47640000,472.00000000,0.4755
1749267848,0.47650000,291.00000000,0.4755
1749267848,0.47660000,1384.00000000,0.4755
1749267848,0.47670000,4890.00000000,0.4755
1749267848,0.47680000,2387.00000000,0.4755
1749267848,0.47700000,704.00000000,0.4755
1749267848,0.47710000,219.00000000,0.4755
1749267848,0.47730000,799.00000000,0.4755
1749267848,0.47740000,219.00000000,0.4755
1749267848,0.47750000,708.00000000,0.4755
1749267848,0.47760000,231.00000000,0.4755
1749267848,0.47780000,219.00000000,0.4755
1749267848,0.47800000,1073.00000000,0.4755
1749267848,0.47810000,1566.00000000,0.4755
1749267848,0.47820000,219.00000000,0.4755
1749267848,0.47830000,869.00000000,0.4755
1749267848,0.47840000,219.00000000,0.4755
1749267848,0.47850000,338.00000000,0.4755
1749267848,0.47870000,219.00000000,0.4755
1749267848,0.47880000,234.00000000,0.4755
1749267848,0.47900000,2219.00000000,0.4755
1749267848,0.47910000,1783.00000000,0.4755
1749267848,0.47930000,263.00000000,0.4755
1749267848,0.47940000,65.00000000,0.4755
1749267848,0.47990000,1030.00000000,0.4755
1749267848,0.48000000,12.00000000,0.4755
