timestamp,price,volume,current_price
1749258454,0.63900000,3019.20000000,0.638
1749258454,0.64000000,43151.60000000,0.638
1749258454,0.64100000,14047.20000000,0.638
1749258454,0.64200000,16191.50000000,0.638
1749258454,0.64300000,10649.90000000,0.638
1749258454,0.64400000,11375.60000000,0.638
1749258454,0.64500000,3566.90000000,0.638
1749258454,0.64600000,2461.20000000,0.638
1749258454,0.64700000,1282.20000000,0.638
1749258454,0.64800000,2504.00000000,0.638
1749258454,0.64900000,431.00000000,0.638
1749258454,0.65000000,399.60000000,0.638
1749258454,0.65100000,409.00000000,0.638
1749258454,0.65200000,379.90000000,0.638
1749258454,0.65300000,379.90000000,0.638
1749258454,0.65400000,4599.90000000,0.638
1749258454,0.65500000,387.60000000,0.638
1749258454,0.65600000,387.90000000,0.638
1749258454,0.65700000,379.80000000,0.638
1749258454,0.65800000,396.80000000,0.638
1749258454,0.65900000,6285.90000000,0.638
1749258454,0.66000000,1307.80000000,0.638
1749258454,0.66100000,379.80000000,0.638
1749258454,0.66200000,375.90000000,0.638
1749258454,0.66300000,15.80000000,0.638
1749258454,0.66400000,29.40000000,0.638
1749258454,0.66500000,392.40000000,0.638
1749258454,0.66600000,368.00000000,0.638
1749258454,0.66700000,60.80000000,0.638
1749258454,0.66800000,1947.80000000,0.638
1749258454,0.66900000,405.80000000,0.638
1749258454,0.67000000,409.60000000,0.638
1749258454,0.67100000,35.50000000,0.638
1749258454,0.67200000,158.40000000,0.638
1749258454,0.67300000,15.80000000,0.638
1749258454,0.67400000,1569.50000000,0.638
1749258454,0.67500000,23.30000000,0.638
1749258454,0.67600000,15.80000000,0.638
1749258454,0.67700000,406.80000000,0.638
1749258454,0.67800000,56.20000000,0.638
1749258454,0.67900000,110.10000000,0.638
1749258454,0.68000000,33.10000000,0.638
1749258454,0.68100000,15.80000000,0.638
1749258454,0.68200000,153.30000000,0.638
1749258454,0.68300000,15.80000000,0.638
1749258454,0.68400000,23.80000000,0.638
1749258454,0.68500000,39.60000000,0.638
1749258454,0.68600000,131.80000000,0.638
1749258454,0.68700000,15.80000000,0.638
1749258454,0.68800000,247.10000000,0.638
1749258454,0.68900000,994.50000000,0.638
1749258454,0.69000000,5746.60000000,0.638
1749258454,0.69100000,15.80000000,0.638
1749258454,0.69200000,32.80000000,0.638
1749258454,0.69300000,42.50000000,0.638
1749258454,0.69400000,240.00000000,0.638
1749258454,0.69500000,23.30000000,0.638
1749258454,0.69600000,15.90000000,0.638
1749258454,0.69700000,116.40000000,0.638
1749258454,0.69800000,31.50000000,0.638
1749258454,0.69900000,121.80000000,0.638
1749258454,0.70000000,45.40000000,0.638
1749258454,0.70100000,15.80000000,0.638
1749258454,0.70200000,80.70000000,0.638
1749258454,0.70300000,15.80000000,0.638
1749258454,0.70400000,24.70000000,0.638
1749258454,0.70500000,17.00000000,0.638
1749258454,0.70700000,7.40000000,0.638
1749258454,0.70800000,45.80000000,0.638
1749258454,0.70900000,8.50000000,0.638
1749258454,0.71000000,1031.60000000,0.638
1749258454,0.71200000,66.90000000,0.638
1749258454,0.71300000,103.80000000,0.638
1749258454,0.71400000,57.20000000,0.638
1749258454,0.71500000,106.30000000,0.638
1749258454,0.71700000,9.90000000,0.638
1749258454,0.72000000,50.20000000,0.638
1749258454,0.72100000,7.00000000,0.638
1749258454,0.72200000,34.90000000,0.638
1749258454,0.72300000,1021.80000000,0.638
1749258454,0.72400000,211.90000000,0.638
1749258454,0.72500000,71.40000000,0.638
1749258454,0.72600000,7.20000000,0.638
1749258454,0.72700000,159.70000000,0.638
1749258454,0.72800000,21.50000000,0.638
1749258454,0.72900000,16.80000000,0.638
1749258454,0.73000000,33.10000000,0.638
1749258454,0.73100000,10.70000000,0.638
1749258454,0.73300000,88.60000000,0.638
1749258454,0.73400000,40.60000000,0.638
1749258454,0.73500000,14.40000000,0.638
1749258454,0.73600000,38.70000000,0.638
1749258454,0.73700000,22.70000000,0.638
1749258454,0.73800000,886.60000000,0.638
1749258454,0.73900000,26.60000000,0.638
1749258454,0.74000000,20047.80000000,0.638
1749258454,0.74200000,99.80000000,0.638
1749258454,0.74300000,80.20000000,0.638
1749258454,0.74400000,48.90000000,0.638
1749258454,0.74500000,17.50000000,0.638
1749258811,0.64000000,3679.10000000,0.639
1749258811,0.64100000,49491.50000000,0.639
1749258811,0.64200000,19112.10000000,0.639
1749258811,0.64300000,17391.00000000,0.639
1749258811,0.64400000,11561.00000000,0.639
1749258811,0.64500000,2862.10000000,0.639
1749258811,0.64600000,3164.70000000,0.639
1749258811,0.64700000,1282.20000000,0.639
1749258811,0.64800000,2504.00000000,0.639
1749258811,0.64900000,431.00000000,0.639
1749258811,0.65000000,438.70000000,0.639
1749258811,0.65100000,409.00000000,0.639
1749258811,0.65200000,379.90000000,0.639
1749258811,0.65300000,379.90000000,0.639
1749258811,0.65400000,4599.90000000,0.639
1749258811,0.65500000,387.60000000,0.639
1749258811,0.65600000,387.90000000,0.639
1749258811,0.65700000,379.80000000,0.639
1749258811,0.65800000,950.60000000,0.639
1749258811,0.65900000,6285.90000000,0.639
1749258811,0.66000000,754.00000000,0.639
1749258811,0.66100000,379.80000000,0.639
1749258811,0.66200000,375.90000000,0.639
1749258811,0.66300000,15.80000000,0.639
1749258811,0.66400000,29.40000000,0.639
1749258811,0.66500000,392.40000000,0.639
1749258811,0.66600000,368.00000000,0.639
1749258811,0.66700000,60.80000000,0.639
1749258811,0.66800000,1947.80000000,0.639
1749258811,0.66900000,53.60000000,0.639
1749258811,0.67000000,409.60000000,0.639
1749258811,0.67100000,35.50000000,0.639
1749258811,0.67200000,158.40000000,0.639
1749258811,0.67300000,15.80000000,0.639
1749258811,0.67400000,1569.50000000,0.639
1749258811,0.67500000,23.30000000,0.639
1749258811,0.67600000,15.80000000,0.639
1749258811,0.67700000,406.80000000,0.639
1749258811,0.67800000,56.20000000,0.639
1749258811,0.67900000,110.10000000,0.639
1749258811,0.68000000,33.10000000,0.639
1749258811,0.68100000,15.80000000,0.639
1749258811,0.68200000,153.30000000,0.639
1749258811,0.68300000,15.80000000,0.639
1749258811,0.68400000,23.80000000,0.639
1749258811,0.68500000,39.60000000,0.639
1749258811,0.68600000,131.80000000,0.639
1749258811,0.68700000,15.80000000,0.639
1749258811,0.68800000,247.10000000,0.639
1749258811,0.68900000,197.00000000,0.639
1749258811,0.69000000,5746.60000000,0.639
1749258811,0.69100000,15.80000000,0.639
1749258811,0.69200000,32.80000000,0.639
1749258811,0.69300000,42.50000000,0.639
1749258811,0.69400000,240.00000000,0.639
1749258811,0.69500000,23.30000000,0.639
1749258811,0.69600000,15.90000000,0.639
1749258811,0.69700000,116.40000000,0.639
1749258811,0.69800000,31.50000000,0.639
1749258811,0.69900000,121.80000000,0.639
1749258811,0.70000000,45.40000000,0.639
1749258811,0.70100000,15.80000000,0.639
1749258811,0.70200000,80.70000000,0.639
1749258811,0.70300000,15.80000000,0.639
1749258811,0.70400000,24.70000000,0.639
1749258811,0.70500000,32.70000000,0.639
1749258811,0.70700000,7.40000000,0.639
1749258811,0.70800000,45.80000000,0.639
1749258811,0.70900000,8.50000000,0.639
1749258811,0.71000000,1031.60000000,0.639
1749258811,0.71200000,66.90000000,0.639
1749258811,0.71300000,103.80000000,0.639
1749258811,0.71400000,57.20000000,0.639
1749258811,0.71500000,106.30000000,0.639
1749258811,0.71600000,19.70000000,0.639
1749258811,0.71700000,9.90000000,0.639
1749258811,0.72000000,50.20000000,0.639
1749258811,0.72100000,7.00000000,0.639
1749258811,0.72200000,34.90000000,0.639
1749258811,0.72300000,1021.80000000,0.639
1749258811,0.72400000,211.90000000,0.639
1749258811,0.72500000,71.40000000,0.639
1749258811,0.72600000,7.20000000,0.639
1749258811,0.72700000,159.70000000,0.639
1749258811,0.72800000,21.50000000,0.639
1749258811,0.72900000,16.80000000,0.639
1749258811,0.73000000,33.10000000,0.639
1749258811,0.73100000,10.70000000,0.639
1749258811,0.73300000,88.60000000,0.639
1749258811,0.73400000,40.60000000,0.639
1749258811,0.73500000,14.40000000,0.639
1749258811,0.73600000,38.70000000,0.639
1749258811,0.73700000,22.70000000,0.639
1749258811,0.73800000,886.60000000,0.639
1749258811,0.73900000,824.10000000,0.639
1749258811,0.74000000,20047.80000000,0.639
1749258811,0.74200000,99.80000000,0.639
1749258811,0.74300000,80.20000000,0.639
1749258811,0.74400000,48.90000000,0.639
1749258811,0.74500000,17.50000000,0.639
1749259118,0.63900000,1124.20000000,0.638
1749259118,0.64000000,25225.90000000,0.638
1749259118,0.64100000,36649.00000000,0.638
1749259118,0.64200000,29910.00000000,0.638
1749259118,0.64300000,7524.60000000,0.638
1749259118,0.64400000,1572.40000000,0.638
1749259118,0.64500000,1314.50000000,0.638
1749259118,0.64600000,2461.10000000,0.638
1749259118,0.64700000,1282.20000000,0.638
1749259118,0.64800000,2504.00000000,0.638
1749259118,0.64900000,431.00000000,0.638
1749259118,0.65000000,399.60000000,0.638
1749259118,0.65100000,409.00000000,0.638
1749259118,0.65200000,379.90000000,0.638
1749259118,0.65300000,379.90000000,0.638
1749259118,0.65400000,4599.90000000,0.638
1749259118,0.65500000,387.60000000,0.638
1749259118,0.65600000,387.90000000,0.638
1749259118,0.65700000,379.80000000,0.638
1749259118,0.65800000,950.60000000,0.638
1749259118,0.65900000,6285.90000000,0.638
1749259118,0.66000000,754.00000000,0.638
1749259118,0.66100000,379.80000000,0.638
1749259118,0.66200000,375.90000000,0.638
1749259118,0.66300000,15.80000000,0.638
1749259118,0.66400000,29.40000000,0.638
1749259118,0.66500000,392.40000000,0.638
1749259118,0.66600000,1919.40000000,0.638
1749259118,0.66700000,60.80000000,0.638
1749259118,0.66800000,782.60000000,0.638
1749259118,0.66900000,53.60000000,0.638
1749259118,0.67000000,23.40000000,0.638
1749259118,0.67100000,35.50000000,0.638
1749259118,0.67200000,158.40000000,0.638
1749259118,0.67300000,15.80000000,0.638
1749259118,0.67400000,1569.50000000,0.638
1749259118,0.67500000,23.30000000,0.638
1749259118,0.67600000,15.80000000,0.638
1749259118,0.67700000,406.80000000,0.638
1749259118,0.67800000,56.20000000,0.638
1749259118,0.67900000,110.10000000,0.638
1749259118,0.68000000,33.10000000,0.638
1749259118,0.68100000,15.80000000,0.638
1749259118,0.68200000,153.30000000,0.638
1749259118,0.68300000,15.80000000,0.638
1749259118,0.68400000,23.80000000,0.638
1749259118,0.68500000,39.60000000,0.638
1749259118,0.68600000,131.80000000,0.638
1749259118,0.68700000,15.80000000,0.638
1749259118,0.68800000,247.10000000,0.638
1749259118,0.68900000,15.80000000,0.638
1749259118,0.69000000,5746.60000000,0.638
1749259118,0.69100000,15.80000000,0.638
1749259118,0.69200000,32.80000000,0.638
1749259118,0.69300000,42.50000000,0.638
1749259118,0.69400000,240.00000000,0.638
1749259118,0.69500000,23.30000000,0.638
1749259118,0.69600000,15.90000000,0.638
1749259118,0.69700000,116.40000000,0.638
1749259118,0.69800000,31.50000000,0.638
1749259118,0.69900000,121.80000000,0.638
1749259118,0.70000000,45.40000000,0.638
1749259118,0.70100000,15.80000000,0.638
1749259118,0.70200000,80.70000000,0.638
1749259118,0.70300000,15.80000000,0.638
1749259118,0.70400000,24.70000000,0.638
1749259118,0.70500000,17.00000000,0.638
1749259118,0.70700000,7.40000000,0.638
1749259118,0.70800000,45.80000000,0.638
1749259118,0.70900000,8.50000000,0.638
1749259118,0.71000000,1031.60000000,0.638
1749259118,0.71200000,66.90000000,0.638
1749259118,0.71300000,103.80000000,0.638
1749259118,0.71400000,57.20000000,0.638
1749259118,0.71500000,106.30000000,0.638
1749259118,0.71600000,19.70000000,0.638
1749259118,0.71700000,9.90000000,0.638
1749259118,0.72000000,50.20000000,0.638
1749259118,0.72100000,7.00000000,0.638
1749259118,0.72200000,34.90000000,0.638
1749259118,0.72300000,1021.80000000,0.638
1749259118,0.72400000,211.90000000,0.638
1749259118,0.72500000,71.40000000,0.638
1749259118,0.72600000,7.20000000,0.638
1749259118,0.72700000,159.70000000,0.638
1749259118,0.72800000,21.50000000,0.638
1749259118,0.72900000,16.80000000,0.638
1749259118,0.73000000,33.10000000,0.638
1749259118,0.73100000,10.70000000,0.638
1749259118,0.73300000,88.60000000,0.638
1749259118,0.73400000,40.60000000,0.638
1749259118,0.73500000,14.40000000,0.638
1749259118,0.73600000,38.70000000,0.638
1749259118,0.73700000,22.70000000,0.638
1749259118,0.73800000,886.60000000,0.638
1749259118,0.73900000,1005.30000000,0.638
1749259118,0.74000000,20047.80000000,0.638
1749259118,0.74200000,99.80000000,0.638
1749259118,0.74300000,80.20000000,0.638
1749259118,0.74400000,48.90000000,0.638
