timestamp,price,volume,current_price
1749258332,148.41000000,68.37300000,148.41
1749258332,148.42000000,210.18300000,148.41
1749258332,148.43000000,248.82600000,148.41
1749258332,148.44000000,427.65700000,148.41
1749258332,148.45000000,193.24400000,148.41
1749258332,148.46000000,694.77800000,148.41
1749258332,148.47000000,619.84400000,148.41
1749258332,148.48000000,515.46900000,148.41
1749258332,148.49000000,293.47800000,148.41
1749258332,148.50000000,736.55400000,148.41
1749258332,148.51000000,511.87800000,148.41
1749258332,148.52000000,665.10700000,148.41
1749258332,148.53000000,757.53900000,148.41
1749258332,148.54000000,281.69400000,148.41
1749258332,148.55000000,235.41600000,148.41
1749258332,148.56000000,375.89000000,148.41
1749258332,148.57000000,580.02200000,148.41
1749258332,148.58000000,446.84400000,148.41
1749258332,148.59000000,1031.51000000,148.41
1749258332,148.60000000,1293.02300000,148.41
1749258332,148.61000000,647.95000000,148.41
1749258332,148.62000000,1301.37300000,148.41
1749258332,148.63000000,1085.97800000,148.41
1749258332,148.64000000,942.37000000,148.41
1749258332,148.65000000,1096.00200000,148.41
1749258332,148.66000000,781.61800000,148.41
1749258332,148.67000000,510.79000000,148.41
1749258332,148.68000000,437.08100000,148.41
1749258332,148.69000000,100.62000000,148.41
1749258332,148.70000000,126.67400000,148.41
1749258332,148.71000000,228.22200000,148.41
1749258332,148.72000000,90.94100000,148.41
1749258332,148.73000000,196.15500000,148.41
1749258332,148.74000000,58.46200000,148.41
1749258332,148.75000000,65.57600000,148.41
1749258332,148.76000000,57.55100000,148.41
1749258332,148.77000000,58.39500000,148.41
1749258332,148.78000000,57.51200000,148.41
1749258332,148.79000000,61.70400000,148.41
1749258332,148.80000000,228.51800000,148.41
1749258332,148.81000000,159.75700000,148.41
1749258332,148.82000000,241.80300000,148.41
1749258332,148.83000000,58.36600000,148.41
1749258332,148.84000000,0.77800000,148.41
1749258332,148.85000000,0.28400000,148.41
1749258332,148.86000000,31.84000000,148.41
1749258332,148.87000000,100.88500000,148.41
1749258332,148.88000000,0.88600000,148.41
1749258332,148.89000000,0.13600000,148.41
1749258332,148.90000000,38.99700000,148.41
1749258332,148.91000000,40.74500000,148.41
1749258332,148.92000000,424.30100000,148.41
1749258332,148.93000000,774.91500000,148.41
1749258332,148.94000000,6.87400000,148.41
1749258332,148.95000000,661.83800000,148.41
1749258332,148.96000000,39.58100000,148.41
1749258332,148.97000000,22.56300000,148.41
1749258332,148.98000000,11.25200000,148.41
1749258332,148.99000000,1.08800000,148.41
1749258332,149.00000000,201.09900000,148.41
1749258332,149.01000000,58.67400000,148.41
1749258332,149.02000000,26.15100000,148.41
1749258332,149.03000000,6.34400000,148.41
1749258332,149.04000000,93.54400000,148.41
1749258332,149.05000000,2.05400000,148.41
1749258332,149.06000000,0.96400000,148.41
1749258332,149.07000000,3.02700000,148.41
1749258332,149.08000000,670.41900000,148.41
1749258332,149.09000000,3.83200000,148.41
1749258332,149.10000000,329.05900000,148.41
1749258332,149.11000000,10.69400000,148.41
1749258332,149.12000000,1.96900000,148.41
1749258332,149.13000000,878.46100000,148.41
1749258332,149.14000000,1.70100000,148.41
1749258332,149.15000000,45.59200000,148.41
1749258332,149.16000000,28.05200000,148.41
1749258332,149.17000000,1.51800000,148.41
1749258332,149.18000000,529.53300000,148.41
1749258332,149.19000000,4.51400000,148.41
1749258332,149.20000000,34.95700000,148.41
1749258332,149.21000000,798.25100000,148.41
1749258332,149.22000000,3.91300000,148.41
1749258332,149.23000000,673.07000000,148.41
1749258332,149.24000000,29.09600000,148.41
1749258332,149.25000000,12.62400000,148.41
1749258332,149.26000000,2.44900000,148.41
1749258332,149.27000000,0.28400000,148.41
1749258332,149.28000000,1.70800000,148.41
1749258332,149.29000000,0.16100000,148.41
1749258332,149.30000000,108.05200000,148.41
1749258332,149.31000000,3.64500000,148.41
1749258332,149.32000000,103.93100000,148.41
1749258332,149.33000000,301.75100000,148.41
1749258332,149.34000000,1.63700000,148.41
1749258332,149.35000000,33.77800000,148.41
1749258332,149.36000000,2.40600000,148.41
1749258332,149.37000000,670.69200000,148.41
1749258332,149.38000000,1.00500000,148.41
1749258332,149.39000000,0.32800000,148.41
1749258332,149.40000000,35.77500000,148.41
1749258633,148.33000000,91.54100000,148.33
1749258633,148.34000000,100.09300000,148.33
1749258633,148.35000000,239.70900000,148.33
1749258633,148.36000000,203.94900000,148.33
1749258633,148.37000000,389.59800000,148.33
1749258633,148.38000000,895.95000000,148.33
1749258633,148.39000000,577.51300000,148.33
1749258633,148.40000000,343.44700000,148.33
1749258633,148.41000000,558.54100000,148.33
1749258633,148.42000000,585.82600000,148.33
1749258633,148.43000000,636.32300000,148.33
1749258633,148.44000000,753.40100000,148.33
1749258633,148.45000000,766.69500000,148.33
1749258633,148.46000000,331.32300000,148.33
1749258633,148.47000000,583.09500000,148.33
1749258633,148.48000000,795.71000000,148.33
1749258633,148.49000000,220.31100000,148.33
1749258633,148.50000000,612.25400000,148.33
1749258633,148.51000000,786.17500000,148.33
1749258633,148.52000000,694.28300000,148.33
1749258633,148.53000000,1193.02700000,148.33
1749258633,148.54000000,1075.96700000,148.33
1749258633,148.55000000,716.38100000,148.33
1749258633,148.56000000,765.27400000,148.33
1749258633,148.57000000,602.72600000,148.33
1749258633,148.58000000,609.44500000,148.33
1749258633,148.59000000,668.42900000,148.33
1749258633,148.60000000,274.21100000,148.33
1749258633,148.61000000,254.46300000,148.33
1749258633,148.62000000,408.31900000,148.33
1749258633,148.63000000,396.94900000,148.33
1749258633,148.64000000,95.59800000,148.33
1749258633,148.65000000,57.78700000,148.33
1749258633,148.66000000,164.63100000,148.33
1749258633,148.67000000,80.10100000,148.33
1749258633,148.68000000,129.19000000,148.33
1749258633,148.69000000,57.73300000,148.33
1749258633,148.70000000,91.33600000,148.33
1749258633,148.71000000,239.82400000,148.33
1749258633,148.72000000,58.09900000,148.33
1749258633,148.73000000,190.97200000,148.33
1749258633,148.74000000,951.94400000,148.33
1749258633,148.75000000,65.68600000,148.33
1749258633,148.76000000,0.06800000,148.33
1749258633,148.77000000,0.96700000,148.33
1749258633,148.78000000,660.10200000,148.33
1749258633,148.79000000,671.66500000,148.33
1749258633,148.80000000,171.26100000,148.33
1749258633,148.81000000,102.33700000,148.33
1749258633,148.82000000,2.74500000,148.33
1749258633,148.83000000,0.77800000,148.33
1749258633,148.84000000,0.77800000,148.33
1749258633,148.85000000,1185.39300000,148.33
1749258633,148.86000000,31.39000000,148.33
1749258633,148.87000000,141.00500000,148.33
1749258633,148.88000000,0.83200000,148.33
1749258633,148.89000000,0.25500000,148.33
1749258633,148.90000000,41.50700000,148.33
1749258633,148.91000000,7.41400000,148.33
1749258633,148.92000000,75.05900000,148.33
1749258633,148.93000000,674.00900000,148.33
1749258633,148.94000000,6.91300000,148.33
1749258633,148.95000000,1.67100000,148.33
1749258633,148.96000000,9.17600000,148.33
1749258633,148.97000000,23.96600000,148.33
1749258633,148.98000000,1.23100000,148.33
1749258633,148.99000000,4.13000000,148.33
1749258633,149.00000000,106.55900000,148.33
1749258633,149.01000000,17.96800000,148.33
1749258633,149.02000000,55.65600000,148.33
1749258633,149.03000000,1542.49400000,148.33
1749258633,149.04000000,19.23600000,148.33
1749258633,149.05000000,821.39100000,148.33
1749258633,149.06000000,0.96400000,148.33
1749258633,149.07000000,5.24700000,148.33
1749258633,149.08000000,670.41900000,148.33
1749258633,149.09000000,3.76400000,148.33
1749258633,149.10000000,30.58100000,148.33
1749258633,149.11000000,3.90300000,148.33
1749258633,149.12000000,1.90100000,148.33
1749258633,149.13000000,1.34500000,148.33
1749258633,149.14000000,101.47500000,148.33
1749258633,149.15000000,34.02200000,148.33
1749258633,149.16000000,0.55800000,148.33
1749258633,149.17000000,1.55700000,148.33
1749258633,149.18000000,568.93000000,148.33
1749258633,149.19000000,4.51400000,148.33
1749258633,149.20000000,34.24300000,148.33
1749258633,149.21000000,6.31200000,148.33
1749258633,149.22000000,0.70300000,148.33
1749258633,149.23000000,673.07000000,148.33
1749258633,149.24000000,0.92000000,148.33
1749258633,149.25000000,12.59000000,148.33
1749258633,149.26000000,2.44900000,148.33
1749258633,149.27000000,0.45200000,148.33
1749258633,149.28000000,1.67100000,148.33
1749258633,149.29000000,0.16100000,148.33
1749258633,149.30000000,108.05200000,148.33
1749258633,149.31000000,1.22300000,148.33
1749258633,149.32000000,2.90600000,148.33
1749258966,148.48000000,304.56500000,148.48
1749258966,148.49000000,119.05400000,148.48
1749258966,148.50000000,155.49000000,148.48
1749258966,148.51000000,101.31400000,148.48
1749258966,148.52000000,345.88400000,148.48
1749258966,148.53000000,539.07900000,148.48
1749258966,148.54000000,508.62200000,148.48
1749258966,148.55000000,441.40600000,148.48
1749258966,148.56000000,598.15900000,148.48
1749258966,148.57000000,400.44800000,148.48
1749258966,148.58000000,502.19400000,148.48
1749258966,148.59000000,501.14900000,148.48
1749258966,148.60000000,477.94000000,148.48
1749258966,148.61000000,403.73000000,148.48
1749258966,148.62000000,380.55000000,148.48
1749258966,148.63000000,119.41000000,148.48
1749258966,148.64000000,328.23500000,148.48
1749258966,148.65000000,951.61500000,148.48
1749258966,148.66000000,581.56400000,148.48
1749258966,148.67000000,465.89500000,148.48
1749258966,148.68000000,691.27700000,148.48
1749258966,148.69000000,792.16500000,148.48
1749258966,148.70000000,730.17300000,148.48
1749258966,148.71000000,866.02900000,148.48
1749258966,148.72000000,1162.94100000,148.48
1749258966,148.73000000,833.84100000,148.48
1749258966,148.74000000,721.96300000,148.48
1749258966,148.75000000,1187.97100000,148.48
1749258966,148.76000000,1070.51500000,148.48
1749258966,148.77000000,708.83800000,148.48
1749258966,148.78000000,569.08500000,148.48
1749258966,148.79000000,481.13600000,148.48
1749258966,148.80000000,271.37700000,148.48
1749258966,148.81000000,235.14300000,148.48
1749258966,148.82000000,93.89500000,148.48
1749258966,148.83000000,100.73100000,148.48
1749258966,148.84000000,98.37500000,148.48
1749258966,148.85000000,83.19900000,148.48
1749258966,148.86000000,341.04700000,148.48
1749258966,148.87000000,67.04700000,148.48
1749258966,148.88000000,58.17900000,148.48
1749258966,148.89000000,158.55200000,148.48
1749258966,148.90000000,185.47300000,148.48
1749258966,148.91000000,901.59400000,148.48
1749258966,148.92000000,109.58200000,148.48
1749258966,148.93000000,14.18600000,148.48
1749258966,148.94000000,677.83700000,148.48
1749258966,148.95000000,2.00700000,148.48
1749258966,148.96000000,33.52800000,148.48
1749258966,148.97000000,1.81600000,148.48
1749258966,148.98000000,1.56200000,148.48
1749258966,148.99000000,661.08800000,148.48
1749258966,149.00000000,76.65300000,148.48
1749258966,149.01000000,34.97600000,148.48
1749258966,149.02000000,1.13100000,148.48
1749258966,149.03000000,6.34400000,148.48
1749258966,149.04000000,76.47500000,148.48
1749258966,149.05000000,1.17000000,148.48
1749258966,149.06000000,8.36400000,148.48
1749258966,149.07000000,0.60300000,148.48
1749258966,149.08000000,670.41800000,148.48
1749258966,149.09000000,1193.25900000,148.48
1749258966,149.10000000,71.51800000,148.48
1749258966,149.11000000,7.38500000,148.48
1749258966,149.12000000,18.47300000,148.48
1749258966,149.13000000,2.09100000,148.48
1749258966,149.14000000,0.37300000,148.48
1749258966,149.15000000,3.89100000,148.48
1749258966,149.16000000,1633.13100000,148.48
1749258966,149.17000000,1.62500000,148.48
1749258966,149.18000000,529.60100000,148.48
1749258966,149.19000000,4.58200000,148.48
1749258966,149.20000000,40.92300000,148.48
1749258966,149.21000000,6.38000000,148.48
1749258966,149.22000000,1.44800000,148.48
1749258966,149.23000000,673.13800000,148.48
1749258966,149.24000000,1.59700000,148.48
1749258966,149.25000000,12.59000000,148.48
1749258966,149.26000000,18.68900000,148.48
1749258966,149.27000000,792.45200000,148.48
1749258966,149.28000000,1.70800000,148.48
1749258966,149.29000000,0.83800000,148.48
1749258966,149.30000000,105.82700000,148.48
1749258966,149.31000000,29.37600000,148.48
1749258966,149.32000000,2.90600000,148.48
1749258966,149.33000000,301.75100000,148.48
1749258966,149.34000000,105.29000000,148.48
1749258966,149.35000000,2.17600000,148.48
1749258966,149.36000000,37.08700000,148.48
1749258966,149.37000000,670.69200000,148.48
1749258966,149.38000000,1.00500000,148.48
1749258966,149.39000000,0.32800000,148.48
1749258966,149.40000000,35.60700000,148.48
1749258966,149.41000000,2.99900000,148.48
1749258966,149.42000000,6.02500000,148.48
1749258966,149.43000000,2.11600000,148.48
1749258966,149.44000000,1.00600000,148.48
1749258966,149.45000000,0.20500000,148.48
1749258966,149.46000000,0.18600000,148.48
1749258966,149.47000000,2.28200000,148.48
1749259273,148.07000000,171.33400000,148.04
1749259273,148.08000000,102.00500000,148.04
1749259273,148.09000000,440.52700000,148.04
1749259273,148.10000000,656.60900000,148.04
1749259273,148.11000000,546.53800000,148.04
1749259273,148.12000000,936.13400000,148.04
1749259273,148.13000000,382.95100000,148.04
1749259273,148.14000000,367.28300000,148.04
1749259273,148.15000000,455.33400000,148.04
1749259273,148.16000000,337.28100000,148.04
1749259273,148.17000000,381.64500000,148.04
1749259273,148.18000000,709.39300000,148.04
1749259273,148.19000000,535.90100000,148.04
1749259273,148.20000000,529.80700000,148.04
1749259273,148.21000000,708.96100000,148.04
1749259273,148.22000000,508.92700000,148.04
1749259273,148.23000000,907.84100000,148.04
1749259273,148.24000000,1163.92300000,148.04
1749259273,148.25000000,1001.75300000,148.04
1749259273,148.26000000,784.08600000,148.04
1749259273,148.27000000,808.94200000,148.04
1749259273,148.28000000,776.83900000,148.04
1749259273,148.29000000,663.60100000,148.04
1749259273,148.30000000,622.40300000,148.04
1749259273,148.31000000,489.92600000,148.04
1749259273,148.32000000,420.57700000,148.04
1749259273,148.33000000,717.15000000,148.04
1749259273,148.34000000,955.47500000,148.04
1749259273,148.35000000,108.86800000,148.04
1749259273,148.36000000,129.37200000,148.04
1749259273,148.37000000,284.37500000,148.04
1749259273,148.38000000,175.66300000,148.04
1749259273,148.39000000,57.74500000,148.04
1749259273,148.40000000,115.50900000,148.04
1749259273,148.41000000,110.83600000,148.04
1749259273,148.42000000,60.68600000,148.04
1749259273,148.43000000,151.07100000,148.04
1749259273,148.44000000,235.40200000,148.04
1749259273,148.45000000,74.14800000,148.04
1749259273,148.46000000,439.34700000,148.04
1749259273,148.47000000,242.31000000,148.04
1749259273,148.48000000,61.59700000,148.04
1749259273,148.49000000,58.15300000,148.04
1749259273,148.50000000,111.50500000,148.04
1749259273,148.51000000,2.76500000,148.04
1749259273,148.52000000,0.15000000,148.04
1749259273,148.53000000,1.40800000,148.04
1749259273,148.54000000,293.22900000,148.04
1749259273,148.55000000,102.92200000,148.04
1749259273,148.56000000,81.24700000,148.04
1749259273,148.57000000,0.17100000,148.04
1749259273,148.58000000,0.36100000,148.04
1749259273,148.59000000,0.10200000,148.04
1749259273,148.60000000,0.43600000,148.04
1749259273,148.61000000,107.64800000,148.04
1749259273,148.62000000,1.32100000,148.04
1749259273,148.63000000,1.06400000,148.04
1749259273,148.64000000,60.43700000,148.04
1749259273,148.65000000,672.33400000,148.04
1749259273,148.66000000,2.08600000,148.04
1749259273,148.67000000,21.77800000,148.04
1749259273,148.68000000,179.19700000,148.04
1749259273,148.69000000,7.43100000,148.04
1749259273,148.70000000,0.06800000,148.04
1749259273,148.71000000,1.01900000,148.04
1749259273,148.72000000,1.15900000,148.04
1749259273,148.73000000,42.92300000,148.04
1749259273,148.74000000,895.40400000,148.04
1749259273,148.75000000,31.59600000,148.04
1749259273,148.76000000,0.13900000,148.04
1749259273,148.77000000,660.42100000,148.04
1749259273,148.78000000,21.11700000,148.04
1749259273,148.79000000,672.10400000,148.04
1749259273,148.80000000,0.69500000,148.04
1749259273,148.81000000,9.74200000,148.04
1749259273,148.82000000,3.04500000,148.04
1749259273,148.83000000,9.51600000,148.04
1749259273,148.84000000,12.32900000,148.04
1749259273,148.85000000,28.66400000,148.04
1749259273,148.86000000,6.00600000,148.04
1749259273,148.87000000,1221.24500000,148.04
1749259273,148.88000000,0.08800000,148.04
1749259273,148.89000000,29.12600000,148.04
1749259273,148.90000000,10.17500000,148.04
1749259273,148.91000000,7.34600000,148.04
1749259273,148.92000000,29.38000000,148.04
1749259273,148.93000000,14.11800000,148.04
1749259273,148.94000000,677.09300000,148.04
1749259273,148.95000000,1.65700000,148.04
1749259273,148.96000000,33.33500000,148.04
1749259273,148.97000000,893.00100000,148.04
1749259273,148.98000000,2.26600000,148.04
1749259273,148.99000000,1.02000000,148.04
1749259273,149.00000000,276.50700000,148.04
1749259273,149.01000000,4.62800000,148.04
1749259273,149.02000000,2.99400000,148.04
1749259273,149.03000000,6.27600000,148.04
1749259273,149.04000000,33.59100000,148.04
1749259273,149.05000000,1.10200000,148.04
1749259273,149.06000000,3.57800000,148.04
