timestamp,price,volume,current_price
1749254560,147.62000000,231.20400000,147.61
1749254560,147.63000000,478.03400000,147.61
1749254560,147.64000000,353.75600000,147.61
1749254560,147.65000000,450.97600000,147.61
1749254560,147.66000000,335.41900000,147.61
1749254560,147.67000000,616.92100000,147.61
1749254560,147.68000000,959.85900000,147.61
1749254560,147.69000000,412.09600000,147.61
1749254560,147.70000000,611.82800000,147.61
1749254560,147.71000000,1459.07800000,147.61
1749254560,147.72000000,401.29000000,147.61
1749254560,147.73000000,488.98800000,147.61
1749254560,147.74000000,764.04700000,147.61
1749254560,147.75000000,396.78500000,147.61
1749254560,147.76000000,335.53000000,147.61
1749254560,147.77000000,750.22200000,147.61
1749254560,147.78000000,521.45500000,147.61
1749254560,147.79000000,526.18500000,147.61
1749254560,147.80000000,454.50900000,147.61
1749254560,147.81000000,335.61500000,147.61
1749254560,147.82000000,206.10600000,147.61
1749254560,147.83000000,624.46900000,147.61
1749254560,147.84000000,974.12100000,147.61
1749254560,147.85000000,183.17300000,147.61
1749254560,147.86000000,743.04600000,147.61
1749254560,147.87000000,1086.69300000,147.61
1749254560,147.88000000,987.15300000,147.61
1749254560,147.89000000,1154.95100000,147.61
1749254560,147.90000000,517.61300000,147.61
1749254560,147.91000000,155.58400000,147.61
1749254560,147.92000000,440.43900000,147.61
1749254560,147.93000000,259.86500000,147.61
1749254560,147.94000000,184.24600000,147.61
1749254560,147.95000000,194.31900000,147.61
1749254560,147.96000000,131.80400000,147.61
1749254560,147.97000000,364.28700000,147.61
1749254560,147.98000000,111.43800000,147.61
1749254560,147.99000000,122.16100000,147.61
1749254560,148.00000000,142.43400000,147.61
1749254560,148.01000000,123.28000000,147.61
1749254560,148.02000000,2.61400000,147.61
1749254560,148.03000000,10.23700000,147.61
1749254560,148.04000000,355.25700000,147.61
1749254560,148.05000000,0.30700000,147.61
1749254560,148.06000000,65.78300000,147.61
1749254560,148.07000000,2.56600000,147.61
1749254560,148.08000000,108.28000000,147.61
1749254560,148.09000000,0.74700000,147.61
1749254560,148.10000000,105.03700000,147.61
1749254560,148.11000000,0.16500000,147.61
1749254560,148.12000000,440.00000000,147.61
1749254560,148.13000000,35.46900000,147.61
1749254560,148.14000000,776.35900000,147.61
1749254560,148.15000000,0.74700000,147.61
1749254560,148.16000000,33.88800000,147.61
1749254560,148.17000000,0.74700000,147.61
1749254560,148.18000000,909.10500000,147.61
1749254560,148.19000000,33.51800000,147.61
1749254560,148.20000000,68.96300000,147.61
1749254560,148.21000000,65.67200000,147.61
1749254560,148.22000000,0.10300000,147.61
1749254560,148.23000000,50.55500000,147.61
1749254560,148.24000000,440.11600000,147.61
1749254560,148.25000000,33.82000000,147.61
1749254560,148.26000000,0.74700000,147.61
1749254560,148.27000000,33.46100000,147.61
1749254560,148.28000000,676.12500000,147.61
1749254560,148.29000000,340.43700000,147.61
1749254560,148.30000000,98.32000000,147.61
1749254560,148.31000000,1260.11300000,147.61
1749254560,148.32000000,75.68000000,147.61
1749254560,148.33000000,36.51200000,147.61
1749254560,148.34000000,0.10500000,147.61
1749254560,148.35000000,34.08000000,147.61
1749254560,148.36000000,5.27900000,147.61
1749254560,148.37000000,1.31900000,147.61
1749254560,148.38000000,33.33400000,147.61
1749254560,148.39000000,0.35100000,147.61
1749254560,148.40000000,79.38500000,147.61
1749254560,148.41000000,1.37600000,147.61
1749254560,148.42000000,34.01800000,147.61
1749254560,148.43000000,673.74600000,147.61
1749254560,148.44000000,33.50800000,147.61
1749254560,148.45000000,26.94500000,147.61
1749254560,148.46000000,2.92900000,147.61
1749254560,148.47000000,36.45700000,147.61
1749254560,148.48000000,0.39000000,147.61
1749254560,148.49000000,137.71200000,147.61
1749254560,148.50000000,1.57300000,147.61
1749254560,148.51000000,35.36200000,147.61
1749254560,148.52000000,0.07400000,147.61
1749254560,148.53000000,33.47100000,147.61
1749254560,148.54000000,0.25200000,147.61
1749254560,148.55000000,35.95300000,147.61
1749254560,148.56000000,0.21200000,147.61
1749254560,148.57000000,734.53500000,147.61
1749254560,148.58000000,0.08000000,147.61
1749254560,148.59000000,33.51200000,147.61
1749254560,148.60000000,31.02600000,147.61
1749254560,148.61000000,39.20800000,147.61
1749254871,147.51000000,13.00000000,147.51
1749254871,147.52000000,5.85700000,147.51
1749254871,147.53000000,60.55900000,147.51
1749254871,147.54000000,265.96700000,147.51
1749254871,147.55000000,496.71400000,147.51
1749254871,147.56000000,1014.06100000,147.51
1749254871,147.57000000,667.05800000,147.51
1749254871,147.58000000,509.42400000,147.51
1749254871,147.59000000,709.90700000,147.51
1749254871,147.60000000,397.86200000,147.51
1749254871,147.61000000,152.41800000,147.51
1749254871,147.62000000,338.72500000,147.51
1749254871,147.63000000,589.51900000,147.51
1749254871,147.64000000,473.01200000,147.51
1749254871,147.65000000,190.90400000,147.51
1749254871,147.66000000,518.77400000,147.51
1749254871,147.67000000,571.70500000,147.51
1749254871,147.68000000,314.33900000,147.51
1749254871,147.69000000,977.72100000,147.51
1749254871,147.70000000,922.14800000,147.51
1749254871,147.71000000,900.78700000,147.51
1749254871,147.72000000,1333.92000000,147.51
1749254871,147.73000000,818.43700000,147.51
1749254871,147.74000000,518.15400000,147.51
1749254871,147.75000000,381.96800000,147.51
1749254871,147.76000000,431.96500000,147.51
1749254871,147.77000000,771.78800000,147.51
1749254871,147.78000000,411.43600000,147.51
1749254871,147.79000000,314.47000000,147.51
1749254871,147.80000000,747.78500000,147.51
1749254871,147.81000000,273.59500000,147.51
1749254871,147.82000000,97.23500000,147.51
1749254871,147.83000000,499.40000000,147.51
1749254871,147.84000000,398.36400000,147.51
1749254871,147.85000000,57.87000000,147.51
1749254871,147.86000000,84.18600000,147.51
1749254871,147.87000000,68.36300000,147.51
1749254871,147.88000000,159.35600000,147.51
1749254871,147.89000000,61.96600000,147.51
1749254871,147.90000000,138.47900000,147.51
1749254871,147.91000000,81.47500000,147.51
1749254871,147.92000000,35.57000000,147.51
1749254871,147.93000000,2.18500000,147.51
1749254871,147.94000000,123.11000000,147.51
1749254871,147.95000000,182.99500000,147.51
1749254871,147.96000000,103.53700000,147.51
1749254871,147.97000000,116.12700000,147.51
1749254871,147.98000000,32.17000000,147.51
1749254871,147.99000000,64.36300000,147.51
1749254871,148.00000000,140.32900000,147.51
1749254871,148.01000000,54.28900000,147.51
1749254871,148.02000000,0.06800000,147.51
1749254871,148.03000000,7.38700000,147.51
1749254871,148.04000000,135.24600000,147.51
1749254871,148.05000000,0.13800000,147.51
1749254871,148.06000000,65.73400000,147.51
1749254871,148.07000000,2.56600000,147.51
1749254871,148.08000000,108.28000000,147.51
1749254871,148.09000000,1.82100000,147.51
1749254871,148.10000000,138.33700000,147.51
1749254871,148.11000000,455.80700000,147.51
1749254871,148.12000000,439.75800000,147.51
1749254871,148.13000000,35.46900000,147.51
1749254871,148.14000000,675.67500000,147.51
1749254871,148.15000000,41.68500000,147.51
1749254871,148.16000000,33.44100000,147.51
1749254871,148.17000000,0.74700000,147.51
1749254871,148.18000000,909.10500000,147.51
1749254871,148.19000000,33.36800000,147.51
1749254871,148.20000000,69.03300000,147.51
1749254871,148.21000000,65.67200000,147.51
1749254871,148.22000000,0.10300000,147.51
1749254871,148.23000000,33.88200000,147.51
1749254871,148.24000000,0.47800000,147.51
1749254871,148.25000000,33.61000000,147.51
1749254871,148.26000000,2.96700000,147.51
1749254871,148.27000000,33.39300000,147.51
1749254871,148.28000000,676.05700000,147.51
1749254871,148.29000000,343.23900000,147.51
1749254871,148.30000000,47.14400000,147.51
1749254871,148.31000000,1285.33000000,147.51
1749254871,148.32000000,5.28400000,147.51
1749254871,148.33000000,36.60800000,147.51
1749254871,148.34000000,6.69500000,147.51
1749254871,148.35000000,34.01200000,147.51
1749254871,148.36000000,557.73600000,147.51
1749254871,148.37000000,1.25100000,147.51
1749254871,148.38000000,33.33400000,147.51
1749254871,148.39000000,0.05100000,147.51
1749254871,148.40000000,79.43700000,147.51
1749254871,148.41000000,1.20700000,147.51
1749254871,148.42000000,33.34000000,147.51
1749254871,148.43000000,673.74600000,147.51
1749254871,148.44000000,61.90100000,147.51
1749254871,148.45000000,0.50000000,147.51
1749254871,148.46000000,4.75300000,147.51
1749254871,148.47000000,36.45700000,147.51
1749254871,148.48000000,0.35200000,147.51
1749254871,148.49000000,135.49200000,147.51
1749254871,148.50000000,31.60300000,147.51
