timestamp,price,volume,current_price
1749260734,147.68000000,92.09400000,147.73
1749260734,147.69000000,36.87400000,147.73
1749260734,147.70000000,65.11800000,147.73
1749260734,147.71000000,280.08400000,147.73
1749260734,147.72000000,556.26700000,147.73
1749260734,147.73000000,307.03000000,147.73
1749260734,147.74000000,551.06100000,147.73
1749260734,147.75000000,550.85500000,147.73
1749260734,147.76000000,360.73200000,147.73
1749260734,147.77000000,677.31100000,147.73
1749260734,147.78000000,685.59900000,147.73
1749260734,147.79000000,560.98800000,147.73
1749260734,147.80000000,495.95600000,147.73
1749260734,147.81000000,462.30500000,147.73
1749260734,147.82000000,337.95800000,147.73
1749260734,147.83000000,417.89800000,147.73
1749260734,147.84000000,483.92100000,147.73
1749260734,147.85000000,586.85300000,147.73
1749260734,147.86000000,646.52700000,147.73
1749260734,147.87000000,416.89000000,147.73
1749260734,147.88000000,567.43600000,147.73
1749260734,147.89000000,687.62700000,147.73
1749260734,147.90000000,859.20700000,147.73
1749260734,147.91000000,1485.02200000,147.73
1749260734,147.92000000,1564.92800000,147.73
1749260734,147.93000000,959.99300000,147.73
1749260734,147.94000000,521.63300000,147.73
1749260734,147.95000000,798.38800000,147.73
1749260734,147.96000000,432.59200000,147.73
1749260734,147.97000000,272.45900000,147.73
1749260734,147.98000000,399.35700000,147.73
1749260734,147.99000000,168.98100000,147.73
1749260734,148.00000000,398.97600000,147.73
1749260734,148.01000000,74.62500000,147.73
1749260734,148.02000000,414.64900000,147.73
1749260734,148.03000000,962.83300000,147.73
1749260734,148.04000000,588.79800000,147.73
1749260734,148.05000000,163.12500000,147.73
1749260734,148.06000000,60.29500000,147.73
1749260734,148.07000000,58.01600000,147.73
1749260734,148.08000000,130.09400000,147.73
1749260734,148.09000000,89.28300000,147.73
1749260734,148.10000000,69.49000000,147.73
1749260734,148.11000000,3.28900000,147.73
1749260734,148.12000000,1.06600000,147.73
1749260734,148.13000000,5.56000000,147.73
1749260734,148.14000000,0.90300000,147.73
1749260734,148.15000000,0.19500000,147.73
1749260734,148.16000000,667.20100000,147.73
1749260734,148.17000000,0.10200000,147.73
1749260734,148.18000000,1213.44400000,147.73
1749260734,148.19000000,0.06800000,147.73
1749260734,148.20000000,72.01200000,147.73
1749260734,148.21000000,2.09200000,147.73
1749260734,148.22000000,675.72900000,147.73
1749260734,148.23000000,3.36000000,147.73
1749260734,148.24000000,0.99600000,147.73
1749260734,148.25000000,40.66800000,147.73
1749260734,148.26000000,1536.25200000,147.73
1749260734,148.27000000,2.82400000,147.73
1749260734,148.28000000,33.31300000,147.73
1749260734,148.29000000,303.03100000,147.73
1749260734,148.30000000,0.35900000,147.73
1749260734,148.31000000,27.49300000,147.73
1749260734,148.32000000,71.38400000,147.73
1749260734,148.33000000,0.52300000,147.73
1749260734,148.34000000,0.19300000,147.73
1749260734,148.35000000,1.38900000,147.73
1749260734,148.36000000,680.32600000,147.73
1749260734,148.37000000,19.41000000,147.73
1749260734,148.38000000,0.25900000,147.73
1749260734,148.39000000,0.80000000,147.73
1749260734,148.40000000,25.36700000,147.73
1749260734,148.41000000,0.17900000,147.73
1749260734,148.42000000,0.82300000,147.73
1749260734,148.43000000,792.95400000,147.73
1749260734,148.44000000,101.08600000,147.73
1749260734,148.45000000,3.13800000,147.73
1749260734,148.46000000,7.86500000,147.73
1749260734,148.47000000,0.58900000,147.73
1749260734,148.48000000,4.13400000,147.73
1749260734,148.49000000,1.31800000,147.73
1749260734,148.50000000,29.37300000,147.73
1749260734,148.51000000,675.44900000,147.73
1749260734,148.52000000,0.07400000,147.73
1749260734,148.53000000,30.37000000,147.73
1749260734,148.54000000,0.74600000,147.73
1749260734,148.55000000,2.82100000,147.73
1749260734,148.56000000,0.76800000,147.73
1749260734,148.57000000,0.37500000,147.73
1749260734,148.58000000,0.66800000,147.73
1749260734,148.59000000,0.21100000,147.73
1749260734,148.60000000,4.17600000,147.73
1749260734,148.61000000,6.86300000,147.73
1749260734,148.62000000,29.26900000,147.73
1749260734,148.63000000,0.60700000,147.73
1749260734,148.64000000,3.75900000,147.73
1749260734,148.65000000,672.34900000,147.73
1749260734,148.66000000,355.62600000,147.73
1749260734,148.67000000,5.29300000,147.73
1749261054,147.71000000,23.66100000,147.7
1749261054,147.72000000,31.47900000,147.7
1749261054,147.73000000,79.23200000,147.7
1749261054,147.74000000,164.80600000,147.7
1749261054,147.75000000,415.79900000,147.7
1749261054,147.76000000,548.66200000,147.7
1749261054,147.77000000,627.49600000,147.7
1749261054,147.78000000,707.26700000,147.7
1749261054,147.79000000,606.52200000,147.7
1749261054,147.80000000,1240.62200000,147.7
1749261054,147.81000000,965.65400000,147.7
1749261054,147.82000000,490.94200000,147.7
1749261054,147.83000000,677.94200000,147.7
1749261054,147.84000000,1120.72400000,147.7
1749261054,147.85000000,1194.68100000,147.7
1749261054,147.86000000,203.82700000,147.7
1749261054,147.87000000,523.01600000,147.7
1749261054,147.88000000,700.00200000,147.7
1749261054,147.89000000,550.86100000,147.7
1749261054,147.90000000,704.64400000,147.7
1749261054,147.91000000,296.29900000,147.7
1749261054,147.92000000,567.72300000,147.7
1749261054,147.93000000,688.47700000,147.7
1749261054,147.94000000,577.59900000,147.7
1749261054,147.95000000,1258.93700000,147.7
1749261054,147.96000000,1205.84700000,147.7
1749261054,147.97000000,1401.28600000,147.7
1749261054,147.98000000,736.67600000,147.7
1749261054,147.99000000,1081.62700000,147.7
1749261054,148.00000000,281.19700000,147.7
1749261054,148.01000000,298.19200000,147.7
1749261054,148.02000000,226.80000000,147.7
1749261054,148.03000000,203.02300000,147.7
1749261054,148.04000000,61.03800000,147.7
1749261054,148.05000000,63.93100000,147.7
1749261054,148.06000000,425.18400000,147.7
1749261054,148.07000000,256.74700000,147.7
1749261054,148.08000000,132.08400000,147.7
1749261054,148.09000000,208.86100000,147.7
1749261054,148.10000000,69.39800000,147.7
1749261054,148.11000000,63.16400000,147.7
1749261054,148.12000000,58.91900000,147.7
1749261054,148.13000000,63.40900000,147.7
1749261054,148.14000000,0.90300000,147.7
1749261054,148.15000000,0.19500000,147.7
1749261054,148.16000000,7.16500000,147.7
1749261054,148.17000000,0.15100000,147.7
1749261054,148.18000000,1.26400000,147.7
1749261054,148.19000000,101.21600000,147.7
1749261054,148.20000000,72.01200000,147.7
1749261054,148.21000000,915.83200000,147.7
1749261054,148.22000000,674.64300000,147.7
1749261054,148.23000000,19.86400000,147.7
1749261054,148.24000000,0.99600000,147.7
1749261054,148.25000000,0.31000000,147.7
1749261054,148.26000000,0.10200000,147.7
1749261054,148.27000000,0.16100000,147.7
1749261054,148.28000000,133.31300000,147.7
1749261054,148.29000000,963.03100000,147.7
1749261054,148.30000000,101.22400000,147.7
1749261054,148.31000000,0.52200000,147.7
1749261054,148.32000000,71.38400000,147.7
1749261054,148.33000000,0.52300000,147.7
1749261054,148.34000000,0.19300000,147.7
1749261054,148.35000000,1.43700000,147.7
1749261054,148.36000000,1882.36600000,147.7
1749261054,148.37000000,9.61800000,147.7
1749261054,148.38000000,41.43200000,147.7
1749261054,148.39000000,0.80000000,147.7
1749261054,148.40000000,25.36700000,147.7
1749261054,148.41000000,0.17900000,147.7
1749261054,148.42000000,0.82300000,147.7
1749261054,148.43000000,0.95400000,147.7
1749261054,148.44000000,7.16200000,147.7
1749261054,148.45000000,30.15100000,147.7
1749261054,148.46000000,7.93300000,147.7
1749261054,148.47000000,30.86900000,147.7
1749261054,148.48000000,4.18200000,147.7
1749261054,148.49000000,1.31800000,147.7
1749261054,148.50000000,1.67900000,147.7
1749261054,148.51000000,675.44900000,147.7
1749261054,148.52000000,0.75400000,147.7
1749261054,148.53000000,0.17100000,147.7
1749261054,148.54000000,0.74600000,147.7
1749261054,148.55000000,5.48400000,147.7
1749261054,148.56000000,792.80600000,147.7
1749261054,148.57000000,0.37500000,147.7
1749261054,148.58000000,2.88800000,147.7
1749261054,148.59000000,0.89100000,147.7
1749261054,148.60000000,1466.63900000,147.7
1749261054,148.61000000,109.82300000,147.7
1749261054,148.62000000,2.65000000,147.7
1749261054,148.63000000,30.80600000,147.7
1749261054,148.64000000,3.79700000,147.7
1749261054,148.65000000,700.68300000,147.7
1749261054,148.66000000,3.59200000,147.7
1749261054,148.67000000,5.29300000,147.7
1749261054,148.68000000,354.29400000,147.7
1749261054,148.69000000,7.83000000,147.7
1749261054,148.70000000,0.62800000,147.7
1749261359,147.82000000,20.22600000,147.81
1749261359,147.83000000,39.51400000,147.81
1749261359,147.84000000,214.79800000,147.81
1749261359,147.85000000,495.47000000,147.81
1749261359,147.86000000,309.08000000,147.81
1749261359,147.87000000,667.00700000,147.81
1749261359,147.88000000,560.09400000,147.81
1749261359,147.89000000,449.13000000,147.81
1749261359,147.90000000,389.50300000,147.81
1749261359,147.91000000,211.74500000,147.81
1749261359,147.92000000,678.50200000,147.81
1749261359,147.93000000,462.55600000,147.81
1749261359,147.94000000,182.76600000,147.81
1749261359,147.95000000,517.07600000,147.81
1749261359,147.96000000,860.57100000,147.81
1749261359,147.97000000,372.73500000,147.81
1749261359,147.98000000,803.30500000,147.81
1749261359,147.99000000,534.51200000,147.81
1749261359,148.00000000,1158.58900000,147.81
1749261359,148.01000000,795.51800000,147.81
1749261359,148.02000000,878.15900000,147.81
1749261359,148.03000000,1161.67200000,147.81
1749261359,148.04000000,893.97300000,147.81
1749261359,148.05000000,718.15800000,147.81
1749261359,148.06000000,781.86800000,147.81
1749261359,148.07000000,1158.63000000,147.81
1749261359,148.08000000,903.36300000,147.81
1749261359,148.09000000,404.14200000,147.81
1749261359,148.10000000,413.25600000,147.81
1749261359,148.11000000,122.81100000,147.81
1749261359,148.12000000,188.80100000,147.81
1749261359,148.13000000,433.39600000,147.81
1749261359,148.14000000,59.34600000,147.81
1749261359,148.15000000,58.07500000,147.81
1749261359,148.16000000,247.75900000,147.81
1749261359,148.17000000,971.68700000,147.81
1749261359,148.18000000,59.15800000,147.81
1749261359,148.19000000,158.71100000,147.81
1749261359,148.20000000,129.83800000,147.81
1749261359,148.21000000,59.91000000,147.81
1749261359,148.22000000,732.45700000,147.81
1749261359,148.23000000,77.67800000,147.81
1749261359,148.24000000,58.80200000,147.81
1749261359,148.25000000,0.31000000,147.81
1749261359,148.26000000,0.10200000,147.81
1749261359,148.27000000,0.16100000,147.81
1749261359,148.28000000,33.31300000,147.81
1749261359,148.29000000,303.36200000,147.81
1749261359,148.30000000,1204.76600000,147.81
1749261359,148.31000000,0.52200000,147.81
1749261359,148.32000000,71.38400000,147.81
1749261359,148.33000000,0.52300000,147.81
1749261359,148.34000000,0.19300000,147.81
1749261359,148.35000000,1.43700000,147.81
1749261359,148.36000000,678.10600000,147.81
1749261359,148.37000000,9.61800000,147.81
1749261359,148.38000000,43.70900000,147.81
1749261359,148.39000000,0.80000000,147.81
1749261359,148.40000000,685.36700000,147.81
1749261359,148.41000000,0.17900000,147.81
1749261359,148.42000000,0.82300000,147.81
1749261359,148.43000000,0.95400000,147.81
1749261359,148.44000000,73.60200000,147.81
1749261359,148.45000000,30.15100000,147.81
1749261359,148.46000000,8.01400000,147.81
1749261359,148.47000000,30.93700000,147.81
1749261359,148.48000000,4.25000000,147.81
1749261359,148.49000000,1.31800000,147.81
1749261359,148.50000000,1.67900000,147.81
1749261359,148.51000000,682.05300000,147.81
1749261359,148.52000000,0.07400000,147.81
1749261359,148.53000000,28.53700000,147.81
1749261359,148.54000000,0.74600000,147.81
1749261359,148.55000000,6.16400000,147.81
1749261359,148.56000000,0.80600000,147.81
1749261359,148.57000000,0.37500000,147.81
1749261359,148.58000000,2.88800000,147.81
1749261359,148.59000000,0.21100000,147.81
1749261359,148.60000000,1466.63900000,147.81
1749261359,148.61000000,106.78100000,147.81
1749261359,148.62000000,2.65000000,147.81
1749261359,148.63000000,0.60700000,147.81
1749261359,148.64000000,3.75900000,147.81
1749261359,148.65000000,672.34900000,147.81
1749261359,148.66000000,795.59200000,147.81
1749261359,148.67000000,5.29300000,147.81
1749261359,148.68000000,354.29400000,147.81
1749261359,148.69000000,7.83000000,147.81
1749261359,148.70000000,0.62800000,147.81
1749261359,148.71000000,1.25700000,147.81
1749261359,148.72000000,0.48300000,147.81
1749261359,148.73000000,32.50600000,147.81
1749261359,148.74000000,1.15600000,147.81
1749261359,148.75000000,1.86000000,147.81
1749261359,148.76000000,0.27500000,147.81
1749261359,148.77000000,6.84400000,147.81
1749261359,148.78000000,0.24300000,147.81
1749261359,148.79000000,2.96500000,147.81
1749261359,148.80000000,329.64400000,147.81
1749261359,148.81000000,103.20000000,147.81
1749261661,147.74000000,60.40400000,147.74
1749261661,147.75000000,84.58000000,147.74
1749261661,147.76000000,400.35400000,147.74
1749261661,147.77000000,633.63600000,147.74
1749261661,147.78000000,672.82600000,147.74
1749261661,147.79000000,589.47600000,147.74
1749261661,147.80000000,571.43000000,147.74
1749261661,147.81000000,753.27500000,147.74
1749261661,147.82000000,800.29600000,147.74
1749261661,147.83000000,317.73600000,147.74
1749261661,147.84000000,324.85600000,147.74
1749261661,147.85000000,970.27500000,147.74
1749261661,147.86000000,314.61100000,147.74
1749261661,147.87000000,469.70600000,147.74
1749261661,147.88000000,674.37000000,147.74
1749261661,147.89000000,328.92100000,147.74
1749261661,147.90000000,354.98300000,147.74
1749261661,147.91000000,814.49400000,147.74
1749261661,147.92000000,549.22000000,147.74
1749261661,147.93000000,707.63700000,147.74
1749261661,147.94000000,911.99400000,147.74
1749261661,147.95000000,1160.23500000,147.74
1749261661,147.96000000,600.66300000,147.74
1749261661,147.97000000,663.92300000,147.74
1749261661,147.98000000,974.95500000,147.74
1749261661,147.99000000,809.43800000,147.74
1749261661,148.00000000,942.77400000,147.74
1749261661,148.01000000,727.15500000,147.74
1749261661,148.02000000,623.49000000,147.74
1749261661,148.03000000,700.40500000,147.74
1749261661,148.04000000,1011.84400000,147.74
1749261661,148.05000000,1011.62400000,147.74
1749261661,148.06000000,533.99300000,147.74
1749261661,148.07000000,109.47000000,147.74
1749261661,148.08000000,326.00100000,147.74
1749261661,148.09000000,285.40300000,147.74
1749261661,148.10000000,342.88900000,147.74
1749261661,148.11000000,63.64200000,147.74
1749261661,148.12000000,99.18000000,147.74
1749261661,148.13000000,63.40900000,147.74
1749261661,148.14000000,106.18300000,147.74
1749261661,148.15000000,58.03600000,147.74
1749261661,148.16000000,65.68600000,147.74
1749261661,148.17000000,971.72500000,147.74
1749261661,148.18000000,0.58500000,147.74
1749261661,148.19000000,100.88500000,147.74
1749261661,148.20000000,72.01200000,147.74
1749261661,148.21000000,2.09200000,147.74
1749261661,148.22000000,0.44100000,147.74
1749261661,148.23000000,19.24400000,147.74
1749261661,148.24000000,0.27900000,147.74
1749261661,148.25000000,0.31000000,147.74
1749261661,148.26000000,0.18100000,147.74
1749261661,148.27000000,0.80600000,147.74
1749261661,148.28000000,132.69100000,147.74
1749261661,148.29000000,963.10900000,147.74
1749261661,148.30000000,1205.09700000,147.74
1749261661,148.31000000,1.16700000,147.74
1749261661,148.32000000,71.41900000,147.74
1749261661,148.33000000,0.48800000,147.74
1749261661,148.34000000,0.95100000,147.74
1749261661,148.35000000,0.72100000,147.74
1749261661,148.36000000,678.10600000,147.74
1749261661,148.37000000,9.65300000,147.74
1749261661,148.38000000,40.63300000,147.74
1749261661,148.39000000,0.79900000,147.74
1749261661,148.40000000,53.78800000,147.74
1749261661,148.41000000,0.82500000,147.74
1749261661,148.42000000,0.20100000,147.74
1749261661,148.43000000,27.93800000,147.74
1749261661,148.44000000,74.73800000,147.74
1749261661,148.45000000,3.20600000,147.74
1749261661,148.46000000,8.00500000,147.74
1749261661,148.47000000,30.98000000,147.74
1749261661,148.48000000,4.21600000,147.74
1749261661,148.49000000,1.42100000,147.74
1749261661,148.50000000,1.60100000,147.74
1749261661,148.51000000,675.48400000,147.74
1749261661,148.52000000,0.04000000,147.74
1749261661,148.53000000,0.17100000,147.74
1749261661,148.54000000,1.46100000,147.74
1749261661,148.55000000,797.45000000,147.74
1749261661,148.56000000,0.80600000,147.74
1749261661,148.57000000,1.09000000,147.74
1749261661,148.58000000,2.80900000,147.74
1749261661,148.59000000,0.21100000,147.74
1749261661,148.60000000,1476.61500000,147.74
1749261661,148.61000000,106.74700000,147.74
1749261661,148.62000000,2.65000000,147.74
1749261661,148.63000000,0.65700000,147.74
1749261661,148.64000000,3.76300000,147.74
1749261661,148.65000000,672.34900000,147.74
1749261661,148.66000000,3.67000000,147.74
1749261661,148.67000000,5.25900000,147.74
1749261661,148.68000000,354.32900000,147.74
1749261661,148.69000000,7.79600000,147.74
1749261661,148.70000000,0.62800000,147.74
1749261661,148.71000000,1.29200000,147.74
1749261661,148.72000000,0.44900000,147.74
1749261661,148.73000000,32.50600000,147.74
1749261972,147.50000000,170.33700000,147.5
1749261972,147.51000000,160.21000000,147.5
1749261972,147.52000000,237.55200000,147.5
1749261972,147.53000000,462.99700000,147.5
1749261972,147.54000000,374.60400000,147.5
1749261972,147.55000000,336.70400000,147.5
1749261972,147.56000000,1002.42700000,147.5
1749261972,147.57000000,293.49800000,147.5
1749261972,147.58000000,563.23700000,147.5
1749261972,147.59000000,914.74100000,147.5
1749261972,147.60000000,412.32600000,147.5
1749261972,147.61000000,626.03600000,147.5
1749261972,147.62000000,572.05500000,147.5
1749261972,147.63000000,312.47700000,147.5
1749261972,147.64000000,630.90400000,147.5
1749261972,147.65000000,449.52600000,147.5
1749261972,147.66000000,363.81400000,147.5
1749261972,147.67000000,404.45600000,147.5
1749261972,147.68000000,1045.64500000,147.5
1749261972,147.69000000,326.64400000,147.5
1749261972,147.70000000,630.31800000,147.5
1749261972,147.71000000,1181.00200000,147.5
1749261972,147.72000000,1326.41500000,147.5
1749261972,147.73000000,725.46400000,147.5
1749261972,147.74000000,643.35800000,147.5
1749261972,147.75000000,1029.43700000,147.5
1749261972,147.76000000,1031.51800000,147.5
1749261972,147.77000000,770.99800000,147.5
1749261972,147.78000000,878.09400000,147.5
1749261972,147.79000000,357.93400000,147.5
1749261972,147.80000000,386.56400000,147.5
1749261972,147.81000000,887.70500000,147.5
1749261972,147.82000000,384.87300000,147.5
1749261972,147.83000000,263.33200000,147.5
1749261972,147.84000000,449.34100000,147.5
1749261972,147.85000000,176.91700000,147.5
1749261972,147.86000000,67.21900000,147.5
1749261972,147.87000000,58.13000000,147.5
1749261972,147.88000000,188.99000000,147.5
1749261972,147.89000000,57.89300000,147.5
1749261972,147.90000000,95.34600000,147.5
1749261972,147.91000000,63.55500000,147.5
1749261972,147.92000000,243.70800000,147.5
1749261972,147.93000000,9.26700000,147.5
1749261972,147.94000000,307.29600000,147.5
1749261972,147.95000000,104.38900000,147.5
1749261972,147.96000000,71.55100000,147.5
1749261972,147.97000000,9.70800000,147.5
1749261972,147.98000000,100.88500000,147.5
1749261972,147.99000000,12.37000000,147.5
1749261972,148.00000000,157.58200000,147.5
1749261972,148.01000000,960.19300000,147.5
1749261972,148.02000000,26.41100000,147.5
1749261972,148.03000000,124.88000000,147.5
1749261972,148.04000000,0.15400000,147.5
1749261972,148.05000000,1.83800000,147.5
1749261972,148.06000000,2.41800000,147.5
1749261972,148.07000000,677.40200000,147.5
1749261972,148.08000000,72.94400000,147.5
1749261972,148.09000000,31.42200000,147.5
1749261972,148.10000000,108.25200000,147.5
1749261972,148.11000000,2.78900000,147.5
1749261972,148.12000000,1.39800000,147.5
1749261972,148.13000000,43.57300000,147.5
1749261972,148.14000000,41.80100000,147.5
1749261972,148.15000000,0.15200000,147.5
1749261972,148.16000000,7.84500000,147.5
1749261972,148.17000000,0.10200000,147.5
1749261972,148.18000000,660.58500000,147.5
1749261972,148.19000000,28.51100000,147.5
1749261972,148.20000000,73.94500000,147.5
1749261972,148.21000000,2.09200000,147.5
1749261972,148.22000000,681.42800000,147.5
1749261972,148.23000000,2.74000000,147.5
1749261972,148.24000000,0.27900000,147.5
1749261972,148.25000000,0.31000000,147.5
1749261972,148.26000000,0.11300000,147.5
1749261972,148.27000000,0.73800000,147.5
1749261972,148.28000000,32.62300000,147.5
1749261972,148.29000000,330.01500000,147.5
1749261972,148.30000000,2665.75800000,147.5
1749261972,148.31000000,1.09900000,147.5
1749261972,148.32000000,0.29400000,147.5
1749261972,148.33000000,0.42000000,147.5
1749261972,148.34000000,0.88300000,147.5
1749261972,148.35000000,2.87300000,147.5
1749261972,148.36000000,678.03800000,147.5
1749261972,148.37000000,12.62700000,147.5
1749261972,148.38000000,0.40900000,147.5
1749261972,148.39000000,0.73100000,147.5
1749261972,148.40000000,25.33400000,147.5
1749261972,148.41000000,0.07700000,147.5
1749261972,148.42000000,30.33200000,147.5
1749261972,148.43000000,0.92100000,147.5
1749261972,148.44000000,100.57500000,147.5
1749261972,148.45000000,795.13800000,147.5
1749261972,148.46000000,7.93700000,147.5
1749261972,148.47000000,30.91200000,147.5
1749261972,148.48000000,4.11000000,147.5
1749261972,148.49000000,1.35300000,147.5
1749262274,147.89000000,69.17200000,147.89
1749262274,147.90000000,8.22900000,147.89
1749262274,147.91000000,22.76200000,147.89
1749262274,147.92000000,215.44100000,147.89
1749262274,147.93000000,469.53300000,147.89
1749262274,147.94000000,199.28100000,147.89
1749262274,147.95000000,457.96500000,147.89
1749262274,147.96000000,559.64600000,147.89
1749262274,147.97000000,298.23000000,147.89
1749262274,147.98000000,363.58400000,147.89
1749262274,147.99000000,705.28400000,147.89
1749262274,148.00000000,538.11600000,147.89
1749262274,148.01000000,500.78500000,147.89
1749262274,148.02000000,403.40000000,147.89
1749262274,148.03000000,468.01900000,147.89
1749262274,148.04000000,913.78100000,147.89
1749262274,148.05000000,503.63600000,147.89
1749262274,148.06000000,784.91400000,147.89
1749262274,148.07000000,871.89700000,147.89
1749262274,148.08000000,1365.98500000,147.89
1749262274,148.09000000,1254.45100000,147.89
1749262274,148.10000000,1163.46700000,147.89
1749262274,148.11000000,927.70300000,147.89
1749262274,148.12000000,485.30100000,147.89
1749262274,148.13000000,829.35300000,147.89
1749262274,148.14000000,596.22200000,147.89
1749262274,148.15000000,265.40400000,147.89
1749262274,148.16000000,170.34500000,147.89
1749262274,148.17000000,76.73400000,147.89
1749262274,148.18000000,106.03200000,147.89
1749262274,148.19000000,198.77100000,147.89
1749262274,148.20000000,133.41600000,147.89
1749262274,148.21000000,449.01100000,147.89
1749262274,148.22000000,58.21600000,147.89
1749262274,148.23000000,243.74300000,147.89
1749262274,148.24000000,1262.34900000,147.89
1749262274,148.25000000,971.85200000,147.89
1749262274,148.26000000,58.02700000,147.89
1749262274,148.27000000,58.60100000,147.89
1749262274,148.28000000,191.29900000,147.89
1749262274,148.29000000,360.90000000,147.89
1749262274,148.30000000,410.32300000,147.89
1749262274,148.31000000,58.95000000,147.89
1749262274,148.32000000,73.34400000,147.89
1749262274,148.33000000,0.48800000,147.89
1749262274,148.34000000,0.90400000,147.89
1749262274,148.35000000,0.72100000,147.89
1749262274,148.36000000,678.10600000,147.89
1749262274,148.37000000,9.65300000,147.89
1749262274,148.38000000,0.47700000,147.89
1749262274,148.39000000,0.80000000,147.89
1749262274,148.40000000,65.97600000,147.89
1749262274,148.41000000,0.14500000,147.89
1749262274,148.42000000,0.20100000,147.89
1749262274,148.43000000,1.67000000,147.89
1749262274,148.44000000,735.29700000,147.89
1749262274,148.45000000,3.88700000,147.89
1749262274,148.46000000,36.37000000,147.89
1749262274,148.47000000,30.98000000,147.89
1749262274,148.48000000,4.21600000,147.89
1749262274,148.49000000,1.42100000,147.89
1749262274,148.50000000,120.76600000,147.89
1749262274,148.51000000,2137.29300000,147.89
1749262274,148.52000000,0.10800000,147.89
1749262274,148.53000000,0.91900000,147.89
1749262274,148.54000000,0.84900000,147.89
1749262274,148.55000000,5.51800000,147.89
1749262274,148.56000000,0.87400000,147.89
1749262274,148.57000000,29.62100000,147.89
1749262274,148.58000000,1.33700000,147.89
1749262274,148.59000000,4.72400000,147.89
1749262274,148.60000000,207.95000000,147.89
1749262274,148.61000000,108.49100000,147.89
1749262274,148.62000000,2.67500000,147.89
1749262274,148.63000000,0.50900000,147.89
1749262274,148.64000000,3.83100000,147.89
1749262274,148.65000000,672.34900000,147.89
1749262274,148.66000000,3.67000000,147.89
1749262274,148.67000000,5.25900000,147.89
1749262274,148.68000000,2.12600000,147.89
1749262274,148.69000000,7.79600000,147.89
1749262274,148.70000000,792.62800000,147.89
1749262274,148.71000000,1.29200000,147.89
1749262274,148.72000000,30.64800000,147.89
1749262274,148.73000000,2.30700000,147.89
1749262274,148.74000000,1.19100000,147.89
1749262274,148.75000000,1.86000000,147.89
1749262274,148.76000000,0.24100000,147.89
1749262274,148.77000000,6.87900000,147.89
1749262274,148.78000000,0.20900000,147.89
1749262274,148.79000000,2.79600000,147.89
1749262274,148.80000000,1.18500000,147.89
1749262274,148.81000000,2.35600000,147.89
1749262274,148.82000000,4.70300000,147.89
1749262274,148.83000000,551.82000000,147.89
1749262274,148.84000000,0.75200000,147.89
1749262274,148.85000000,357.00400000,147.89
1749262274,148.86000000,533.04400000,147.89
1749262274,148.87000000,9.53800000,147.89
1749262274,148.88000000,0.42000000,147.89
1749262575,148.12000000,62.14800000,148.11
1749262575,148.13000000,21.51500000,148.11
1749262575,148.14000000,29.83600000,148.11
1749262575,148.15000000,243.60500000,148.11
1749262575,148.16000000,487.10000000,148.11
1749262575,148.17000000,493.71000000,148.11
1749262575,148.18000000,271.92100000,148.11
1749262575,148.19000000,329.74100000,148.11
1749262575,148.20000000,572.28300000,148.11
1749262575,148.21000000,510.47900000,148.11
1749262575,148.22000000,239.33100000,148.11
1749262575,148.23000000,623.57500000,148.11
1749262575,148.24000000,294.44600000,148.11
1749262575,148.25000000,282.21600000,148.11
1749262575,148.26000000,460.41400000,148.11
1749262575,148.27000000,575.70200000,148.11
1749262575,148.28000000,591.63600000,148.11
1749262575,148.29000000,540.63000000,148.11
1749262575,148.30000000,437.99200000,148.11
1749262575,148.31000000,660.27300000,148.11
1749262575,148.32000000,1054.11000000,148.11
1749262575,148.33000000,1105.01800000,148.11
1749262575,148.34000000,1035.11900000,148.11
1749262575,148.35000000,901.19100000,148.11
1749262575,148.36000000,634.60000000,148.11
1749262575,148.37000000,481.45900000,148.11
1749262575,148.38000000,328.43200000,148.11
1749262575,148.39000000,470.49400000,148.11
1749262575,148.40000000,142.60700000,148.11
1749262575,148.41000000,80.15200000,148.11
1749262575,148.42000000,75.79400000,148.11
1749262575,148.43000000,99.33000000,148.11
1749262575,148.44000000,135.06800000,148.11
1749262575,148.45000000,118.19500000,148.11
1749262575,148.46000000,62.65700000,148.11
1749262575,148.47000000,88.70000000,148.11
1749262575,148.48000000,61.92900000,148.11
1749262575,148.49000000,1322.11200000,148.11
1749262575,148.50000000,461.56700000,148.11
1749262575,148.51000000,733.93400000,148.11
1749262575,148.52000000,57.80900000,148.11
1749262575,148.53000000,58.66000000,148.11
1749262575,148.54000000,58.54200000,148.11
1749262575,148.55000000,2.85500000,148.11
1749262575,148.56000000,1273.17600000,148.11
1749262575,148.57000000,0.47800000,148.11
1749262575,148.58000000,1.33700000,148.11
1749262575,148.59000000,1.68200000,148.11
1749262575,148.60000000,207.95000000,148.11
1749262575,148.61000000,666.89700000,148.11
1749262575,148.62000000,2.67500000,148.11
1749262575,148.63000000,0.50900000,148.11
1749262575,148.64000000,4.51100000,148.11
1749262575,148.65000000,712.18900000,148.11
1749262575,148.66000000,3.73800000,148.11
1749262575,148.67000000,5.32700000,148.11
1749262575,148.68000000,71.78800000,148.11
1749262575,148.69000000,7.86400000,148.11
1749262575,148.70000000,379.63000000,148.11
1749262575,148.71000000,2.04000000,148.11
1749262575,148.72000000,1.23400000,148.11
1749262575,148.73000000,1463.43500000,148.11
1749262575,148.74000000,1.25900000,148.11
1749262575,148.75000000,3.02400000,148.11
1749262575,148.76000000,0.95300000,148.11
1749262575,148.77000000,6.94700000,148.11
1749262575,148.78000000,0.27700000,148.11
1749262575,148.79000000,103.58100000,148.11
1749262575,148.80000000,3.51000000,148.11
1749262575,148.81000000,31.38700000,148.11
1749262575,148.82000000,14.67900000,148.11
1749262575,148.83000000,0.16800000,148.11
1749262575,148.84000000,3.88800000,148.11
1749262575,148.85000000,1.70500000,148.11
1749262575,148.86000000,533.11200000,148.11
1749262575,148.87000000,10.28500000,148.11
1749262575,148.88000000,792.45700000,148.11
1749262575,148.89000000,0.05800000,148.11
1749262575,148.90000000,104.85000000,148.11
1749262575,148.91000000,8.16200000,148.11
1749262575,148.92000000,0.35100000,148.11
1749262575,148.93000000,5.87700000,148.11
1749262575,148.94000000,677.08900000,148.11
1749262575,148.95000000,1.97300000,148.11
1749262575,148.96000000,33.29800000,148.11
1749262575,148.97000000,7.56200000,148.11
1749262575,148.98000000,0.82900000,148.11
1749262575,148.99000000,1.02000000,148.11
1749262575,149.00000000,86.28200000,148.11
1749262575,149.01000000,2.13500000,148.11
1749262575,149.02000000,30.53000000,148.11
1749262575,149.03000000,6.45700000,148.11
1749262575,149.04000000,0.55600000,148.11
1749262575,149.05000000,1.07600000,148.11
1749262575,149.06000000,0.18400000,148.11
1749262575,149.07000000,0.44600000,148.11
1749262575,149.08000000,26.96200000,148.11
1749262575,149.09000000,1.33900000,148.11
1749262575,149.10000000,2.26700000,148.11
1749262575,149.11000000,4.60800000,148.11
1749262881,148.08000000,467.21300000,148.07
1749262881,148.09000000,287.34600000,148.07
1749262881,148.10000000,358.87500000,148.07
1749262881,148.11000000,418.64100000,148.07
1749262881,148.12000000,395.20300000,148.07
1749262881,148.13000000,631.96700000,148.07
1749262881,148.14000000,794.26000000,148.07
1749262881,148.15000000,476.12100000,148.07
1749262881,148.16000000,321.97800000,148.07
1749262881,148.17000000,559.81900000,148.07
1749262881,148.18000000,459.00700000,148.07
1749262881,148.19000000,232.30500000,148.07
1749262881,148.20000000,523.90400000,148.07
1749262881,148.21000000,624.33900000,148.07
1749262881,148.22000000,522.65900000,148.07
1749262881,148.23000000,1027.37800000,148.07
1749262881,148.24000000,1031.49900000,148.07
1749262881,148.25000000,927.52600000,148.07
1749262881,148.26000000,977.20100000,148.07
1749262881,148.27000000,728.76700000,148.07
1749262881,148.28000000,503.66000000,148.07
1749262881,148.29000000,1007.08000000,148.07
1749262881,148.30000000,719.10100000,148.07
1749262881,148.31000000,637.59800000,148.07
1749262881,148.32000000,617.86800000,148.07
1749262881,148.33000000,1169.42600000,148.07
1749262881,148.34000000,880.09200000,148.07
1749262881,148.35000000,698.74800000,148.07
1749262881,148.36000000,851.08600000,148.07
1749262881,148.37000000,528.69100000,148.07
1749262881,148.38000000,591.42300000,148.07
1749262881,148.39000000,1166.24300000,148.07
1749262881,148.40000000,101.20100000,148.07
1749262881,148.41000000,240.38600000,148.07
1749262881,148.42000000,59.15400000,148.07
1749262881,148.43000000,59.37100000,148.07
1749262881,148.44000000,133.06000000,148.07
1749262881,148.45000000,118.36600000,148.07
1749262881,148.46000000,62.62200000,148.07
1749262881,148.47000000,189.04700000,148.07
1749262881,148.48000000,66.01700000,148.07
1749262881,148.49000000,59.69900000,148.07
1749262881,148.50000000,279.28100000,148.07
1749262881,148.51000000,1886.11100000,148.07
1749262881,148.52000000,0.14300000,148.07
1749262881,148.53000000,101.00100000,148.07
1749262881,148.54000000,0.81400000,148.07
1749262881,148.55000000,2.85500000,148.07
1749262881,148.56000000,68.91600000,148.07
1749262881,148.57000000,0.47800000,148.07
1749262881,148.58000000,1.33700000,148.07
1749262881,148.59000000,30.03600000,148.07
1749262881,148.60000000,225.31600000,148.07
1749262881,148.61000000,107.71400000,148.07
1749262881,148.62000000,2.67500000,148.07
1749262881,148.63000000,0.84000000,148.07
1749262881,148.64000000,4.51100000,148.07
1749262881,148.65000000,712.56400000,148.07
1749262881,148.66000000,663.73800000,148.07
1749262881,148.67000000,5.32700000,148.07
1749262881,148.68000000,71.74600000,148.07
1749262881,148.69000000,1527.18400000,148.07
1749262881,148.70000000,380.13000000,148.07
1749262881,148.71000000,2.07400000,148.07
1749262881,148.72000000,102.05100000,148.07
1749262881,148.73000000,2.37500000,148.07
1749262881,148.74000000,1.25900000,148.07
1749262881,148.75000000,3.02400000,148.07
1749262881,148.76000000,1.27500000,148.07
1749262881,148.77000000,6.98100000,148.07
1749262881,148.78000000,0.27700000,148.07
1749262881,148.79000000,33.14400000,148.07
1749262881,148.80000000,106.24100000,148.07
1749262881,148.81000000,3.10300000,148.07
1749262881,148.82000000,7.85900000,148.07
1749262881,148.83000000,0.16800000,148.07
1749262881,148.84000000,3.82000000,148.07
1749262881,148.85000000,1.63700000,148.07
1749262881,148.86000000,533.04400000,148.07
1749262881,148.87000000,10.21700000,148.07
1749262881,148.88000000,0.45700000,148.07
1749262881,148.89000000,0.05800000,148.07
1749262881,148.90000000,11.60200000,148.07
1749262881,148.91000000,7.48300000,148.07
1749262881,148.92000000,0.30900000,148.07
1749262881,148.93000000,1468.84600000,148.07
1749262881,148.94000000,677.08900000,148.07
1749262881,148.95000000,1.97300000,148.07
1749262881,148.96000000,33.33500000,148.07
1749262881,148.97000000,108.46200000,148.07
1749262881,148.98000000,0.82900000,148.07
1749262881,148.99000000,1.02000000,148.07
1749262881,149.00000000,86.24800000,148.07
1749262881,149.01000000,2.13500000,148.07
1749262881,149.02000000,30.53000000,148.07
1749262881,149.03000000,6.45700000,148.07
1749262881,149.04000000,0.55600000,148.07
1749262881,149.05000000,1.07600000,148.07
1749262881,149.06000000,0.18400000,148.07
1749262881,149.07000000,0.44600000,148.07
1749263183,148.18000000,202.04900000,148.17
1749263183,148.19000000,283.75100000,148.17
1749263183,148.20000000,309.80000000,148.17
1749263183,148.21000000,513.15800000,148.17
1749263183,148.22000000,572.48800000,148.17
1749263183,148.23000000,336.11100000,148.17
1749263183,148.24000000,408.34300000,148.17
1749263183,148.25000000,352.88200000,148.17
1749263183,148.26000000,258.42100000,148.17
1749263183,148.27000000,789.14900000,148.17
1749263183,148.28000000,1350.34300000,148.17
1749263183,148.29000000,1250.26900000,148.17
1749263183,148.30000000,719.04100000,148.17
1749263183,148.31000000,665.91400000,148.17
1749263183,148.32000000,299.26500000,148.17
1749263183,148.33000000,163.06800000,148.17
1749263183,148.34000000,458.86200000,148.17
1749263183,148.35000000,870.54200000,148.17
1749263183,148.36000000,419.80500000,148.17
1749263183,148.37000000,270.33100000,148.17
1749263183,148.38000000,615.38600000,148.17
1749263183,148.39000000,375.28200000,148.17
1749263183,148.40000000,565.49600000,148.17
1749263183,148.41000000,1220.21900000,148.17
1749263183,148.42000000,1123.31900000,148.17
1749263183,148.43000000,1365.75200000,148.17
1749263183,148.44000000,1116.72800000,148.17
1749263183,148.45000000,609.35100000,148.17
1749263183,148.46000000,251.52300000,148.17
1749263183,148.47000000,706.59100000,148.17
1749263183,148.48000000,587.72600000,148.17
1749263183,148.49000000,494.58000000,148.17
1749263183,148.50000000,475.37400000,148.17
1749263183,148.51000000,1111.70000000,148.17
1749263183,148.52000000,60.85200000,148.17
1749263183,148.53000000,158.66200000,148.17
1749263183,148.54000000,129.57300000,148.17
1749263183,148.55000000,60.64700000,148.17
1749263183,148.56000000,126.59700000,148.17
1749263183,148.57000000,240.33000000,148.17
1749263183,148.58000000,59.01400000,148.17
1749263183,148.59000000,57.99000000,148.17
1749263183,148.60000000,264.62400000,148.17
1749263183,148.61000000,107.71400000,148.17
1749263183,148.62000000,2.72300000,148.17
1749263183,148.63000000,0.50900000,148.17
1749263183,148.64000000,4.51100000,148.17
1749263183,148.65000000,672.45100000,148.17
1749263183,148.66000000,1213.63800000,148.17
1749263183,148.67000000,5.32700000,148.17
1749263183,148.68000000,71.74600000,148.17
1749263183,148.69000000,7.86400000,148.17
1749263183,148.70000000,353.23000000,148.17
1749263183,148.71000000,2.07400000,148.17
1749263183,148.72000000,102.05100000,148.17
1749263183,148.73000000,2.37500000,148.17
1749263183,148.74000000,29.54200000,148.17
1749263183,148.75000000,3.02400000,148.17
1749263183,148.76000000,1.27500000,148.17
1749263183,148.77000000,3.84900000,148.17
1749263183,148.78000000,41.19900000,148.17
1749263183,148.79000000,693.14400000,148.17
1749263183,148.80000000,172.61800000,148.17
1749263183,148.81000000,3.10300000,148.17
1749263183,148.82000000,7.85900000,148.17
1749263183,148.83000000,0.20200000,148.17
1749263183,148.84000000,3.88800000,148.17
1749263183,148.85000000,28.57800000,148.17
1749263183,148.86000000,533.11200000,148.17
1749263183,148.87000000,10.28500000,148.17
1749263183,148.88000000,0.52500000,148.17
1749263183,148.89000000,0.12600000,148.17
1749263183,148.90000000,4.91800000,148.17
1749263183,148.91000000,1527.55000000,148.17
1749263183,148.92000000,1.19200000,148.17
1749263183,148.93000000,676.91400000,148.17
1749263183,148.94000000,677.08900000,148.17
1749263183,148.95000000,1.97300000,148.17
1749263183,148.96000000,34.01400000,148.17
1749263183,148.97000000,116.63100000,148.17
1749263183,148.98000000,0.82900000,148.17
1749263183,148.99000000,1.02000000,148.17
1749263183,149.00000000,86.24800000,148.17
1749263183,149.01000000,2.13500000,148.17
1749263183,149.02000000,0.33100000,148.17
1749263183,149.03000000,6.45700000,148.17
1749263183,149.04000000,0.55600000,148.17
1749263183,149.05000000,1.07600000,148.17
1749263183,149.06000000,792.18400000,148.17
1749263183,149.07000000,0.44600000,148.17
1749263183,149.08000000,0.13100000,148.17
1749263183,149.09000000,1.33900000,148.17
1749263183,149.10000000,2.26700000,148.17
1749263183,149.11000000,6.62000000,148.17
1749263183,149.12000000,44.41400000,148.17
1749263183,149.13000000,486.70100000,148.17
1749263183,149.14000000,0.34000000,148.17
1749263183,149.15000000,3.78900000,148.17
1749263183,149.16000000,0.42200000,148.17
1749263183,149.17000000,0.88300000,148.17
1749263489,148.01000000,152.16200000,148.0
1749263489,148.02000000,85.28300000,148.0
1749263489,148.03000000,95.28000000,148.0
1749263489,148.04000000,155.55000000,148.0
1749263489,148.05000000,520.15200000,148.0
1749263489,148.06000000,614.22000000,148.0
1749263489,148.07000000,732.20600000,148.0
1749263489,148.08000000,655.60300000,148.0
1749263489,148.09000000,991.79900000,148.0
1749263489,148.10000000,1473.26500000,148.0
1749263489,148.11000000,317.95600000,148.0
1749263489,148.12000000,333.33500000,148.0
1749263489,148.13000000,485.85700000,148.0
1749263489,148.14000000,352.37100000,148.0
1749263489,148.15000000,293.29400000,148.0
1749263489,148.16000000,343.43900000,148.0
1749263489,148.17000000,570.16600000,148.0
1749263489,148.18000000,532.09800000,148.0
1749263489,148.19000000,905.38300000,148.0
1749263489,148.20000000,1188.65500000,148.0
1749263489,148.21000000,1099.78400000,148.0
1749263489,148.22000000,1148.32000000,148.0
1749263489,148.23000000,1555.29500000,148.0
1749263489,148.24000000,756.98900000,148.0
1749263489,148.25000000,429.44100000,148.0
1749263489,148.26000000,887.07100000,148.0
1749263489,148.27000000,578.08700000,148.0
1749263489,148.28000000,694.63700000,148.0
1749263489,148.29000000,654.51200000,148.0
1749263489,148.30000000,488.99700000,148.0
1749263489,148.31000000,340.77900000,148.0
1749263489,148.32000000,1019.40400000,148.0
1749263489,148.33000000,315.26500000,148.0
1749263489,148.34000000,318.74500000,148.0
1749263489,148.35000000,58.89200000,148.0
1749263489,148.36000000,71.60800000,148.0
1749263489,148.37000000,72.30500000,148.0
1749263489,148.38000000,130.98100000,148.0
1749263489,148.39000000,231.12000000,148.0
1749263489,148.40000000,93.40200000,148.0
1749263489,148.41000000,268.41000000,148.0
1749263489,148.42000000,155.66600000,148.0
1749263489,148.43000000,59.41900000,148.0
1749263489,148.44000000,68.76200000,148.0
1749263489,148.45000000,316.76100000,148.0
1749263489,148.46000000,8.27300000,148.0
1749263489,148.47000000,152.86500000,148.0
1749263489,148.48000000,921.79400000,148.0
1749263489,148.49000000,0.50500000,148.0
1749263489,148.50000000,253.91100000,148.0
1749263489,148.51000000,27.62700000,148.0
1749263489,148.52000000,0.14300000,148.0
1749263489,148.53000000,103.48500000,148.0
1749263489,148.54000000,31.09400000,148.0
1749263489,148.55000000,2.89000000,148.0
1749263489,148.56000000,97.24800000,148.0
1749263489,148.57000000,0.54600000,148.0
1749263489,148.58000000,1.37100000,148.0
1749263489,148.59000000,0.31300000,148.0
1749263489,148.60000000,1874.03900000,148.0
1749263489,148.61000000,107.74800000,148.0
1749263489,148.62000000,2.23700000,148.0
1749263489,148.63000000,672.61800000,148.0
1749263489,148.64000000,4.54500000,148.0
1749263489,148.65000000,0.21900000,148.0
1749263489,148.66000000,43.68400000,148.0
1749263489,148.67000000,373.86500000,148.0
1749263489,148.68000000,71.74600000,148.0
1749263489,148.69000000,7.86400000,148.0
1749263489,148.70000000,1.19600000,148.0
1749263489,148.71000000,2.07400000,148.0
1749263489,148.72000000,1.23400000,148.0
1749263489,148.73000000,29.26900000,148.0
1749263489,148.74000000,1.25900000,148.0
1749263489,148.75000000,3.02400000,148.0
1749263489,148.76000000,1.27500000,148.0
1749263489,148.77000000,3.78100000,148.0
1749263489,148.78000000,671.82400000,148.0
1749263489,148.79000000,33.07600000,148.0
1749263489,148.80000000,102.36100000,148.0
1749263489,148.81000000,5.25500000,148.0
1749263489,148.82000000,11.46200000,148.0
1749263489,148.83000000,3.17600000,148.0
1749263489,148.84000000,3.82000000,148.0
1749263489,148.85000000,1.63700000,148.0
1749263489,148.86000000,532.09000000,148.0
1749263489,148.87000000,801.53800000,148.0
1749263489,148.88000000,0.45700000,148.0
1749263489,148.89000000,0.09200000,148.0
1749263489,148.90000000,4.85000000,148.0
1749263489,148.91000000,1526.80300000,148.0
1749263489,148.92000000,30.64400000,148.0
1749263489,148.93000000,676.84600000,148.0
1749263489,148.94000000,677.08900000,148.0
1749263489,148.95000000,1.53500000,148.0
1749263489,148.96000000,33.33500000,148.0
1749263489,148.97000000,103.14900000,148.0
1749263489,148.98000000,0.82900000,148.0
1749263489,148.99000000,1.02000000,148.0
1749263489,149.00000000,86.84300000,148.0
1749263795,148.03000000,72.14900000,148.03
1749263795,148.04000000,55.47300000,148.03
1749263795,148.05000000,165.77900000,148.03
1749263795,148.06000000,370.23400000,148.03
1749263795,148.07000000,700.48900000,148.03
1749263795,148.08000000,200.80300000,148.03
1749263795,148.09000000,371.63600000,148.03
1749263795,148.10000000,595.05200000,148.03
1749263795,148.11000000,410.04200000,148.03
1749263795,148.12000000,237.11800000,148.03
1749263795,148.13000000,452.98100000,148.03
1749263795,148.14000000,359.47800000,148.03
1749263795,148.15000000,234.27700000,148.03
1749263795,148.16000000,721.68800000,148.03
1749263795,148.17000000,709.09100000,148.03
1749263795,148.18000000,864.20700000,148.03
1749263795,148.19000000,958.77700000,148.03
1749263795,148.20000000,983.85800000,148.03
1749263795,148.21000000,710.80000000,148.03
1749263795,148.22000000,1091.27600000,148.03
1749263795,148.23000000,1486.80800000,148.03
1749263795,148.24000000,617.47400000,148.03
1749263795,148.25000000,438.43000000,148.03
1749263795,148.26000000,567.59300000,148.03
1749263795,148.27000000,686.13300000,148.03
1749263795,148.28000000,1251.69400000,148.03
1749263795,148.29000000,850.81300000,148.03
1749263795,148.30000000,717.05800000,148.03
1749263795,148.31000000,676.22600000,148.03
1749263795,148.32000000,1042.72600000,148.03
1749263795,148.33000000,703.35400000,148.03
1749263795,148.34000000,516.14900000,148.03
1749263795,148.35000000,240.21200000,148.03
1749263795,148.36000000,239.74900000,148.03
1749263795,148.37000000,72.30500000,148.03
1749263795,148.38000000,58.50100000,148.03
1749263795,148.39000000,227.06600000,148.03
1749263795,148.40000000,95.09300000,148.03
1749263795,148.41000000,267.83900000,148.03
1749263795,148.42000000,95.06600000,148.03
1749263795,148.43000000,59.37100000,148.03
1749263795,148.44000000,126.82800000,148.03
1749263795,148.45000000,78.11900000,148.03
1749263795,148.46000000,8.32100000,148.03
1749263795,148.47000000,156.87400000,148.03
1749263795,148.48000000,921.79400000,148.03
1749263795,148.49000000,0.50500000,148.03
1749263795,148.50000000,232.85600000,148.03
1749263795,148.51000000,5.76000000,148.03
1749263795,148.52000000,0.14300000,148.03
1749263795,148.53000000,100.95300000,148.03
1749263795,148.54000000,31.42500000,148.03
1749263795,148.55000000,2.89000000,148.03
1749263795,148.56000000,68.91600000,148.03
1749263795,148.57000000,28.77200000,148.03
1749263795,148.58000000,3.79000000,148.03
1749263795,148.59000000,660.31300000,148.03
1749263795,148.60000000,1214.03900000,148.03
1749263795,148.61000000,107.74800000,148.03
1749263795,148.62000000,2.23700000,148.03
1749263795,148.63000000,672.61800000,148.03
1749263795,148.64000000,4.54500000,148.03
1749263795,148.65000000,0.21900000,148.03
1749263795,148.66000000,43.64100000,148.03
1749263795,148.67000000,373.86500000,148.03
1749263795,148.68000000,71.74600000,148.03
1749263795,148.69000000,7.86400000,148.03
1749263795,148.70000000,1.19600000,148.03
1749263795,148.71000000,2.07400000,148.03
1749263795,148.72000000,1.23400000,148.03
1749263795,148.73000000,29.26900000,148.03
1749263795,148.74000000,1.25900000,148.03
1749263795,148.75000000,3.02400000,148.03
1749263795,148.76000000,1.27500000,148.03
1749263795,148.77000000,2.12600000,148.03
1749263795,148.78000000,671.89200000,148.03
1749263795,148.79000000,33.07600000,148.03
1749263795,148.80000000,102.36100000,148.03
1749263795,148.81000000,4.57600000,148.03
1749263795,148.82000000,5.42800000,148.03
1749263795,148.83000000,3.17600000,148.03
1749263795,148.84000000,3.82000000,148.03
1749263795,148.85000000,8.37600000,148.03
1749263795,148.86000000,1324.09000000,148.03
1749263795,148.87000000,9.53800000,148.03
1749263795,148.88000000,0.45700000,148.03
1749263795,148.89000000,0.09200000,148.03
1749263795,148.90000000,4.85000000,148.03
1749263795,148.91000000,1526.76000000,148.03
1749263795,148.92000000,30.64400000,148.03
1749263795,148.93000000,676.84600000,148.03
1749263795,148.94000000,677.08900000,148.03
1749263795,148.95000000,1.53500000,148.03
1749263795,148.96000000,33.29800000,148.03
1749263795,148.97000000,103.14900000,148.03
1749263795,148.98000000,0.82900000,148.03
1749263795,148.99000000,1.02000000,148.03
1749263795,149.00000000,90.21700000,148.03
1749263795,149.01000000,2.13500000,148.03
1749263795,149.02000000,0.33100000,148.03
1749264097,148.11000000,73.43100000,148.11
1749264097,148.12000000,83.69100000,148.11
1749264097,148.13000000,252.69700000,148.11
1749264097,148.14000000,340.62500000,148.11
1749264097,148.15000000,545.25500000,148.11
1749264097,148.16000000,356.13400000,148.11
1749264097,148.17000000,576.38700000,148.11
1749264097,148.18000000,572.31100000,148.11
1749264097,148.19000000,87.05100000,148.11
1749264097,148.20000000,160.17900000,148.11
1749264097,148.21000000,364.76300000,148.11
1749264097,148.22000000,210.13300000,148.11
1749264097,148.23000000,507.21000000,148.11
1749264097,148.24000000,507.74000000,148.11
1749264097,148.25000000,554.48400000,148.11
1749264097,148.26000000,804.59200000,148.11
1749264097,148.27000000,1053.15300000,148.11
1749264097,148.28000000,706.90800000,148.11
1749264097,148.29000000,968.33500000,148.11
1749264097,148.30000000,1081.64400000,148.11
1749264097,148.31000000,700.37500000,148.11
1749264097,148.32000000,1580.99300000,148.11
1749264097,148.33000000,1378.45100000,148.11
1749264097,148.34000000,418.13100000,148.11
1749264097,148.35000000,434.10600000,148.11
1749264097,148.36000000,699.97000000,148.11
1749264097,148.37000000,756.81600000,148.11
1749264097,148.38000000,1152.92700000,148.11
1749264097,148.39000000,888.01500000,148.11
1749264097,148.40000000,191.21000000,148.11
1749264097,148.41000000,462.85800000,148.11
1749264097,148.42000000,460.48200000,148.11
1749264097,148.43000000,62.77800000,148.11
1749264097,148.44000000,128.95300000,148.11
1749264097,148.45000000,428.04000000,148.11
1749264097,148.46000000,976.84200000,148.11
1749264097,148.47000000,195.53300000,148.11
1749264097,148.48000000,64.46100000,148.11
1749264097,148.49000000,58.21400000,148.11
1749264097,148.50000000,292.65800000,148.11
1749264097,148.51000000,61.37200000,148.11
1749264097,148.52000000,57.91200000,148.11
1749264097,148.53000000,158.64600000,148.11
1749264097,148.54000000,31.09400000,148.11
1749264097,148.55000000,2.93800000,148.11
1749264097,148.56000000,68.91600000,148.11
1749264097,148.57000000,0.44300000,148.11
1749264097,148.58000000,1.37100000,148.11
1749264097,148.59000000,0.31300000,148.11
1749264097,148.60000000,4.13900000,148.11
1749264097,148.61000000,107.74800000,148.11
1749264097,148.62000000,2.23700000,148.11
1749264097,148.63000000,672.62200000,148.11
1749264097,148.64000000,4.54500000,148.11
1749264097,148.65000000,0.78100000,148.11
1749264097,148.66000000,3.66000000,148.11
1749264097,148.67000000,414.83700000,148.11
1749264097,148.68000000,71.74600000,148.11
1749264097,148.69000000,667.86400000,148.11
1749264097,148.70000000,1.19600000,148.11
1749264097,148.71000000,2.07400000,148.11
1749264097,148.72000000,29.52800000,148.11
1749264097,148.73000000,2.37500000,148.11
1749264097,148.74000000,1.25900000,148.11
1749264097,148.75000000,1212.92400000,148.11
1749264097,148.76000000,0.95300000,148.11
1749264097,148.77000000,4.13600000,148.11
1749264097,148.78000000,671.89200000,148.11
1749264097,148.79000000,33.14400000,148.11
1749264097,148.80000000,102.42900000,148.11
1749264097,148.81000000,4.64400000,148.11
1749264097,148.82000000,5.49600000,148.11
1749264097,148.83000000,3.24400000,148.11
1749264097,148.84000000,3.88800000,148.11
1749264097,148.85000000,1.70500000,148.11
1749264097,148.86000000,532.15800000,148.11
1749264097,148.87000000,10.21700000,148.11
1749264097,148.88000000,27.32400000,148.11
1749264097,148.89000000,0.09200000,148.11
1749264097,148.90000000,4.85000000,148.11
1749264097,148.91000000,1526.76000000,148.11
1749264097,148.92000000,0.44500000,148.11
1749264097,148.93000000,676.84600000,148.11
1749264097,148.94000000,677.08900000,148.11
1749264097,148.95000000,1.53500000,148.11
1749264097,148.96000000,825.33500000,148.11
1749264097,148.97000000,103.14900000,148.11
1749264097,148.98000000,0.82900000,148.11
1749264097,148.99000000,7.87900000,148.11
1749264097,149.00000000,90.21700000,148.11
1749264097,149.01000000,2.13500000,148.11
1749264097,149.02000000,30.53000000,148.11
1749264097,149.03000000,9.98500000,148.11
1749264097,149.04000000,0.55600000,148.11
1749264097,149.05000000,1.07600000,148.11
1749264097,149.06000000,0.18400000,148.11
1749264097,149.07000000,0.44600000,148.11
1749264097,149.08000000,0.13100000,148.11
1749264097,149.09000000,1.33900000,148.11
1749264097,149.10000000,2.26700000,148.11
1749264403,148.21000000,512.09800000,148.21
1749264403,148.22000000,494.54600000,148.21
1749264403,148.23000000,406.44300000,148.21
1749264403,148.24000000,303.27200000,148.21
1749264403,148.25000000,303.65600000,148.21
1749264403,148.26000000,323.64100000,148.21
1749264403,148.27000000,156.28100000,148.21
1749264403,148.28000000,229.07000000,148.21
1749264403,148.29000000,285.12900000,148.21
1749264403,148.30000000,571.18800000,148.21
1749264403,148.31000000,1285.44300000,148.21
1749264403,148.32000000,1041.54600000,148.21
1749264403,148.33000000,439.28600000,148.21
1749264403,148.34000000,216.23700000,148.21
1749264403,148.35000000,509.83000000,148.21
1749264403,148.36000000,626.87400000,148.21
1749264403,148.37000000,416.61100000,148.21
1749264403,148.38000000,556.45400000,148.21
1749264403,148.39000000,628.22700000,148.21
1749264403,148.40000000,847.84000000,148.21
1749264403,148.41000000,950.50300000,148.21
1749264403,148.42000000,870.78700000,148.21
1749264403,148.43000000,670.05600000,148.21
1749264403,148.44000000,1187.53200000,148.21
1749264403,148.45000000,1667.05800000,148.21
1749264403,148.46000000,1033.69300000,148.21
1749264403,148.47000000,1071.16700000,148.21
1749264403,148.48000000,436.79200000,148.21
1749264403,148.49000000,488.36600000,148.21
1749264403,148.50000000,488.77300000,148.21
1749264403,148.51000000,78.45500000,148.21
1749264403,148.52000000,105.52900000,148.21
1749264403,148.53000000,238.43500000,148.21
1749264403,148.54000000,163.78000000,148.21
1749264403,148.55000000,264.40400000,148.21
1749264403,148.56000000,167.22100000,148.21
1749264403,148.57000000,58.15200000,148.21
1749264403,148.58000000,436.63800000,148.21
1749264403,148.59000000,972.24200000,148.21
1749264403,148.60000000,61.80500000,148.21
1749264403,148.61000000,165.41000000,148.21
1749264403,148.62000000,59.60400000,148.21
1749264403,148.63000000,730.32400000,148.21
1749264403,148.64000000,62.19500000,148.21
1749264403,148.65000000,58.43100000,148.21
1749264403,148.66000000,61.29900000,148.21
1749264403,148.67000000,21.83100000,148.21
1749264403,148.68000000,71.74600000,148.21
1749264403,148.69000000,7.86400000,148.21
1749264403,148.70000000,101.23000000,148.21
1749264403,148.71000000,2.07400000,148.21
1749264403,148.72000000,1.23400000,148.21
1749264403,148.73000000,2.37500000,148.21
1749264403,148.74000000,1.25900000,148.21
1749264403,148.75000000,1212.92400000,148.21
1749264403,148.76000000,23.24400000,148.21
1749264403,148.77000000,4.13600000,148.21
1749264403,148.78000000,671.89200000,148.21
1749264403,148.79000000,73.75100000,148.21
1749264403,148.80000000,833.88200000,148.21
1749264403,148.81000000,4.64400000,148.21
1749264403,148.82000000,5.49600000,148.21
1749264403,148.83000000,3.24400000,148.21
1749264403,148.84000000,3.88800000,148.21
1749264403,148.85000000,1.70500000,148.21
1749264403,148.86000000,532.15800000,148.21
1749264403,148.87000000,10.28500000,148.21
1749264403,148.88000000,27.39200000,148.21
1749264403,148.89000000,0.16000000,148.21
1749264403,148.90000000,4.91800000,148.21
1749264403,148.91000000,1527.50700000,148.21
1749264403,148.92000000,68.20500000,148.21
1749264403,148.93000000,676.61900000,148.21
1749264403,148.94000000,677.15700000,148.21
1749264403,148.95000000,2.28200000,148.21
1749264403,148.96000000,33.40300000,148.21
1749264403,148.97000000,103.14900000,148.21
1749264403,148.98000000,352.86300000,148.21
1749264403,148.99000000,8.55800000,148.21
1749264403,149.00000000,90.35300000,148.21
1749264403,149.01000000,2.13500000,148.21
1749264403,149.02000000,0.33100000,148.21
1749264403,149.03000000,9.98500000,148.21
1749264403,149.04000000,0.59300000,148.21
1749264403,149.05000000,1.07600000,148.21
1749264403,149.06000000,0.18400000,148.21
1749264403,149.07000000,792.44600000,148.21
1749264403,149.08000000,0.13100000,148.21
1749264403,149.09000000,1.33900000,148.21
1749264403,149.10000000,2.26700000,148.21
1749264403,149.11000000,3.26000000,148.21
1749264403,149.12000000,32.02900000,148.21
1749264403,149.13000000,486.70100000,148.21
1749264403,149.14000000,0.34000000,148.21
1749264403,149.15000000,3.78900000,148.21
1749264403,149.16000000,0.42200000,148.21
1749264403,149.17000000,0.88300000,148.21
1749264403,149.18000000,2.61900000,148.21
1749264403,149.19000000,4.44600000,148.21
1749264403,149.20000000,43.13200000,148.21
1749264705,148.26000000,55.80800000,148.25
1749264705,148.27000000,71.19900000,148.25
1749264705,148.28000000,309.58900000,148.25
1749264705,148.29000000,354.36900000,148.25
1749264705,148.30000000,152.88100000,148.25
1749264705,148.31000000,272.97700000,148.25
1749264705,148.32000000,640.70500000,148.25
1749264705,148.33000000,486.47600000,148.25
1749264705,148.34000000,639.35000000,148.25
1749264705,148.35000000,480.69800000,148.25
1749264705,148.36000000,240.46700000,148.25
1749264705,148.37000000,246.77000000,148.25
1749264705,148.38000000,782.74200000,148.25
1749264705,148.39000000,588.52200000,148.25
1749264705,148.40000000,283.78200000,148.25
1749264705,148.41000000,512.28400000,148.25
1749264705,148.42000000,345.58300000,148.25
1749264705,148.43000000,216.10700000,148.25
1749264705,148.44000000,508.20900000,148.25
1749264705,148.45000000,666.97400000,148.25
1749264705,148.46000000,765.47700000,148.25
1749264705,148.47000000,1326.82800000,148.25
1749264705,148.48000000,1346.48000000,148.25
1749264705,148.49000000,883.26000000,148.25
1749264705,148.50000000,840.04000000,148.25
1749264705,148.51000000,685.86000000,148.25
1749264705,148.52000000,808.08800000,148.25
1749264705,148.53000000,399.50400000,148.25
1749264705,148.54000000,595.63300000,148.25
1749264705,148.55000000,173.98400000,148.25
1749264705,148.56000000,139.81200000,148.25
1749264705,148.57000000,76.68300000,148.25
1749264705,148.58000000,77.80700000,148.25
1749264705,148.59000000,975.24100000,148.25
1749264705,148.60000000,61.84000000,148.25
1749264705,148.61000000,165.45800000,148.25
1749264705,148.62000000,59.60400000,148.25
1749264705,148.63000000,98.72600000,148.25
1749264705,148.64000000,411.44100000,148.25
1749264705,148.65000000,240.54600000,148.25
1749264705,148.66000000,61.30200000,148.25
1749264705,148.67000000,79.47000000,148.25
1749264705,148.68000000,129.38100000,148.25
1749264705,148.69000000,7.86400000,148.25
1749264705,148.70000000,101.27800000,148.25
1749264705,148.71000000,2.07400000,148.25
1749264705,148.72000000,102.05100000,148.25
1749264705,148.73000000,2.37500000,148.25
1749264705,148.74000000,1.25900000,148.25
1749264705,148.75000000,1212.92400000,148.25
1749264705,148.76000000,0.95300000,148.25
1749264705,148.77000000,4.13600000,148.25
1749264705,148.78000000,671.89200000,148.25
1749264705,148.79000000,73.75100000,148.25
1749264705,148.80000000,834.77500000,148.25
1749264705,148.81000000,2.42400000,148.25
1749264705,148.82000000,5.49600000,148.25
1749264705,148.83000000,0.20200000,148.25
1749264705,148.84000000,3.88800000,148.25
1749264705,148.85000000,1.70500000,148.25
1749264705,148.86000000,560.41700000,148.25
1749264705,148.87000000,10.28500000,148.25
1749264705,148.88000000,27.39200000,148.25
1749264705,148.89000000,0.16000000,148.25
1749264705,148.90000000,4.91800000,148.25
1749264705,148.91000000,1527.44800000,148.25
1749264705,148.92000000,69.46600000,148.25
1749264705,148.93000000,676.61900000,148.25
1749264705,148.94000000,677.15700000,148.25
1749264705,148.95000000,2.28200000,148.25
1749264705,148.96000000,33.40300000,148.25
1749264705,148.97000000,2.57600000,148.25
1749264705,148.98000000,352.93100000,148.25
1749264705,148.99000000,1.76600000,148.25
1749264705,149.00000000,91.77500000,148.25
1749264705,149.01000000,2.20300000,148.25
1749264705,149.02000000,0.33100000,148.25
1749264705,149.03000000,12.88300000,148.25
1749264705,149.04000000,7.17800000,148.25
1749264705,149.05000000,4.11800000,148.25
1749264705,149.06000000,0.18400000,148.25
1749264705,149.07000000,792.44600000,148.25
1749264705,149.08000000,0.13100000,148.25
1749264705,149.09000000,1.33900000,148.25
1749264705,149.10000000,2.26700000,148.25
1749264705,149.11000000,3.26000000,148.25
1749264705,149.12000000,32.02900000,148.25
1749264705,149.13000000,486.70100000,148.25
1749264705,149.14000000,100.71800000,148.25
1749264705,149.15000000,3.78900000,148.25
1749264705,149.16000000,0.42200000,148.25
1749264705,149.17000000,0.88300000,148.25
1749264705,149.18000000,2.61900000,148.25
1749264705,149.19000000,4.44600000,148.25
1749264705,149.20000000,43.13200000,148.25
1749264705,149.21000000,6.21700000,148.25
1749264705,149.22000000,0.73800000,148.25
1749264705,149.23000000,0.36700000,148.25
1749264705,149.24000000,528.60900000,148.25
1749264705,149.25000000,12.59000000,148.25
1749265007,148.53000000,95.48600000,148.53
1749265007,148.54000000,9.27900000,148.53
1749265007,148.55000000,37.11600000,148.53
1749265007,148.56000000,128.06400000,148.53
1749265007,148.57000000,440.37700000,148.53
1749265007,148.58000000,300.54000000,148.53
1749265007,148.59000000,239.44200000,148.53
1749265007,148.60000000,455.73000000,148.53
1749265007,148.61000000,362.81800000,148.53
1749265007,148.62000000,327.33500000,148.53
1749265007,148.63000000,486.07100000,148.53
1749265007,148.64000000,753.16500000,148.53
1749265007,148.65000000,832.60300000,148.53
1749265007,148.66000000,1333.06700000,148.53
1749265007,148.67000000,799.38300000,148.53
1749265007,148.68000000,608.86900000,148.53
1749265007,148.69000000,534.06000000,148.53
1749265007,148.70000000,191.58200000,148.53
1749265007,148.71000000,429.51500000,148.53
1749265007,148.72000000,1212.91900000,148.53
1749265007,148.73000000,1248.55700000,148.53
1749265007,148.74000000,604.72900000,148.53
1749265007,148.75000000,701.90900000,148.53
1749265007,148.76000000,684.00000000,148.53
1749265007,148.77000000,284.83700000,148.53
1749265007,148.78000000,446.11900000,148.53
1749265007,148.79000000,251.38100000,148.53
1749265007,148.80000000,390.88700000,148.53
1749265007,148.81000000,252.08400000,148.53
1749265007,148.82000000,594.14500000,148.53
1749265007,148.83000000,349.35700000,148.53
1749265007,148.84000000,92.88300000,148.53
1749265007,148.85000000,95.52700000,148.53
1749265007,148.86000000,453.75300000,148.53
1749265007,148.87000000,249.99100000,148.53
1749265007,148.88000000,58.08100000,148.53
1749265007,148.89000000,158.56400000,148.53
1749265007,148.90000000,178.97500000,148.53
1749265007,148.91000000,165.64600000,148.53
1749265007,148.92000000,127.05300000,148.53
1749265007,148.93000000,60.52500000,148.53
1749265007,148.94000000,63.73700000,148.53
1749265007,148.95000000,60.54300000,148.53
1749265007,148.96000000,704.54600000,148.53
1749265007,148.97000000,915.35800000,148.53
1749265007,148.98000000,0.89700000,148.53
1749265007,148.99000000,1.76600000,148.53
1749265007,149.00000000,192.62600000,148.53
1749265007,149.01000000,2.23700000,148.53
1749265007,149.02000000,0.39900000,148.53
1749265007,149.03000000,7.05700000,148.53
1749265007,149.04000000,109.38300000,148.53
1749265007,149.05000000,1.14400000,148.53
1749265007,149.06000000,1901.11000000,148.53
1749265007,149.07000000,0.54800000,148.53
1749265007,149.08000000,0.19900000,148.53
1749265007,149.09000000,1.40700000,148.53
1749265007,149.10000000,672.53200000,148.53
1749265007,149.11000000,4.00600000,148.53
1749265007,149.12000000,1521.93300000,148.53
1749265007,149.13000000,2.50900000,148.53
1749265007,149.14000000,0.40800000,148.53
1749265007,149.15000000,3.85700000,148.53
1749265007,149.16000000,96.36800000,148.53
1749265007,149.17000000,2.12900000,148.53
1749265007,149.18000000,2.68700000,148.53
1749265007,149.19000000,4.58200000,148.53
1749265007,149.20000000,33.38400000,148.53
1749265007,149.21000000,6.28500000,148.53
1749265007,149.22000000,4.55100000,148.53
1749265007,149.23000000,0.43500000,148.53
1749265007,149.24000000,528.67700000,148.53
1749265007,149.25000000,12.65800000,148.53
1749265007,149.26000000,32.90200000,148.53
1749265007,149.27000000,25.64500000,148.53
1749265007,149.28000000,4.81800000,148.53
1749265007,149.29000000,0.16100000,148.53
1749265007,149.30000000,78.15500000,148.53
1749265007,149.31000000,2.07000000,148.53
1749265007,149.32000000,104.06500000,148.53
1749265007,149.33000000,1445.78500000,148.53
1749265007,149.34000000,1.63700000,148.53
1749265007,149.35000000,2.17600000,148.53
1749265007,149.36000000,2.44300000,148.53
1749265007,149.37000000,672.19500000,148.53
1749265007,149.38000000,1.00500000,148.53
1749265007,149.39000000,0.32800000,148.53
1749265007,149.40000000,9.52100000,148.53
1749265007,149.41000000,2.99900000,148.53
1749265007,149.42000000,36.33500000,148.53
1749265007,149.43000000,670.78400000,148.53
1749265007,149.44000000,1.00600000,148.53
1749265007,149.45000000,3.87900000,148.53
1749265007,149.46000000,1.14000000,148.53
1749265007,149.47000000,487.71800000,148.53
1749265007,149.48000000,11.45300000,148.53
1749265007,149.49000000,1.53300000,148.53
1749265007,149.50000000,45.90700000,148.53
1749265007,149.51000000,1.20000000,148.53
1749265007,149.52000000,26.05500000,148.53
1749265309,148.03000000,344.46900000,148.02
1749265309,148.04000000,252.01600000,148.02
1749265309,148.05000000,420.46800000,148.02
1749265309,148.06000000,466.83400000,148.02
1749265309,148.07000000,593.67100000,148.02
1749265309,148.08000000,670.89300000,148.02
1749265309,148.09000000,672.77600000,148.02
1749265309,148.10000000,857.92400000,148.02
1749265309,148.11000000,683.44900000,148.02
1749265309,148.12000000,342.80200000,148.02
1749265309,148.13000000,400.44800000,148.02
1749265309,148.14000000,422.63300000,148.02
1749265309,148.15000000,1123.42900000,148.02
1749265309,148.16000000,1162.07900000,148.02
1749265309,148.17000000,324.06500000,148.02
1749265309,148.18000000,404.76200000,148.02
1749265309,148.19000000,522.85200000,148.02
1749265309,148.20000000,353.16500000,148.02
1749265309,148.21000000,590.96000000,148.02
1749265309,148.22000000,828.80200000,148.02
1749265309,148.23000000,805.64800000,148.02
1749265309,148.24000000,632.71800000,148.02
1749265309,148.25000000,683.22400000,148.02
1749265309,148.26000000,1135.77300000,148.02
1749265309,148.27000000,1000.82700000,148.02
1749265309,148.28000000,363.25700000,148.02
1749265309,148.29000000,432.80900000,148.02
1749265309,148.30000000,528.28500000,148.02
1749265309,148.31000000,802.61800000,148.02
1749265309,148.32000000,240.92900000,148.02
1749265309,148.33000000,324.79700000,148.02
1749265309,148.34000000,769.91000000,148.02
1749265309,148.35000000,544.02000000,148.02
1749265309,148.36000000,551.05300000,148.02
1749265309,148.37000000,992.68400000,148.02
1749265309,148.38000000,502.63500000,148.02
1749265309,148.39000000,414.09100000,148.02
1749265309,148.40000000,101.49700000,148.02
1749265309,148.41000000,248.57700000,148.02
1749265309,148.42000000,628.63100000,148.02
1749265309,148.43000000,264.28300000,148.02
1749265309,148.44000000,131.35900000,148.02
1749265309,148.45000000,343.99900000,148.02
1749265309,148.46000000,66.57700000,148.02
1749265309,148.47000000,0.10200000,148.02
1749265309,148.48000000,33.14000000,148.02
1749265309,148.49000000,0.42800000,148.02
1749265309,148.50000000,176.67500000,148.02
1749265309,148.51000000,2.76500000,148.02
1749265309,148.52000000,107.66500000,148.02
1749265309,148.53000000,0.15300000,148.02
1749265309,148.54000000,100.06800000,148.02
1749265309,148.55000000,10.87300000,148.02
1749265309,148.56000000,75.13000000,148.02
1749265309,148.57000000,24.89600000,148.02
1749265309,148.58000000,0.14800000,148.02
1749265309,148.59000000,397.28900000,148.02
1749265309,148.60000000,1.48700000,148.02
1749265309,148.61000000,0.77900000,148.02
1749265309,148.62000000,113.53900000,148.02
1749265309,148.63000000,0.21800000,148.02
1749265309,148.64000000,9.70900000,148.02
1749265309,148.65000000,1.41200000,148.02
1749265309,148.66000000,44.49100000,148.02
1749265309,148.67000000,694.03900000,148.02
1749265309,148.68000000,737.18300000,148.02
1749265309,148.69000000,2.17600000,148.02
1749265309,148.70000000,0.73000000,148.02
1749265309,148.71000000,3.37700000,148.02
1749265309,148.72000000,11.72600000,148.02
1749265309,148.73000000,29.26900000,148.02
1749265309,148.74000000,35.54800000,148.02
1749265309,148.75000000,26.43700000,148.02
1749265309,148.76000000,0.95300000,148.02
1749265309,148.77000000,29.10700000,148.02
1749265309,148.78000000,18.54400000,148.02
1749265309,148.79000000,59.83700000,148.02
1749265309,148.80000000,919.07100000,148.02
1749265309,148.81000000,697.12200000,148.02
1749265309,148.82000000,8.49600000,148.02
1749265309,148.83000000,0.09900000,148.02
1749265309,148.84000000,1213.11100000,148.02
1749265309,148.85000000,4.14200000,148.02
1749265309,148.86000000,28.33100000,148.02
1749265309,148.87000000,9.53800000,148.02
1749265309,148.88000000,0.42200000,148.02
1749265309,148.89000000,0.12600000,148.02
1749265309,148.90000000,4.85000000,148.02
1749265309,148.91000000,7.34600000,148.02
1749265309,148.92000000,9.89600000,148.02
1749265309,148.93000000,2.91900000,148.02
1749265309,148.94000000,6.13100000,148.02
1749265309,148.95000000,793.60300000,148.02
1749265309,148.96000000,671.88400000,148.02
1749265309,148.97000000,1.07000000,148.02
1749265309,148.98000000,103.11600000,148.02
1749265309,148.99000000,2.42300000,148.02
1749265309,149.00000000,92.65600000,148.02
1749265309,149.01000000,354.20300000,148.02
1749265309,149.02000000,30.53000000,148.02
1749265610,148.29000000,200.20800000,148.25
1749265610,148.30000000,113.40900000,148.25
1749265610,148.31000000,77.78100000,148.25
1749265610,148.32000000,285.06000000,148.25
1749265610,148.33000000,767.39500000,148.25
1749265610,148.34000000,480.65200000,148.25
1749265610,148.35000000,624.43800000,148.25
1749265610,148.36000000,884.40300000,148.25
1749265610,148.37000000,617.70500000,148.25
1749265610,148.38000000,752.68700000,148.25
1749265610,148.39000000,1601.97500000,148.25
1749265610,148.40000000,931.51700000,148.25
1749265610,148.41000000,395.73700000,148.25
1749265610,148.42000000,641.14500000,148.25
1749265610,148.43000000,187.54200000,148.25
1749265610,148.44000000,331.62200000,148.25
1749265610,148.45000000,689.44300000,148.25
1749265610,148.46000000,397.36500000,148.25
1749265610,148.47000000,203.53900000,148.25
1749265610,148.48000000,456.28500000,148.25
1749265610,148.49000000,528.72900000,148.25
1749265610,148.50000000,571.21600000,148.25
1749265610,148.51000000,607.31500000,148.25
1749265610,148.52000000,1181.88300000,148.25
1749265610,148.53000000,1348.41400000,148.25
1749265610,148.54000000,2056.60400000,148.25
1749265610,148.55000000,1492.45100000,148.25
1749265610,148.56000000,719.76800000,148.25
1749265610,148.57000000,76.45800000,148.25
1749265610,148.58000000,195.91500000,148.25
1749265610,148.59000000,525.05500000,148.25
1749265610,148.60000000,134.64800000,148.25
1749265610,148.61000000,110.71700000,148.25
1749265610,148.62000000,189.21200000,148.25
1749265610,148.63000000,91.20800000,148.25
1749265610,148.64000000,152.56600000,148.25
1749265610,148.65000000,179.01500000,148.25
1749265610,148.66000000,80.44500000,148.25
1749265610,148.67000000,82.84400000,148.25
1749265610,148.68000000,134.81800000,148.25
1749265610,148.69000000,59.47200000,148.25
1749265610,148.70000000,240.76700000,148.25
1749265610,148.71000000,58.98600000,148.25
1749265610,148.72000000,349.83000000,148.25
1749265610,148.73000000,1576.64300000,148.25
1749265610,148.74000000,35.54800000,148.25
1749265610,148.75000000,1.92800000,148.25
1749265610,148.76000000,104.32100000,148.25
1749265610,148.77000000,2.12500000,148.25
1749265610,148.78000000,0.31100000,148.25
1749265610,148.79000000,33.14400000,148.25
1749265610,148.80000000,73.58600000,148.25
1749265610,148.81000000,673.95700000,148.25
1749265610,148.82000000,1524.81600000,148.25
1749265610,148.83000000,0.16700000,148.25
1749265610,148.84000000,1214.12800000,148.25
1749265610,148.85000000,1.67000000,148.25
1749265610,148.86000000,0.81500000,148.25
1749265610,148.87000000,9.93700000,148.25
1749265610,148.88000000,0.49000000,148.25
1749265610,148.89000000,0.19400000,148.25
1749265610,148.90000000,46.51200000,148.25
1749265610,148.91000000,7.41400000,148.25
1749265610,148.92000000,76.74700000,148.25
1749265610,148.93000000,2.98700000,148.25
1749265610,148.94000000,6.19900000,148.25
1749265610,148.95000000,2.35000000,148.25
1749265610,148.96000000,673.96600000,148.25
1749265610,148.97000000,1.13800000,148.25
1749265610,148.98000000,0.89700000,148.25
1749265610,148.99000000,3.17000000,148.25
1749265610,149.00000000,123.40000000,148.25
1749265610,149.01000000,356.49100000,148.25
1749265610,149.02000000,1.07800000,148.25
1749265610,149.03000000,37.64600000,148.25
1749265610,149.04000000,1.33900000,148.25
1749265610,149.05000000,1.07600000,148.25
1749265610,149.06000000,30.46400000,148.25
1749265610,149.07000000,0.44600000,148.25
1749265610,149.08000000,7.01000000,148.25
1749265610,149.09000000,1.33900000,148.25
1749265610,149.10000000,672.46400000,148.25
1749265610,149.11000000,3.26000000,148.25
1749265610,149.12000000,1.86700000,148.25
1749265610,149.13000000,2.40700000,148.25
1749265610,149.14000000,101.22700000,148.25
1749265610,149.15000000,3.78900000,148.25
1749265610,149.16000000,792.42200000,148.25
1749265610,149.17000000,1.38300000,148.25
1749265610,149.18000000,2.61900000,148.25
1749265610,149.19000000,4.48000000,148.25
1749265610,149.20000000,33.27900000,148.25
1749265610,149.21000000,9.28500000,148.25
1749265610,149.22000000,0.73800000,148.25
1749265610,149.23000000,30.56600000,148.25
1749265610,149.24000000,528.60900000,148.25
1749265610,149.25000000,12.59000000,148.25
1749265610,149.26000000,2.44900000,148.25
1749265610,149.27000000,24.90000000,148.25
1749265610,149.28000000,1.67100000,148.25
1749265912,148.36000000,23.94800000,148.39
1749265912,148.37000000,18.63000000,148.39
1749265912,148.38000000,45.67800000,148.39
1749265912,148.39000000,146.99700000,148.39
1749265912,148.40000000,442.85200000,148.39
1749265912,148.41000000,299.11400000,148.39
1749265912,148.42000000,380.90100000,148.39
1749265912,148.43000000,310.66000000,148.39
1749265912,148.44000000,599.68900000,148.39
1749265912,148.45000000,445.35000000,148.39
1749265912,148.46000000,515.51600000,148.39
1749265912,148.47000000,231.16900000,148.39
1749265912,148.48000000,565.98500000,148.39
1749265912,148.49000000,482.42200000,148.39
1749265912,148.50000000,368.79000000,148.39
1749265912,148.51000000,568.53400000,148.39
1749265912,148.52000000,523.76600000,148.39
1749265912,148.53000000,436.04900000,148.39
1749265912,148.54000000,1118.82100000,148.39
1749265912,148.55000000,1313.65100000,148.39
1749265912,148.56000000,813.00300000,148.39
1749265912,148.57000000,549.17900000,148.39
1749265912,148.58000000,628.98000000,148.39
1749265912,148.59000000,691.31900000,148.39
1749265912,148.60000000,913.03600000,148.39
1749265912,148.61000000,513.67500000,148.39
1749265912,148.62000000,570.14300000,148.39
1749265912,148.63000000,377.26700000,148.39
1749265912,148.64000000,780.66400000,148.39
1749265912,148.65000000,570.82300000,148.39
1749265912,148.66000000,408.63800000,148.39
1749265912,148.67000000,637.04200000,148.39
1749265912,148.68000000,356.74200000,148.39
1749265912,148.69000000,977.75400000,148.39
1749265912,148.70000000,58.70900000,148.39
1749265912,148.71000000,59.06400000,148.39
1749265912,148.72000000,58.20700000,148.39
1749265912,148.73000000,59.99400000,148.39
1749265912,148.74000000,93.15900000,148.39
1749265912,148.75000000,59.58300000,148.39
1749265912,148.76000000,161.92800000,148.39
1749265912,148.77000000,59.72500000,148.39
1749265912,148.78000000,57.90700000,148.39
1749265912,148.79000000,33.14400000,148.39
1749265912,148.80000000,73.53200000,148.39
1749265912,148.81000000,673.95700000,148.39
1749265912,148.82000000,31.52600000,148.39
1749265912,148.83000000,0.16700000,148.39
1749265912,148.84000000,1214.12800000,148.39
1749265912,148.85000000,1.67000000,148.39
1749265912,148.86000000,660.81500000,148.39
1749265912,148.87000000,9.93700000,148.39
1749265912,148.88000000,0.49000000,148.39
1749265912,148.89000000,0.19400000,148.39
1749265912,148.90000000,5.63100000,148.39
1749265912,148.91000000,7.41400000,148.39
1749265912,148.92000000,76.33300000,148.39
1749265912,148.93000000,43.27800000,148.39
1749265912,148.94000000,6.19900000,148.39
1749265912,148.95000000,2.35000000,148.39
1749265912,148.96000000,673.96600000,148.39
1749265912,148.97000000,1.13800000,148.39
1749265912,148.98000000,0.89700000,148.39
1749265912,148.99000000,3.17000000,148.39
1749265912,149.00000000,127.28200000,148.39
1749265912,149.01000000,4.45700000,148.39
1749265912,149.02000000,0.39900000,148.39
1749265912,149.03000000,1528.74100000,148.39
1749265912,149.04000000,1.33900000,148.39
1749265912,149.05000000,1.14400000,148.39
1749265912,149.06000000,30.53200000,148.39
1749265912,149.07000000,0.51400000,148.39
1749265912,149.08000000,7.07800000,148.39
1749265912,149.09000000,2.08500000,148.39
1749265912,149.10000000,672.53200000,148.39
1749265912,149.11000000,3.32800000,148.39
1749265912,149.12000000,1.86700000,148.39
1749265912,149.13000000,794.40700000,148.39
1749265912,149.14000000,101.22700000,148.39
1749265912,149.15000000,3.78900000,148.39
1749265912,149.16000000,28.61300000,148.39
1749265912,149.17000000,1.38300000,148.39
1749265912,149.18000000,2.61900000,148.39
1749265912,149.19000000,4.48000000,148.39
1749265912,149.20000000,33.27900000,148.39
1749265912,149.21000000,9.28500000,148.39
1749265912,149.22000000,17.43000000,148.39
1749265912,149.23000000,30.56600000,148.39
1749265912,149.24000000,528.60900000,148.39
1749265912,149.25000000,12.59000000,148.39
1749265912,149.26000000,2.44900000,148.39
1749265912,149.27000000,24.90000000,148.39
1749265912,149.28000000,1.67100000,148.39
1749265912,149.29000000,0.16100000,148.39
1749265912,149.30000000,75.49200000,148.39
1749265912,149.31000000,28.18300000,148.39
1749265912,149.32000000,2.90600000,148.39
1749265912,149.33000000,301.75100000,148.39
1749265912,149.34000000,1.63700000,148.39
1749265912,149.35000000,354.21000000,148.39
1749266213,148.84000000,141.29800000,148.84
1749266213,148.85000000,54.33300000,148.84
1749266213,148.86000000,131.52100000,148.84
1749266213,148.87000000,449.39600000,148.84
1749266213,148.88000000,177.43800000,148.84
1749266213,148.89000000,292.28300000,148.84
1749266213,148.90000000,735.20000000,148.84
1749266213,148.91000000,684.85900000,148.84
1749266213,148.92000000,498.99900000,148.84
1749266213,148.93000000,762.98400000,148.84
1749266213,148.94000000,826.65100000,148.84
1749266213,148.95000000,863.26500000,148.84
1749266213,148.96000000,883.80400000,148.84
1749266213,148.97000000,624.88100000,148.84
1749266213,148.98000000,516.42500000,148.84
1749266213,148.99000000,274.61000000,148.84
1749266213,149.00000000,199.60400000,148.84
1749266213,149.01000000,215.05300000,148.84
1749266213,149.02000000,357.27000000,148.84
1749266213,149.03000000,476.35200000,148.84
1749266213,149.04000000,579.90900000,148.84
1749266213,149.05000000,408.65700000,148.84
1749266213,149.06000000,384.19500000,148.84
1749266213,149.07000000,477.78500000,148.84
1749266213,149.08000000,802.84300000,148.84
1749266213,149.09000000,737.84900000,148.84
1749266213,149.10000000,758.84100000,148.84
1749266213,149.11000000,1014.05100000,148.84
1749266213,149.12000000,697.38100000,148.84
1749266213,149.13000000,413.03600000,148.84
1749266213,149.14000000,378.05100000,148.84
1749266213,149.15000000,106.74800000,148.84
1749266213,149.16000000,151.71200000,148.84
1749266213,149.17000000,95.25400000,148.84
1749266213,149.18000000,212.64600000,148.84
1749266213,149.19000000,198.84100000,148.84
1749266213,149.20000000,90.76700000,148.84
1749266213,149.21000000,103.66600000,148.84
1749266213,149.22000000,75.33100000,148.84
1749266213,149.23000000,58.57800000,148.84
1749266213,149.24000000,58.45000000,148.84
1749266213,149.25000000,70.67000000,148.84
1749266213,149.26000000,408.67900000,148.84
1749266213,149.27000000,915.21500000,148.84
1749266213,149.28000000,74.08100000,148.84
1749266213,149.29000000,102.10200000,148.84
1749266213,149.30000000,1315.74000000,148.84
1749266213,149.31000000,182.86800000,148.84
1749266213,149.32000000,3.30900000,148.84
1749266213,149.33000000,302.49600000,148.84
1749266213,149.34000000,18.25100000,148.84
1749266213,149.35000000,2.24400000,148.84
1749266213,149.36000000,2.51100000,148.84
1749266213,149.37000000,672.29700000,148.84
1749266213,149.38000000,1.07300000,148.84
1749266213,149.39000000,1.07300000,148.84
1749266213,149.40000000,206.22200000,148.84
1749266213,149.41000000,730.05900000,148.84
1749266213,149.42000000,34.70600000,148.84
1749266213,149.43000000,671.56300000,148.84
1749266213,149.44000000,1.11100000,148.84
1749266213,149.45000000,41.20100000,148.84
1749266213,149.46000000,0.25400000,148.84
1749266213,149.47000000,5.29300000,148.84
1749266213,149.48000000,1557.60000000,148.84
1749266213,149.49000000,1.63500000,148.84
1749266213,149.50000000,76.89700000,148.84
1749266213,149.51000000,2.36400000,148.84
1749266213,149.52000000,98.23400000,148.84
1749266213,149.53000000,14.96700000,148.84
1749266213,149.54000000,2.48800000,148.84
1749266213,149.55000000,2.77800000,148.84
1749266213,149.56000000,2.17900000,148.84
1749266213,149.57000000,4.06200000,148.84
1749266213,149.58000000,6.65000000,148.84
1749266213,149.59000000,3.85700000,148.84
1749266213,149.60000000,5.09600000,148.84
1749266213,149.61000000,535.89100000,148.84
1749266213,149.62000000,0.62700000,148.84
1749266213,149.63000000,3.87000000,148.84
1749266213,149.64000000,36.81300000,148.84
1749266213,149.65000000,359.92100000,148.84
1749266213,149.66000000,4.14400000,148.84
1749266213,149.67000000,0.37400000,148.84
1749266213,149.68000000,1.85300000,148.84
1749266213,149.69000000,3.40000000,148.84
1749266213,149.70000000,1024.63800000,148.84
1749266213,149.71000000,102.73500000,148.84
1749266213,149.72000000,674.61700000,148.84
1749266213,149.73000000,32.81100000,148.84
1749266213,149.74000000,3.55200000,148.84
1749266213,149.75000000,5.60000000,148.84
1749266213,149.76000000,3.18200000,148.84
1749266213,149.77000000,9.59400000,148.84
1749266213,149.78000000,0.69300000,148.84
1749266213,149.79000000,0.63300000,148.84
1749266213,149.80000000,8.38800000,148.84
1749266213,149.81000000,1.12400000,148.84
1749266213,149.82000000,5.20000000,148.84
1749266213,149.83000000,1.92000000,148.84
1749266515,148.62000000,85.39500000,148.61
1749266515,148.63000000,11.09600000,148.61
1749266515,148.64000000,55.89200000,148.61
1749266515,148.65000000,171.73800000,148.61
1749266515,148.66000000,287.70600000,148.61
1749266515,148.67000000,451.35800000,148.61
1749266515,148.68000000,729.36100000,148.61
1749266515,148.69000000,575.90300000,148.61
1749266515,148.70000000,701.75600000,148.61
1749266515,148.71000000,821.23600000,148.61
1749266515,148.72000000,500.15300000,148.61
1749266515,148.73000000,362.62000000,148.61
1749266515,148.74000000,626.38100000,148.61
1749266515,148.75000000,371.66400000,148.61
1749266515,148.76000000,517.02900000,148.61
1749266515,148.77000000,971.67300000,148.61
1749266515,148.78000000,775.31500000,148.61
1749266515,148.79000000,1027.24000000,148.61
1749266515,148.80000000,1443.88400000,148.61
1749266515,148.81000000,936.50500000,148.61
1749266515,148.82000000,612.11400000,148.61
1749266515,148.83000000,736.63800000,148.61
1749266515,148.84000000,515.95400000,148.61
1749266515,148.85000000,679.28000000,148.61
1749266515,148.86000000,1007.07300000,148.61
1749266515,148.87000000,454.42500000,148.61
1749266515,148.88000000,606.00100000,148.61
1749266515,148.89000000,1053.63100000,148.61
1749266515,148.90000000,749.27100000,148.61
1749266515,148.91000000,829.67400000,148.61
1749266515,148.92000000,817.30800000,148.61
1749266515,148.93000000,809.53200000,148.61
1749266515,148.94000000,584.52900000,148.61
1749266515,148.95000000,381.90900000,148.61
1749266515,148.96000000,795.45400000,148.61
1749266515,148.97000000,576.91000000,148.61
1749266515,148.98000000,79.25700000,148.61
1749266515,148.99000000,126.83600000,148.61
1749266515,149.00000000,209.62500000,148.61
1749266515,149.01000000,98.70800000,148.61
1749266515,149.02000000,86.54300000,148.61
1749266515,149.03000000,264.93300000,148.61
1749266515,149.04000000,149.18300000,148.61
1749266515,149.05000000,101.47400000,148.61
1749266515,149.06000000,35.94500000,148.61
1749266515,149.07000000,915.10400000,148.61
1749266515,149.08000000,1314.91700000,148.61
1749266515,149.09000000,4.54400000,148.61
1749266515,149.10000000,2.89500000,148.61
1749266515,149.11000000,24.32500000,148.61
1749266515,149.12000000,19.78200000,148.61
1749266515,149.13000000,31.96100000,148.61
1749266515,149.14000000,0.41500000,148.61
1749266515,149.15000000,3.89100000,148.61
1749266515,149.16000000,100.16000000,148.61
1749266515,149.17000000,660.91600000,148.61
1749266515,149.18000000,30.88600000,148.61
1749266515,149.19000000,45.97300000,148.61
1749266515,149.20000000,33.34900000,148.61
1749266515,149.21000000,6.31900000,148.61
1749266515,149.22000000,670.41500000,148.61
1749266515,149.23000000,1.14600000,148.61
1749266515,149.24000000,1.08500000,148.61
1749266515,149.25000000,12.65700000,148.61
1749266515,149.26000000,2.51700000,148.61
1749266515,149.27000000,0.99500000,148.61
1749266515,149.28000000,72.65300000,148.61
1749266515,149.29000000,0.95000000,148.61
1749266515,149.30000000,105.84000000,148.61
1749266515,149.31000000,1.49500000,148.61
1749266515,149.32000000,2.97400000,148.61
1749266515,149.33000000,302.49600000,148.61
1749266515,149.34000000,28.53200000,148.61
1749266515,149.35000000,4.65700000,148.61
1749266515,149.36000000,3.18800000,148.61
1749266515,149.37000000,672.29700000,148.61
1749266515,149.38000000,1.00500000,148.61
1749266515,149.39000000,0.32800000,148.61
1749266515,149.40000000,33.21600000,148.61
1749266515,149.41000000,4.17500000,148.61
1749266515,149.42000000,6.18000000,148.61
1749266515,149.43000000,673.86000000,148.61
1749266515,149.44000000,799.60000000,148.61
1749266515,149.45000000,0.20500000,148.61
1749266515,149.46000000,0.18600000,148.61
1749266515,149.47000000,4.54800000,148.61
1749266515,149.48000000,1530.77300000,148.61
1749266515,149.49000000,1.56700000,148.61
1749266515,149.50000000,66.15200000,148.61
1749266515,149.51000000,2.29600000,148.61
1749266515,149.52000000,30.20100000,148.61
1749266515,149.53000000,116.22900000,148.61
1749266515,149.54000000,32.61900000,148.61
1749266515,149.55000000,2.03300000,148.61
1749266515,149.56000000,2.11100000,148.61
1749266515,149.57000000,3.31700000,148.61
1749266515,149.58000000,0.12500000,148.61
1749266515,149.59000000,3.78900000,148.61
1749266515,149.60000000,5.05900000,148.61
1749266515,149.61000000,535.89100000,148.61
1749266816,148.88000000,151.61500000,148.87
1749266816,148.89000000,60.12900000,148.87
1749266816,148.90000000,155.25300000,148.87
1749266816,148.91000000,207.64900000,148.87
1749266816,148.92000000,163.62600000,148.87
1749266816,148.93000000,121.70600000,148.87
1749266816,148.94000000,161.26800000,148.87
1749266816,148.95000000,444.18300000,148.87
1749266816,148.96000000,827.28700000,148.87
1749266816,148.97000000,507.55400000,148.87
1749266816,148.98000000,845.53500000,148.87
1749266816,148.99000000,1438.98800000,148.87
1749266816,149.00000000,480.37100000,148.87
1749266816,149.01000000,219.73300000,148.87
1749266816,149.02000000,427.34600000,148.87
1749266816,149.03000000,440.69800000,148.87
1749266816,149.04000000,237.36700000,148.87
1749266816,149.05000000,469.93000000,148.87
1749266816,149.06000000,420.36400000,148.87
1749266816,149.07000000,307.67400000,148.87
1749266816,149.08000000,824.44600000,148.87
1749266816,149.09000000,857.24300000,148.87
1749266816,149.10000000,1197.70300000,148.87
1749266816,149.11000000,774.64700000,148.87
1749266816,149.12000000,966.32400000,148.87
1749266816,149.13000000,805.50400000,148.87
1749266816,149.14000000,1208.36300000,148.87
1749266816,149.15000000,843.83100000,148.87
1749266816,149.16000000,1284.54400000,148.87
1749266816,149.17000000,757.44100000,148.87
1749266816,149.18000000,713.04300000,148.87
1749266816,149.19000000,778.40000000,148.87
1749266816,149.20000000,1044.96300000,148.87
1749266816,149.21000000,98.53800000,148.87
1749266816,149.22000000,406.75500000,148.87
1749266816,149.23000000,388.90700000,148.87
1749266816,149.24000000,1.03200000,148.87
1749266816,149.25000000,14.83500000,148.87
1749266816,149.26000000,2.57000000,148.87
1749266816,149.27000000,1.29500000,148.87
1749266816,149.28000000,72.65200000,148.87
1749266816,149.29000000,0.95000000,148.87
1749266816,149.30000000,206.65700000,148.87
1749266816,149.31000000,1.49500000,148.87
1749266816,149.32000000,3.30900000,148.87
1749266816,149.33000000,302.49600000,148.87
1749266816,149.34000000,18.25100000,148.87
1749266816,149.35000000,2.24400000,148.87
1749266816,149.36000000,3.18800000,148.87
1749266816,149.37000000,672.78700000,148.87
1749266816,149.38000000,5.10100000,148.87
1749266816,149.39000000,0.72700000,148.87
1749266816,149.40000000,104.35800000,148.87
1749266816,149.41000000,1214.14300000,148.87
1749266816,149.42000000,34.35500000,148.87
1749266816,149.43000000,711.59200000,148.87
1749266816,149.44000000,1.11100000,148.87
1749266816,149.45000000,0.27300000,148.87
1749266816,149.46000000,0.25400000,148.87
1749266816,149.47000000,663.07200000,148.87
1749266816,149.48000000,1530.84100000,148.87
1749266816,149.49000000,2.31100000,148.87
1749266816,149.50000000,46.02900000,148.87
1749266816,149.51000000,2.36400000,148.87
1749266816,149.52000000,99.90700000,148.87
1749266816,149.53000000,14.96700000,148.87
1749266816,149.54000000,2.48800000,148.87
1749266816,149.55000000,2.10100000,148.87
1749266816,149.56000000,2.17900000,148.87
1749266816,149.57000000,3.38500000,148.87
1749266816,149.58000000,0.19300000,148.87
1749266816,149.59000000,4.53300000,148.87
1749266816,149.60000000,5.16400000,148.87
1749266816,149.61000000,535.95900000,148.87
1749266816,149.62000000,27.42900000,148.87
1749266816,149.63000000,3.93800000,148.87
1749266816,149.64000000,36.81300000,148.87
1749266816,149.65000000,353.14200000,148.87
1749266816,149.66000000,1.10200000,148.87
1749266816,149.67000000,10.18300000,148.87
1749266816,149.68000000,1.89000000,148.87
1749266816,149.69000000,3.40000000,148.87
1749266816,149.70000000,83.79500000,148.87
1749266816,149.71000000,103.58400000,148.87
1749266816,149.72000000,674.61700000,148.87
1749266816,149.73000000,2.61200000,148.87
1749266816,149.74000000,33.75100000,148.87
1749266816,149.75000000,797.60000000,148.87
1749266816,149.76000000,3.18200000,148.87
1749266816,149.77000000,9.59400000,148.87
1749266816,149.78000000,0.69300000,148.87
1749266816,149.79000000,0.63300000,148.87
1749266816,149.80000000,16.28200000,148.87
1749266816,149.81000000,1.12400000,148.87
1749266816,149.82000000,2.79600000,148.87
1749266816,149.83000000,1.92000000,148.87
1749266816,149.84000000,0.19700000,148.87
1749266816,149.85000000,0.83200000,148.87
1749266816,149.86000000,0.16600000,148.87
1749266816,149.87000000,26.16800000,148.87
1749267118,148.63000000,24.16400000,148.62
1749267118,148.64000000,98.50800000,148.62
1749267118,148.65000000,43.25100000,148.62
1749267118,148.66000000,118.28900000,148.62
1749267118,148.67000000,242.27800000,148.62
1749267118,148.68000000,503.44000000,148.62
1749267118,148.69000000,183.84800000,148.62
1749267118,148.70000000,272.79600000,148.62
1749267118,148.71000000,737.53000000,148.62
1749267118,148.72000000,569.89900000,148.62
1749267118,148.73000000,512.98000000,148.62
1749267118,148.74000000,671.77600000,148.62
1749267118,148.75000000,483.46300000,148.62
1749267118,148.76000000,744.28700000,148.62
1749267118,148.77000000,877.03000000,148.62
1749267118,148.78000000,1193.12600000,148.62
1749267118,148.79000000,1338.65100000,148.62
1749267118,148.80000000,461.27200000,148.62
1749267118,148.81000000,168.95400000,148.62
1749267118,148.82000000,359.16300000,148.62
1749267118,148.83000000,578.31600000,148.62
1749267118,148.84000000,805.03200000,148.62
1749267118,148.85000000,938.49600000,148.62
1749267118,148.86000000,859.45600000,148.62
1749267118,148.87000000,672.70000000,148.62
1749267118,148.88000000,606.10500000,148.62
1749267118,148.89000000,680.33200000,148.62
1749267118,148.90000000,952.51900000,148.62
1749267118,148.91000000,730.02100000,148.62
1749267118,148.92000000,874.05900000,148.62
1749267118,148.93000000,1207.19900000,148.62
1749267118,148.94000000,466.98800000,148.62
1749267118,148.95000000,521.10500000,148.62
1749267118,148.96000000,732.99500000,148.62
1749267118,148.97000000,339.74600000,148.62
1749267118,148.98000000,109.33000000,148.62
1749267118,148.99000000,160.62600000,148.62
1749267118,149.00000000,143.75400000,148.62
1749267118,149.01000000,350.56000000,148.62
1749267118,149.02000000,305.19600000,148.62
1749267118,149.03000000,7.02100000,148.62
1749267118,149.04000000,74.07400000,148.62
1749267118,149.05000000,121.61800000,148.62
1749267118,149.06000000,303.44000000,148.62
1749267118,149.07000000,3.14800000,148.62
1749267118,149.08000000,104.48800000,148.62
1749267118,149.09000000,20.43400000,148.62
1749267118,149.10000000,2.92900000,148.62
1749267118,149.11000000,3.68400000,148.62
1749267118,149.12000000,22.50900000,148.62
1749267118,149.13000000,34.11800000,148.62
1749267118,149.14000000,0.41500000,148.62
1749267118,149.15000000,5.12500000,148.62
1749267118,149.16000000,70.03900000,148.62
1749267118,149.17000000,0.91600000,148.62
1749267118,149.18000000,662.77000000,148.62
1749267118,149.19000000,149.21300000,148.62
1749267118,149.20000000,2185.63000000,148.62
1749267118,149.21000000,6.31900000,148.62
1749267118,149.22000000,670.42000000,148.62
1749267118,149.23000000,1.19500000,148.62
1749267118,149.24000000,1.08700000,148.62
1749267118,149.25000000,47.02200000,148.62
1749267118,149.26000000,2.51700000,148.62
1749267118,149.27000000,1.29500000,148.62
1749267118,149.28000000,72.65200000,148.62
1749267118,149.29000000,0.95000000,148.62
1749267118,149.30000000,105.84000000,148.62
1749267118,149.31000000,1.49500000,148.62
1749267118,149.32000000,2.97400000,148.62
1749267118,149.33000000,329.28200000,148.62
1749267118,149.34000000,1.74700000,148.62
1749267118,149.35000000,2.24400000,148.62
1749267118,149.36000000,2.51100000,148.62
1749267118,149.37000000,672.78700000,148.62
1749267118,149.38000000,1.07300000,148.62
1749267118,149.39000000,1.00500000,148.62
1749267118,149.40000000,33.21600000,148.62
1749267118,149.41000000,3.49900000,148.62
1749267118,149.42000000,6.18000000,148.62
1749267118,149.43000000,670.81800000,148.62
1749267118,149.44000000,796.14000000,148.62
1749267118,149.45000000,0.20500000,148.62
1749267118,149.46000000,0.18600000,148.62
1749267118,149.47000000,4.54800000,148.62
1749267118,149.48000000,1530.77300000,148.62
1749267118,149.49000000,8.29400000,148.62
1749267118,149.50000000,45.99600000,148.62
1749267118,149.51000000,2.29600000,148.62
1749267118,149.52000000,26.56400000,148.62
1749267118,149.53000000,18.57300000,148.62
1749267118,149.54000000,133.91900000,148.62
1749267118,149.55000000,2.03300000,148.62
1749267118,149.56000000,2.11100000,148.62
1749267118,149.57000000,3.58500000,148.62
1749267118,149.58000000,0.12500000,148.62
1749267118,149.59000000,3.78900000,148.62
1749267118,149.60000000,5.05900000,148.62
1749267118,149.61000000,535.89100000,148.62
1749267118,149.62000000,0.62700000,148.62
1749267420,148.88000000,429.02300000,148.88
1749267420,148.89000000,267.55500000,148.88
1749267420,148.90000000,282.09500000,148.88
1749267420,148.91000000,333.65900000,148.88
1749267420,148.92000000,333.94500000,148.88
1749267420,148.93000000,552.80000000,148.88
1749267420,148.94000000,450.58000000,148.88
1749267420,148.95000000,419.03300000,148.88
1749267420,148.96000000,1069.03800000,148.88
1749267420,148.97000000,1006.47000000,148.88
1749267420,148.98000000,908.55700000,148.88
1749267420,148.99000000,949.51800000,148.88
1749267420,149.00000000,266.11100000,148.88
1749267420,149.01000000,260.94300000,148.88
1749267420,149.02000000,582.55300000,148.88
1749267420,149.03000000,221.81900000,148.88
1749267420,149.04000000,353.68100000,148.88
1749267420,149.05000000,725.13300000,148.88
1749267420,149.06000000,330.06600000,148.88
1749267420,149.07000000,736.27500000,148.88
1749267420,149.08000000,622.58400000,148.88
1749267420,149.09000000,674.72600000,148.88
1749267420,149.10000000,798.47000000,148.88
1749267420,149.11000000,1023.09100000,148.88
1749267420,149.12000000,1131.20000000,148.88
1749267420,149.13000000,731.91900000,148.88
1749267420,149.14000000,253.40300000,148.88
1749267420,149.15000000,509.68700000,148.88
1749267420,149.16000000,144.67700000,148.88
1749267420,149.17000000,107.97700000,148.88
1749267420,149.18000000,216.49400000,148.88
1749267420,149.19000000,214.17000000,148.88
1749267420,149.20000000,111.85000000,148.88
1749267420,149.21000000,81.49900000,148.88
1749267420,149.22000000,54.97700000,148.88
1749267420,149.23000000,507.96400000,148.88
1749267420,149.24000000,276.22400000,148.88
1749267420,149.25000000,13.21700000,148.88
1749267420,149.26000000,2.56500000,148.88
1749267420,149.27000000,41.95100000,148.88
1749267420,149.28000000,987.20700000,148.88
1749267420,149.29000000,0.95000000,148.88
1749267420,149.30000000,133.97200000,148.88
1749267420,149.31000000,1.49500000,148.88
1749267420,149.32000000,2.97400000,148.88
1749267420,149.33000000,302.49600000,148.88
1749267420,149.34000000,18.25100000,148.88
1749267420,149.35000000,2.24400000,148.88
1749267420,149.36000000,1212.41100000,148.88
1749267420,149.37000000,672.78700000,148.88
1749267420,149.38000000,1.07300000,148.88
1749267420,149.39000000,1.07300000,148.88
1749267420,149.40000000,102.20600000,148.88
1749267420,149.41000000,3.56700000,148.88
1749267420,149.42000000,6.24800000,148.88
1749267420,149.43000000,671.89300000,148.88
1749267420,149.44000000,1.16600000,148.88
1749267420,149.45000000,40.41700000,148.88
1749267420,149.46000000,660.25400000,148.88
1749267420,149.47000000,5.29200000,148.88
1749267420,149.48000000,1530.84100000,148.88
1749267420,149.49000000,2.31100000,148.88
1749267420,149.50000000,45.80800000,148.88
1749267420,149.51000000,2.36400000,148.88
1749267420,149.52000000,101.20500000,148.88
1749267420,149.53000000,19.31700000,148.88
