timestamp,price,volume,current_price
1749254620,0.12670000,11619.32000000,0.1266
1749254620,0.12680000,47236.90000000,0.1266
1749254620,0.12690000,69429.40000000,0.1266
1749254620,0.12700000,71643.97000000,0.1266
1749254620,0.12710000,33470.94000000,0.1266
1749254620,0.12720000,16477.83000000,0.1266
1749254620,0.12730000,17418.58000000,0.1266
1749254620,0.12740000,227332.54000000,0.1266
1749254620,0.12750000,9177.17000000,0.1266
1749254620,0.12760000,15781.34000000,0.1266
1749254620,0.12770000,14863.75000000,0.1266
1749254620,0.12780000,16724.71000000,0.1266
1749254620,0.12790000,5624.29000000,0.1266
1749254620,0.12800000,167247.80000000,0.1266
1749254620,0.12810000,5582.11000000,0.1266
1749254620,0.12820000,5946.96000000,0.1266
1749254620,0.12830000,6865.74000000,0.1266
1749254620,0.12840000,9470.61000000,0.1266
1749254620,0.12850000,7867.76000000,0.1266
1749254620,0.12860000,5868.40000000,0.1266
1749254620,0.12870000,131606.79000000,0.1266
1749254620,0.12880000,5522.80000000,0.1266
1749254620,0.12890000,5563.38000000,0.1266
1749254620,0.12900000,12602.47000000,0.1266
1749254620,0.12910000,5565.34000000,0.1266
1749254620,0.12920000,5523.40000000,0.1266
1749254620,0.12930000,5523.40000000,0.1266
1749254620,0.12940000,11695.31000000,0.1266
1749254620,0.12950000,8200.53000000,0.1266
1749254620,0.12960000,5653.12000000,0.1266
1749254620,0.12970000,9452.39000000,0.1266
1749254620,0.12980000,322.59000000,0.1266
1749254620,0.12990000,219.79000000,0.1266
1749254620,0.13000000,3076.70000000,0.1266
1749254620,0.13010000,136.39000000,0.1266
1749254620,0.13020000,176.60000000,0.1266
1749254620,0.13030000,382.86000000,0.1266
1749254620,0.13040000,1227.38000000,0.1266
1749254620,0.13050000,8143.23000000,0.1266
1749254620,0.13060000,463.41000000,0.1266
1749254620,0.13070000,1928.28000000,0.1266
1749254620,0.13080000,77.81000000,0.1266
1749254620,0.13090000,77.81000000,0.1266
1749254620,0.13100000,206.22000000,0.1266
1749254620,0.13110000,119.75000000,0.1266
1749254620,0.13120000,77.81000000,0.1266
1749254620,0.13130000,123.51000000,0.1266
1749254620,0.13140000,117.65000000,0.1266
1749254620,0.13150000,119.75000000,0.1266
1749254620,0.13160000,77.81000000,0.1266
1749254620,0.13170000,77.81000000,0.1266
1749254620,0.13180000,77.81000000,0.1266
1749254620,0.13190000,7766.32000000,0.1266
1749254620,0.13200000,119.75000000,0.1266
1749254620,0.13210000,153.51000000,0.1266
1749254620,0.13220000,158.79000000,0.1266
1749254620,0.13230000,77.81000000,0.1266
1749254620,0.13240000,1462.31000000,0.1266
1749254620,0.13250000,299.94000000,0.1266
1749254620,0.13260000,2087.76000000,0.1266
1749254620,0.13270000,423.32000000,0.1266
1749254620,0.13280000,606.75000000,0.1266
1749254620,0.13290000,1366.63000000,0.1266
1749254620,0.13300000,374.56000000,0.1266
1749254620,0.13310000,77.81000000,0.1266
1749254620,0.13320000,119.75000000,0.1266
1749254620,0.13330000,366.22000000,0.1266
1749254620,0.13340000,77.81000000,0.1266
1749254620,0.13350000,302.52000000,0.1266
1749254620,0.13360000,8864.68000000,0.1266
1749254620,0.13370000,77.81000000,0.1266
1749254620,0.13380000,1973.95000000,0.1266
1749254620,0.13390000,373.81000000,0.1266
1749254620,0.13400000,3974.77000000,0.1266
1749254620,0.13410000,120.74000000,0.1266
1749254620,0.13420000,78.98000000,0.1266
1749254620,0.13430000,269.00000000,0.1266
1749254620,0.13440000,41.94000000,0.1266
1749254620,0.13450000,83.01000000,0.1266
1749254620,0.13460000,41.35000000,0.1266
1749254620,0.13470000,345.51000000,0.1266
1749254620,0.13490000,130.89000000,0.1266
1749254620,0.13510000,59.22000000,0.1266
1749254620,0.13520000,3275.30000000,0.1266
1749254620,0.13530000,1041.03000000,0.1266
1749254620,0.13540000,198.13000000,0.1266
1749254620,0.13550000,289.38000000,0.1266
1749254620,0.13570000,41.94000000,0.1266
1749254620,0.13580000,82.27000000,0.1266
1749254620,0.13600000,310.94000000,0.1266
1749254620,0.13610000,41.94000000,0.1266
1749254620,0.13620000,1002.18000000,0.1266
1749254620,0.13630000,204.65000000,0.1266
1749254620,0.13640000,91.50000000,0.1266
1749254620,0.13660000,450.48000000,0.1266
1749254620,0.13680000,434.13000000,0.1266
1749254620,0.13690000,122.90000000,0.1266
1749254620,0.13700000,4192.90000000,0.1266
1749254620,0.13710000,83.29000000,0.1266
1749254620,0.13720000,139.43000000,0.1266
1749254926,0.12690000,18004.99000000,0.1269
1749254926,0.12700000,56778.16000000,0.1269
1749254926,0.12710000,88412.66000000,0.1269
1749254926,0.12720000,73078.05000000,0.1269
1749254926,0.12730000,41630.23000000,0.1269
1749254926,0.12740000,15670.00000000,0.1269
1749254926,0.12750000,22379.74000000,0.1269
1749254926,0.12760000,10051.31000000,0.1269
1749254926,0.12770000,228588.14000000,0.1269
1749254926,0.12780000,26925.53000000,0.1269
1749254926,0.12790000,11983.05000000,0.1269
1749254926,0.12800000,7225.13000000,0.1269
1749254926,0.12810000,165999.11000000,0.1269
1749254926,0.12820000,5946.96000000,0.1269
1749254926,0.12830000,8122.29000000,0.1269
1749254926,0.12840000,9456.16000000,0.1269
1749254926,0.12850000,5622.16000000,0.1269
1749254926,0.12860000,5868.40000000,0.1269
1749254926,0.12870000,9447.61000000,0.1269
1749254926,0.12880000,7768.40000000,0.1269
1749254926,0.12890000,131605.38000000,0.1269
1749254926,0.12900000,11608.95000000,0.1269
1749254926,0.12910000,5565.34000000,0.1269
1749254926,0.12920000,5523.40000000,0.1269
1749254926,0.12930000,5523.40000000,0.1269
1749254926,0.12940000,7812.49000000,0.1269
1749254926,0.12950000,6388.45000000,0.1269
1749254926,0.12960000,5653.12000000,0.1269
1749254926,0.12970000,5566.44000000,0.1269
1749254926,0.12980000,4199.29000000,0.1269
1749254926,0.12990000,2031.87000000,0.1269
1749254926,0.13000000,1622.74000000,0.1269
1749254926,0.13010000,136.39000000,0.1269
1749254926,0.13020000,176.60000000,0.1269
1749254926,0.13030000,382.86000000,0.1269
1749254926,0.13040000,4019.07000000,0.1269
1749254926,0.13050000,572.19000000,0.1269
1749254926,0.13060000,463.41000000,0.1269
1749254926,0.13070000,119.75000000,0.1269
1749254926,0.13080000,1168.94000000,0.1269
1749254926,0.13090000,7648.85000000,0.1269
1749254926,0.13100000,1652.22000000,0.1269
1749254926,0.13110000,1928.28000000,0.1269
1749254926,0.13120000,77.81000000,0.1269
1749254926,0.13130000,123.51000000,0.1269
1749254926,0.13140000,117.65000000,0.1269
1749254926,0.13150000,119.75000000,0.1269
1749254926,0.13160000,77.81000000,0.1269
1749254926,0.13170000,77.81000000,0.1269
1749254926,0.13180000,77.81000000,0.1269
1749254926,0.13190000,513.17000000,0.1269
1749254926,0.13200000,119.75000000,0.1269
1749254926,0.13210000,153.51000000,0.1269
1749254926,0.13220000,158.79000000,0.1269
1749254926,0.13230000,7330.96000000,0.1269
1749254926,0.13240000,1462.31000000,0.1269
1749254926,0.13250000,299.94000000,0.1269
1749254926,0.13260000,2087.76000000,0.1269
1749254926,0.13270000,423.32000000,0.1269
1749254926,0.13280000,606.75000000,0.1269
1749254926,0.13290000,1366.63000000,0.1269
1749254926,0.13300000,374.56000000,0.1269
1749254926,0.13310000,77.81000000,0.1269
1749254926,0.13320000,119.75000000,0.1269
1749254926,0.13330000,366.22000000,0.1269
1749254926,0.13340000,77.81000000,0.1269
1749254926,0.13350000,302.52000000,0.1269
1749254926,0.13360000,8864.68000000,0.1269
1749254926,0.13370000,77.81000000,0.1269
1749254926,0.13380000,1973.95000000,0.1269
1749254926,0.13390000,373.81000000,0.1269
1749254926,0.13400000,3974.77000000,0.1269
1749254926,0.13410000,120.74000000,0.1269
1749254926,0.13420000,78.98000000,0.1269
1749254926,0.13430000,347.92000000,0.1269
1749254926,0.13440000,120.79000000,0.1269
1749254926,0.13450000,83.01000000,0.1269
1749254926,0.13460000,41.35000000,0.1269
1749254926,0.13470000,345.51000000,0.1269
1749254926,0.13490000,130.89000000,0.1269
1749254926,0.13510000,59.22000000,0.1269
1749254926,0.13520000,3275.30000000,0.1269
1749254926,0.13530000,1041.03000000,0.1269
1749254926,0.13540000,198.13000000,0.1269
1749254926,0.13550000,289.38000000,0.1269
1749254926,0.13570000,41.94000000,0.1269
1749254926,0.13580000,82.27000000,0.1269
1749254926,0.13600000,310.94000000,0.1269
1749254926,0.13610000,41.94000000,0.1269
1749254926,0.13620000,1002.18000000,0.1269
1749254926,0.13630000,204.65000000,0.1269
1749254926,0.13640000,91.50000000,0.1269
1749254926,0.13660000,450.48000000,0.1269
1749254926,0.13680000,434.13000000,0.1269
1749254926,0.13690000,122.90000000,0.1269
1749254926,0.13700000,4192.90000000,0.1269
1749254926,0.13710000,83.29000000,0.1269
1749254926,0.13720000,139.43000000,0.1269
1749254926,0.13730000,44.14000000,0.1269
1749254926,0.13750000,260.11000000,0.1269
