timestamp,price,volume,current_price
1749254516,0.64000000,4397.00000000,0.64
1749254516,0.64100000,78325.70000000,0.64
1749254516,0.64200000,94795.80000000,0.64
1749254516,0.64300000,63471.90000000,0.64
1749254516,0.64400000,19408.00000000,0.64
1749254516,0.64500000,20406.90000000,0.64
1749254516,0.64600000,8811.00000000,0.64
1749254516,0.64700000,8314.70000000,0.64
1749254516,0.64800000,5268.70000000,0.64
1749254516,0.64900000,4790.70000000,0.64
1749254516,0.65000000,12990.20000000,0.64
1749254516,0.65100000,2529.10000000,0.64
1749254516,0.65200000,1641.60000000,0.64
1749254516,0.65300000,4028.20000000,0.64
1749254516,0.65400000,1735.00000000,0.64
1749254516,0.65500000,1106.70000000,0.64
1749254516,0.65600000,27.70000000,0.64
1749254516,0.65700000,994.50000000,0.64
1749254516,0.65800000,45.80000000,0.64
1749254516,0.65900000,930.10000000,0.64
1749254516,0.66000000,8403.40000000,0.64
1749254516,0.66100000,1851.50000000,0.64
1749254516,0.66200000,45.30000000,0.64
1749254516,0.66300000,1891.30000000,0.64
1749254516,0.66400000,27.50000000,0.64
1749254516,0.66500000,1039.60000000,0.64
1749254516,0.66600000,57.80000000,0.64
1749254516,0.66700000,1383.60000000,0.64
1749254516,0.66800000,39.80000000,0.64
1749254516,0.66900000,869.20000000,0.64
1749254516,0.67000000,17542.90000000,0.64
1749254516,0.67100000,1460.90000000,0.64
1749254516,0.67200000,378.60000000,0.64
1749254516,0.67300000,97.40000000,0.64
1749254516,0.67400000,3788.50000000,0.64
1749254516,0.67500000,22726.40000000,0.64
1749254516,0.67600000,1534.90000000,0.64
1749254516,0.67700000,169.50000000,0.64
1749254516,0.67800000,15.80000000,0.64
1749254516,0.67900000,2658.20000000,0.64
1749254516,0.68000000,3764.60000000,0.64
1749254516,0.68100000,81.30000000,0.64
1749254516,0.68200000,91.00000000,0.64
1749254516,0.68300000,23.20000000,0.64
1749254516,0.68400000,70.60000000,0.64
1749254516,0.68500000,34.90000000,0.64
1749254516,0.68600000,1390.90000000,0.64
1749254516,0.68700000,404.10000000,0.64
1749254516,0.68800000,268.60000000,0.64
1749254516,0.68900000,31.20000000,0.64
1749254516,0.69000000,3929.10000000,0.64
1749254516,0.69100000,16.20000000,0.64
1749254516,0.69200000,113.20000000,0.64
1749254516,0.69300000,108.90000000,0.64
1749254516,0.69400000,16.10000000,0.64
1749254516,0.69500000,395.50000000,0.64
1749254516,0.69600000,180.90000000,0.64
1749254516,0.69700000,16.00000000,0.64
1749254516,0.69800000,78.00000000,0.64
1749254516,0.69900000,35.80000000,0.64
1749254516,0.70000000,2746.70000000,0.64
1749254516,0.70100000,25.90000000,0.64
1749254516,0.70200000,31.80000000,0.64
1749254516,0.70300000,15.90000000,0.64
1749254516,0.70400000,3495.00000000,0.64
1749254516,0.70500000,36961.50000000,0.64
1749254516,0.70600000,15.80000000,0.64
1749254516,0.70700000,3070.40000000,0.64
1749254516,0.70800000,291.10000000,0.64
1749254516,0.70900000,15.70000000,0.64
1749254516,0.71000000,1761.00000000,0.64
1749254516,0.71100000,1056.60000000,0.64
1749254516,0.71300000,26.10000000,0.64
1749254516,0.71400000,49.30000000,0.64
1749254516,0.71500000,26828.80000000,0.64
1749254516,0.71700000,22.00000000,0.64
1749254516,0.71800000,160.50000000,0.64
1749254516,0.71900000,1297.10000000,0.64
1749254516,0.72000000,159.00000000,0.64
1749254516,0.72200000,48.50000000,0.64
1749254516,0.72300000,22.10000000,0.64
1749254516,0.72400000,50.00000000,0.64
1749254516,0.72600000,28.50000000,0.64
1749254516,0.72700000,14.10000000,0.64
1749254516,0.72800000,19.00000000,0.64
1749254516,0.72900000,39.00000000,0.64
1749254516,0.73000000,11692.10000000,0.64
1749254516,0.73200000,411.50000000,0.64
1749254516,0.73300000,77.00000000,0.64
1749254516,0.73500000,37.20000000,0.64
1749254516,0.73600000,90.20000000,0.64
1749254516,0.73700000,204.20000000,0.64
1749254516,0.73800000,19.30000000,0.64
1749254516,0.74000000,810.60000000,0.64
1749254516,0.74100000,211.40000000,0.64
1749254516,0.74300000,18.40000000,0.64
1749254516,0.74400000,2786.70000000,0.64
1749254516,0.74500000,255.60000000,0.64
1749254516,0.74600000,8.60000000,0.64
1749254516,0.74700000,354.10000000,0.64
1749254826,0.63900000,9294.60000000,0.638
1749254826,0.64000000,95247.50000000,0.638
1749254826,0.64100000,99718.60000000,0.638
1749254826,0.64200000,44398.10000000,0.638
1749254826,0.64300000,30257.60000000,0.638
1749254826,0.64400000,11210.60000000,0.638
1749254826,0.64500000,16668.80000000,0.638
1749254826,0.64600000,11509.30000000,0.638
1749254826,0.64700000,8239.60000000,0.638
1749254826,0.64800000,4807.40000000,0.638
1749254826,0.64900000,10142.40000000,0.638
1749254826,0.65000000,16393.40000000,0.638
1749254826,0.65100000,10096.30000000,0.638
1749254826,0.65200000,19781.40000000,0.638
1749254826,0.65300000,4961.50000000,0.638
1749254826,0.65400000,2668.30000000,0.638
1749254826,0.65500000,3645.30000000,0.638
1749254826,0.65600000,972.70000000,0.638
1749254826,0.65700000,1939.50000000,0.638
1749254826,0.65800000,1021.90000000,0.638
1749254826,0.65900000,1875.10000000,0.638
1749254826,0.66000000,9365.40000000,0.638
1749254826,0.66100000,1999.70000000,0.638
1749254826,0.66200000,823.40000000,0.638
1749254826,0.66300000,1238.00000000,0.638
1749254826,0.66400000,15.80000000,0.638
1749254826,0.66500000,1039.60000000,0.638
1749254826,0.66600000,57.80000000,0.638
1749254826,0.66700000,1383.60000000,0.638
1749254826,0.66800000,39.80000000,0.638
1749254826,0.66900000,869.20000000,0.638
1749254826,0.67000000,17948.70000000,0.638
1749254826,0.67100000,1580.70000000,0.638
1749254826,0.67200000,2719.80000000,0.638
1749254826,0.67300000,97.40000000,0.638
1749254826,0.67400000,966.90000000,0.638
1749254826,0.67500000,22711.50000000,0.638
1749254826,0.67600000,1505.30000000,0.638
1749254826,0.67700000,1515.50000000,0.638
1749254826,0.67800000,15.80000000,0.638
1749254826,0.67900000,2658.20000000,0.638
1749254826,0.68000000,2418.60000000,0.638
1749254826,0.68100000,81.30000000,0.638
1749254826,0.68200000,91.00000000,0.638
1749254826,0.68300000,23.20000000,0.638
1749254826,0.68400000,70.60000000,0.638
1749254826,0.68500000,423.20000000,0.638
1749254826,0.68600000,1390.90000000,0.638
1749254826,0.68700000,15.80000000,0.638
1749254826,0.68800000,268.60000000,0.638
1749254826,0.68900000,1398.10000000,0.638
1749254826,0.69000000,2562.20000000,0.638
1749254826,0.69100000,16.20000000,0.638
1749254826,0.69200000,43.60000000,0.638
1749254826,0.69300000,108.90000000,0.638
1749254826,0.69400000,16.10000000,0.638
1749254826,0.69500000,395.50000000,0.638
1749254826,0.69600000,180.90000000,0.638
1749254826,0.69700000,16.00000000,0.638
1749254826,0.69800000,442.60000000,0.638
1749254826,0.69900000,35.80000000,0.638
1749254826,0.70000000,2382.10000000,0.638
1749254826,0.70100000,95.50000000,0.638
1749254826,0.70200000,31.80000000,0.638
1749254826,0.70300000,15.90000000,0.638
1749254826,0.70400000,3495.00000000,0.638
1749254826,0.70500000,36961.50000000,0.638
1749254826,0.70600000,15.80000000,0.638
1749254826,0.70700000,3070.40000000,0.638
1749254826,0.70800000,291.10000000,0.638
1749254826,0.70900000,15.80000000,0.638
1749254826,0.71000000,1336.20000000,0.638
1749254826,0.71100000,1056.60000000,0.638
1749254826,0.71300000,26.10000000,0.638
1749254826,0.71400000,49.30000000,0.638
1749254826,0.71500000,26828.80000000,0.638
1749254826,0.71700000,22.00000000,0.638
1749254826,0.71800000,160.50000000,0.638
1749254826,0.71900000,1297.10000000,0.638
1749254826,0.72000000,159.00000000,0.638
1749254826,0.72200000,48.50000000,0.638
1749254826,0.72300000,22.10000000,0.638
1749254826,0.72400000,50.00000000,0.638
1749254826,0.72600000,28.50000000,0.638
1749254826,0.72700000,14.10000000,0.638
1749254826,0.72800000,19.00000000,0.638
1749254826,0.72900000,39.00000000,0.638
1749254826,0.73000000,11692.10000000,0.638
1749254826,0.73200000,411.50000000,0.638
1749254826,0.73300000,77.00000000,0.638
1749254826,0.73500000,37.20000000,0.638
1749254826,0.73600000,90.20000000,0.638
1749254826,0.73700000,204.20000000,0.638
1749254826,0.73800000,19.30000000,0.638
1749254826,0.74000000,810.60000000,0.638
1749254826,0.74100000,211.40000000,0.638
1749254826,0.74300000,18.40000000,0.638
1749254826,0.74400000,2786.70000000,0.638
1749254826,0.74500000,255.60000000,0.638
1749254826,0.74600000,8.60000000,0.638
