timestamp,price,volume,current_price
1749258288,0.65700000,17946.60000000,0.656
1749258288,0.65800000,96960.60000000,0.656
1749258288,0.65900000,111932.00000000,0.656
1749258288,0.66000000,44211.30000000,0.656
1749258288,0.66100000,9119.90000000,0.656
1749258288,0.66200000,16307.70000000,0.656
1749258288,0.66300000,7485.90000000,0.656
1749258288,0.66400000,5056.60000000,0.656
1749258288,0.66500000,14578.00000000,0.656
1749258288,0.66600000,11710.50000000,0.656
1749258288,0.66700000,16233.90000000,0.656
1749258288,0.66800000,10819.00000000,0.656
1749258288,0.66900000,8824.90000000,0.656
1749258288,0.67000000,3356.60000000,0.656
1749258288,0.67100000,3930.20000000,0.656
1749258288,0.67200000,3275.30000000,0.656
1749258288,0.67300000,2581.60000000,0.656
1749258288,0.67400000,4209.30000000,0.656
1749258288,0.67500000,25057.30000000,0.656
1749258288,0.67600000,5526.10000000,0.656
1749258288,0.67700000,1126.00000000,0.656
1749258288,0.67800000,1730.50000000,0.656
1749258288,0.67900000,3614.60000000,0.656
1749258288,0.68000000,4145.00000000,0.656
1749258288,0.68100000,92.70000000,0.656
1749258288,0.68200000,1024.50000000,0.656
1749258288,0.68300000,34.60000000,0.656
1749258288,0.68400000,1427.10000000,0.656
1749258288,0.68500000,46.20000000,0.656
1749258288,0.68600000,4062.90000000,0.656
1749258288,0.68700000,361.20000000,0.656
1749258288,0.68800000,403.30000000,0.656
1749258288,0.68900000,45.80000000,0.656
1749258288,0.69000000,4903.60000000,0.656
1749258288,0.69100000,16.20000000,0.656
1749258288,0.69200000,58.10000000,0.656
1749258288,0.69300000,137.90000000,0.656
1749258288,0.69400000,1376.60000000,0.656
1749258288,0.69500000,404.80000000,0.656
1749258288,0.69600000,180.90000000,0.656
1749258288,0.69700000,16.00000000,0.656
1749258288,0.69800000,78.00000000,0.656
1749258288,0.69900000,35.80000000,0.656
1749258288,0.70000000,2395.90000000,0.656
1749258288,0.70100000,414.20000000,0.656
1749258288,0.70200000,1398.70000000,0.656
1749258288,0.70300000,15.90000000,0.656
1749258288,0.70400000,3494.90000000,0.656
1749258288,0.70500000,37096.20000000,0.656
1749258288,0.70600000,15.80000000,0.656
1749258288,0.70700000,3070.40000000,0.656
1749258288,0.70800000,291.10000000,0.656
1749258288,0.70900000,15.70000000,0.656
1749258288,0.71000000,1351.90000000,0.656
1749258288,0.71100000,1072.30000000,0.656
1749258288,0.71200000,380.30000000,0.656
1749258288,0.71300000,41.70000000,0.656
1749258288,0.71400000,64.90000000,0.656
1749258288,0.71500000,26844.40000000,0.656
1749258288,0.71600000,15.60000000,0.656
1749258288,0.71700000,37.50000000,0.656
1749258288,0.71800000,176.00000000,0.656
1749258288,0.71900000,1312.60000000,0.656
1749258288,0.72000000,205.60000000,0.656
1749258288,0.72100000,15.40000000,0.656
1749258288,0.72200000,110.90000000,0.656
1749258288,0.72300000,107.10000000,0.656
1749258288,0.72400000,65.40000000,0.656
1749258288,0.72500000,15.40000000,0.656
1749258288,0.72600000,43.80000000,0.656
1749258288,0.72700000,29.40000000,0.656
1749258288,0.72800000,19.00000000,0.656
1749258288,0.72900000,39.00000000,0.656
1749258288,0.73000000,12862.80000000,0.656
1749258288,0.73200000,411.50000000,0.656
1749258288,0.73300000,77.00000000,0.656
1749258288,0.73500000,37.20000000,0.656
1749258288,0.73600000,90.20000000,0.656
1749258288,0.73700000,204.20000000,0.656
1749258288,0.73800000,19.30000000,0.656
1749258288,0.74000000,818.20000000,0.656
1749258288,0.74100000,211.40000000,0.656
1749258288,0.74300000,18.40000000,0.656
1749258288,0.74400000,2786.70000000,0.656
1749258288,0.74500000,255.60000000,0.656
1749258288,0.74600000,8.60000000,0.656
1749258288,0.74700000,354.10000000,0.656
1749258288,0.74800000,19.20000000,0.656
1749258288,0.75000000,4053.60000000,0.656
1749258288,0.75100000,2528.50000000,0.656
1749258288,0.75200000,58.60000000,0.656
1749258288,0.75300000,6.70000000,0.656
1749258288,0.75400000,18.40000000,0.656
1749258288,0.75500000,348.40000000,0.656
1749258288,0.75600000,162.90000000,0.656
1749258288,0.75700000,61.60000000,0.656
1749258288,0.75800000,1018.30000000,0.656
1749258288,0.75900000,17.50000000,0.656
1749258288,0.76000000,1046.40000000,0.656
1749258288,0.76100000,38.40000000,0.656
1749258592,0.65200000,20952.20000000,0.652
1749258592,0.65300000,68599.30000000,0.652
1749258592,0.65400000,99647.00000000,0.652
1749258592,0.65500000,29388.90000000,0.652
1749258592,0.65600000,8678.90000000,0.652
1749258592,0.65700000,7942.20000000,0.652
1749258592,0.65800000,8182.30000000,0.652
1749258592,0.65900000,41368.90000000,0.652
1749258592,0.66000000,26393.20000000,0.652
1749258592,0.66100000,11493.00000000,0.652
1749258592,0.66200000,20726.90000000,0.652
1749258592,0.66300000,5292.10000000,0.652
1749258592,0.66400000,15938.30000000,0.652
1749258592,0.66500000,17130.60000000,0.652
1749258592,0.66600000,7012.10000000,0.652
1749258592,0.66700000,3327.30000000,0.652
1749258592,0.66800000,3282.30000000,0.652
1749258592,0.66900000,3258.40000000,0.652
1749258592,0.67000000,3356.60000000,0.652
1749258592,0.67100000,4720.00000000,0.652
1749258592,0.67200000,3275.30000000,0.652
1749258592,0.67300000,2570.20000000,0.652
1749258592,0.67400000,4197.90000000,0.652
1749258592,0.67500000,25057.30000000,0.652
1749258592,0.67600000,4736.30000000,0.652
1749258592,0.67700000,2152.40000000,0.652
1749258592,0.67800000,972.30000000,0.652
1749258592,0.67900000,4037.40000000,0.652
1749258592,0.68000000,2441.80000000,0.652
1749258592,0.68100000,92.70000000,0.652
1749258592,0.68200000,410.30000000,0.652
1749258592,0.68300000,34.60000000,0.652
1749258592,0.68400000,2731.30000000,0.652
1749258592,0.68500000,46.20000000,0.652
1749258592,0.68600000,1390.90000000,0.652
1749258592,0.68700000,150.50000000,0.652
1749258592,0.68800000,268.60000000,0.652
1749258592,0.68900000,1377.20000000,0.652
1749258592,0.69000000,4903.60000000,0.652
1749258592,0.69100000,16.20000000,0.652
1749258592,0.69200000,72.60000000,0.652
1749258592,0.69300000,166.90000000,0.652
1749258592,0.69400000,16.10000000,0.652
1749258592,0.69500000,404.80000000,0.652
1749258592,0.69600000,180.90000000,0.652
1749258592,0.69700000,404.30000000,0.652
1749258592,0.69800000,78.00000000,0.652
1749258592,0.69900000,1402.70000000,0.652
1749258592,0.70000000,2395.90000000,0.652
1749258592,0.70100000,25.90000000,0.652
1749258592,0.70200000,31.80000000,0.652
1749258592,0.70300000,15.90000000,0.652
1749258592,0.70400000,3494.90000000,0.652
1749258592,0.70500000,37096.20000000,0.652
1749258592,0.70600000,15.80000000,0.652
1749258592,0.70700000,3070.40000000,0.652
1749258592,0.70800000,655.70000000,0.652
1749258592,0.70900000,15.70000000,0.652
1749258592,0.71000000,1351.90000000,0.652
1749258592,0.71100000,1072.30000000,0.652
1749258592,0.71200000,15.70000000,0.652
1749258592,0.71300000,41.70000000,0.652
1749258592,0.71400000,64.90000000,0.652
1749258592,0.71500000,26844.40000000,0.652
1749258592,0.71600000,15.60000000,0.652
1749258592,0.71700000,37.50000000,0.652
1749258592,0.71800000,176.00000000,0.652
1749258592,0.71900000,1312.60000000,0.652
1749258592,0.72000000,205.60000000,0.652
1749258592,0.72100000,15.40000000,0.652
1749258592,0.72200000,110.90000000,0.652
1749258592,0.72300000,22.10000000,0.652
1749258592,0.72400000,50.00000000,0.652
1749258592,0.72600000,28.50000000,0.652
1749258592,0.72700000,83.70000000,0.652
1749258592,0.72800000,19.00000000,0.652
1749258592,0.72900000,39.00000000,0.652
1749258592,0.73000000,12862.80000000,0.652
1749258592,0.73200000,411.50000000,0.652
1749258592,0.73300000,77.00000000,0.652
1749258592,0.73500000,37.20000000,0.652
1749258592,0.73600000,90.20000000,0.652
1749258592,0.73700000,204.20000000,0.652
1749258592,0.73800000,19.30000000,0.652
1749258592,0.74000000,818.20000000,0.652
1749258592,0.74100000,211.40000000,0.652
1749258592,0.74300000,18.40000000,0.652
1749258592,0.74400000,2786.70000000,0.652
1749258592,0.74500000,255.60000000,0.652
1749258592,0.74600000,8.60000000,0.652
1749258592,0.74700000,354.10000000,0.652
1749258592,0.74800000,19.20000000,0.652
1749258592,0.75000000,4053.60000000,0.652
1749258592,0.75100000,2528.50000000,0.652
1749258592,0.75200000,58.60000000,0.652
1749258592,0.75300000,6.70000000,0.652
1749258592,0.75400000,18.40000000,0.652
1749258592,0.75500000,348.40000000,0.652
1749258592,0.75600000,162.90000000,0.652
1749258592,0.75700000,61.60000000,0.652
1749258917,0.65100000,28518.40000000,0.65
1749258917,0.65200000,122378.30000000,0.65
1749258917,0.65300000,77497.40000000,0.65
1749258917,0.65400000,39984.80000000,0.65
1749258917,0.65500000,29128.30000000,0.65
1749258917,0.65600000,13596.70000000,0.65
1749258917,0.65700000,8088.00000000,0.65
1749258917,0.65800000,8799.70000000,0.65
1749258917,0.65900000,7098.70000000,0.65
1749258917,0.66000000,10456.80000000,0.65
1749258917,0.66100000,8081.80000000,0.65
1749258917,0.66200000,8646.70000000,0.65
1749258917,0.66300000,8872.20000000,0.65
1749258917,0.66400000,10829.50000000,0.65
1749258917,0.66500000,5892.60000000,0.65
1749258917,0.66600000,3300.30000000,0.65
1749258917,0.66700000,3327.30000000,0.65
1749258917,0.66800000,3282.30000000,0.65
1749258917,0.66900000,3247.00000000,0.65
1749258917,0.67000000,2587.00000000,0.65
1749258917,0.67100000,4708.60000000,0.65
1749258917,0.67200000,2505.70000000,0.65
1749258917,0.67300000,2570.20000000,0.65
1749258917,0.67400000,3439.70000000,0.65
1749258917,0.67500000,25057.30000000,0.65
1749258917,0.67600000,3978.10000000,0.65
1749258917,0.67700000,2152.40000000,0.65
1749258917,0.67800000,27.30000000,0.65
1749258917,0.67900000,4037.40000000,0.65
1749258917,0.68000000,2441.80000000,0.65
1749258917,0.68100000,107.40000000,0.65
1749258917,0.68200000,425.00000000,0.65
1749258917,0.68300000,169.30000000,0.65
1749258917,0.68400000,2731.30000000,0.65
1749258917,0.68500000,46.20000000,0.65
1749258917,0.68600000,1390.90000000,0.65
1749258917,0.68700000,15.80000000,0.65
1749258917,0.68800000,268.60000000,0.65
1749258917,0.68900000,1377.20000000,0.65
1749258917,0.69000000,4903.60000000,0.65
1749258917,0.69100000,16.20000000,0.65
1749258917,0.69200000,72.60000000,0.65
1749258917,0.69300000,137.90000000,0.65
1749258917,0.69400000,16.10000000,0.65
1749258917,0.69500000,404.80000000,0.65
1749258917,0.69600000,180.90000000,0.65
1749258917,0.69700000,404.30000000,0.65
1749258917,0.69800000,78.00000000,0.65
1749258917,0.69900000,1402.70000000,0.65
1749258917,0.70000000,2395.90000000,0.65
1749258917,0.70100000,25.90000000,0.65
1749258917,0.70200000,31.80000000,0.65
1749258917,0.70300000,15.90000000,0.65
1749258917,0.70400000,3494.90000000,0.65
1749258917,0.70500000,37096.20000000,0.65
1749258917,0.70600000,15.80000000,0.65
1749258917,0.70700000,3070.40000000,0.65
1749258917,0.70800000,655.70000000,0.65
1749258917,0.70900000,15.70000000,0.65
1749258917,0.71000000,1351.90000000,0.65
1749258917,0.71100000,1072.30000000,0.65
1749258917,0.71200000,15.70000000,0.65
1749258917,0.71300000,41.70000000,0.65
1749258917,0.71400000,64.90000000,0.65
1749258917,0.71500000,26844.40000000,0.65
1749258917,0.71600000,85.20000000,0.65
1749258917,0.71700000,37.50000000,0.65
1749258917,0.71800000,176.00000000,0.65
1749258917,0.71900000,1312.60000000,0.65
1749258917,0.72000000,205.60000000,0.65
1749258917,0.72100000,15.50000000,0.65
1749258917,0.72200000,95.50000000,0.65
1749258917,0.72300000,22.10000000,0.65
1749258917,0.72400000,50.00000000,0.65
1749258917,0.72600000,28.50000000,0.65
1749258917,0.72700000,14.10000000,0.65
1749258917,0.72800000,19.00000000,0.65
1749258917,0.72900000,39.00000000,0.65
1749258917,0.73000000,12862.80000000,0.65
1749258917,0.73200000,411.50000000,0.65
1749258917,0.73300000,77.00000000,0.65
1749258917,0.73500000,37.20000000,0.65
1749258917,0.73600000,90.20000000,0.65
1749258917,0.73700000,204.20000000,0.65
1749258917,0.73800000,19.30000000,0.65
1749258917,0.74000000,818.20000000,0.65
1749258917,0.74100000,211.40000000,0.65
1749258917,0.74300000,18.40000000,0.65
1749258917,0.74400000,2786.70000000,0.65
1749258917,0.74500000,255.60000000,0.65
1749258917,0.74600000,8.60000000,0.65
1749258917,0.74700000,354.10000000,0.65
1749258917,0.74800000,19.20000000,0.65
1749258917,0.75000000,4053.60000000,0.65
1749258917,0.75100000,2528.50000000,0.65
1749258917,0.75200000,58.60000000,0.65
1749258917,0.75300000,6.70000000,0.65
1749258917,0.75400000,18.40000000,0.65
1749258917,0.75500000,348.40000000,0.65
1749258917,0.75600000,162.90000000,0.65
1749259218,0.64800000,9718.80000000,0.647
1749259218,0.64900000,113557.40000000,0.647
1749259218,0.65000000,99154.20000000,0.647
1749259218,0.65100000,40275.40000000,0.647
1749259218,0.65200000,31918.70000000,0.647
1749259218,0.65300000,12480.30000000,0.647
1749259218,0.65400000,13464.40000000,0.647
1749259218,0.65500000,6103.60000000,0.647
1749259218,0.65600000,6758.60000000,0.647
1749259218,0.65700000,6893.10000000,0.647
1749259218,0.65800000,11771.10000000,0.647
1749259218,0.65900000,11138.70000000,0.647
1749259218,0.66000000,13808.00000000,0.647
1749259218,0.66100000,16674.60000000,0.647
1749259218,0.66200000,3266.10000000,0.647
1749259218,0.66300000,3257.50000000,0.647
1749259218,0.66400000,3270.20000000,0.647
1749259218,0.66500000,5892.60000000,0.647
1749259218,0.66600000,3300.30000000,0.647
1749259218,0.66700000,3327.30000000,0.647
1749259218,0.66800000,3302.40000000,0.647
1749259218,0.66900000,3247.00000000,0.647
1749259218,0.67000000,2587.00000000,0.647
1749259218,0.67100000,3918.80000000,0.647
1749259218,0.67200000,2505.70000000,0.647
1749259218,0.67300000,2570.20000000,0.647
1749259218,0.67400000,3439.70000000,0.647
1749259218,0.67500000,24112.30000000,0.647
1749259218,0.67600000,3033.10000000,0.647
1749259218,0.67700000,2575.20000000,0.647
1749259218,0.67800000,27.30000000,0.647
1749259218,0.67900000,3000.40000000,0.647
1749259218,0.68000000,2456.50000000,0.647
1749259218,0.68100000,107.40000000,0.647
1749259218,0.68200000,2766.20000000,0.647
1749259218,0.68300000,169.30000000,0.647
1749259218,0.68400000,59.30000000,0.647
1749259218,0.68500000,46.20000000,0.647
1749259218,0.68600000,1390.90000000,0.647
1749259218,0.68700000,1361.80000000,0.647
1749259218,0.68800000,268.60000000,0.647
1749259218,0.68900000,31.20000000,0.647
1749259218,0.69000000,2562.20000000,0.647
1749259218,0.69100000,16.20000000,0.647
1749259218,0.69200000,72.60000000,0.647
1749259218,0.69300000,123.40000000,0.647
1749259218,0.69400000,16.10000000,0.647
1749259218,0.69500000,793.10000000,0.647
1749259218,0.69600000,180.90000000,0.647
1749259218,0.69700000,1382.90000000,0.647
1749259218,0.69800000,78.00000000,0.647
1749259218,0.69900000,35.80000000,0.647
1749259218,0.70000000,2850.60000000,0.647
1749259218,0.70100000,25.90000000,0.647
1749259218,0.70200000,31.80000000,0.647
1749259218,0.70300000,15.90000000,0.647
1749259218,0.70400000,3494.90000000,0.647
1749259218,0.70500000,37096.20000000,0.647
1749259218,0.70600000,380.40000000,0.647
1749259218,0.70700000,3070.40000000,0.647
1749259218,0.70800000,291.10000000,0.647
1749259218,0.70900000,15.70000000,0.647
1749259218,0.71000000,1351.90000000,0.647
1749259218,0.71100000,1072.30000000,0.647
1749259218,0.71200000,15.70000000,0.647
1749259218,0.71300000,111.30000000,0.647
1749259218,0.71400000,64.90000000,0.647
1749259218,0.71500000,26844.40000000,0.647
1749259218,0.71600000,15.60000000,0.647
1749259218,0.71700000,37.50000000,0.647
1749259218,0.71800000,176.00000000,0.647
1749259218,0.71900000,1297.10000000,0.647
1749259218,0.72000000,190.10000000,0.647
1749259218,0.72200000,95.50000000,0.647
1749259218,0.72300000,22.10000000,0.647
1749259218,0.72400000,50.00000000,0.647
1749259218,0.72600000,28.50000000,0.647
1749259218,0.72700000,14.10000000,0.647
1749259218,0.72800000,19.00000000,0.647
1749259218,0.72900000,39.00000000,0.647
1749259218,0.73000000,11692.10000000,0.647
1749259218,0.73200000,411.50000000,0.647
1749259218,0.73300000,77.00000000,0.647
1749259218,0.73500000,37.20000000,0.647
1749259218,0.73600000,90.20000000,0.647
1749259218,0.73700000,204.20000000,0.647
1749259218,0.73800000,19.30000000,0.647
1749259218,0.74000000,818.20000000,0.647
1749259218,0.74100000,211.40000000,0.647
1749259218,0.74300000,18.40000000,0.647
1749259218,0.74400000,2786.70000000,0.647
1749259218,0.74500000,255.60000000,0.647
1749259218,0.74600000,8.60000000,0.647
1749259218,0.74700000,354.10000000,0.647
1749259218,0.74800000,19.20000000,0.647
1749259218,0.75000000,4053.60000000,0.647
1749259218,0.75100000,2528.50000000,0.647
1749259218,0.75200000,58.60000000,0.647
1749259218,0.75300000,6.70000000,0.647
1749259218,0.75400000,18.40000000,0.647
