timestamp,price,volume,current_price
1749260702,0.64600000,2508.60000000,0.645
1749260702,0.64700000,72443.10000000,0.645
1749260702,0.64800000,115297.70000000,0.645
1749260702,0.64900000,48080.20000000,0.645
1749260702,0.65000000,35638.70000000,0.645
1749260702,0.65100000,14946.10000000,0.645
1749260702,0.65200000,14009.10000000,0.645
1749260702,0.65300000,4347.10000000,0.645
1749260702,0.65400000,19885.40000000,0.645
1749260702,0.65500000,2509.50000000,0.645
1749260702,0.65600000,13587.50000000,0.645
1749260702,0.65700000,8911.70000000,0.645
1749260702,0.65800000,3293.40000000,0.645
1749260702,0.65900000,2499.50000000,0.645
1749260702,0.66000000,3365.40000000,0.645
1749260702,0.66100000,2487.90000000,0.645
1749260702,0.66200000,3254.70000000,0.645
1749260702,0.66300000,2487.90000000,0.645
1749260702,0.66400000,3246.00000000,0.645
1749260702,0.66500000,5123.00000000,0.645
1749260702,0.66600000,4078.60000000,0.645
1749260702,0.66700000,3315.80000000,0.645
1749260702,0.66800000,3270.80000000,0.645
1749260702,0.66900000,3247.00000000,0.645
1749260702,0.67000000,2736.20000000,0.645
1749260702,0.67100000,3918.80000000,0.645
1749260702,0.67200000,44.40000000,0.645
1749260702,0.67300000,108.90000000,0.645
1749260702,0.67400000,1923.40000000,0.645
1749260702,0.67500000,23963.80000000,0.645
1749260702,0.67600000,1531.60000000,0.645
1749260702,0.67700000,1538.20000000,0.645
1749260702,0.67800000,162.00000000,0.645
1749260702,0.67900000,568.60000000,0.645
1749260702,0.68000000,35537.40000000,0.645
1749260702,0.68100000,110.70000000,0.645
1749260702,0.68200000,82.80000000,0.645
1749260702,0.68300000,23.20000000,0.645
1749260702,0.68400000,47.90000000,0.645
1749260702,0.68500000,1380.90000000,0.645
1749260702,0.68600000,1390.90000000,0.645
1749260702,0.68700000,15.80000000,0.645
1749260702,0.68800000,268.60000000,0.645
1749260702,0.68900000,31.20000000,0.645
1749260702,0.69000000,2562.20000000,0.645
1749260702,0.69100000,16.20000000,0.645
1749260702,0.69200000,43.60000000,0.645
1749260702,0.69300000,497.20000000,0.645
1749260702,0.69400000,16.10000000,0.645
1749260702,0.69500000,1771.70000000,0.645
1749260702,0.69600000,180.90000000,0.645
1749260702,0.69700000,16.00000000,0.645
1749260702,0.69800000,78.00000000,0.645
1749260702,0.69900000,35.80000000,0.645
1749260702,0.70000000,2427.60000000,0.645
1749260702,0.70100000,25.90000000,0.645
1749260702,0.70200000,31.80000000,0.645
1749260702,0.70300000,15.90000000,0.645
1749260702,0.70400000,3564.00000000,0.645
1749260702,0.70500000,36961.50000000,0.645
1749260702,0.70600000,15.80000000,0.645
1749260702,0.70700000,3070.40000000,0.645
1749260702,0.70800000,310.70000000,0.645
1749260702,0.70900000,15.70000000,0.645
1749260702,0.71000000,1351.90000000,0.645
1749260702,0.71100000,1141.90000000,0.645
1749260702,0.71200000,35.20000000,0.645
1749260702,0.71300000,41.70000000,0.645
1749260702,0.71400000,64.90000000,0.645
1749260702,0.71500000,26844.40000000,0.645
1749260702,0.71600000,34.90000000,0.645
1749260702,0.71700000,22.00000000,0.645
1749260702,0.71800000,160.50000000,0.645
1749260702,0.71900000,1297.10000000,0.645
1749260702,0.72000000,209.30000000,0.645
1749260702,0.72200000,95.50000000,0.645
1749260702,0.72300000,22.10000000,0.645
1749260702,0.72400000,50.00000000,0.645
1749260702,0.72600000,28.50000000,0.645
1749260702,0.72700000,14.10000000,0.645
1749260702,0.72800000,19.00000000,0.645
1749260702,0.72900000,39.00000000,0.645
1749260702,0.73000000,11486.00000000,0.645
1749260702,0.73200000,411.50000000,0.645
1749260702,0.73300000,77.00000000,0.645
1749260702,0.73500000,37.20000000,0.645
1749260702,0.73600000,90.20000000,0.645
1749260702,0.73700000,204.20000000,0.645
1749260702,0.73800000,19.30000000,0.645
1749260702,0.74000000,818.20000000,0.645
1749260702,0.74100000,211.40000000,0.645
1749260702,0.74300000,18.40000000,0.645
1749260702,0.74400000,2786.70000000,0.645
1749260702,0.74500000,255.60000000,0.645
1749260702,0.74600000,8.60000000,0.645
1749260702,0.74700000,354.10000000,0.645
1749260702,0.74800000,19.20000000,0.645
1749260702,0.75000000,4053.60000000,0.645
1749260702,0.75100000,2528.50000000,0.645
1749260702,0.75200000,58.60000000,0.645
1749261021,0.64700000,9547.30000000,0.647
1749261021,0.64800000,91191.40000000,0.647
1749261021,0.64900000,106080.40000000,0.647
1749261021,0.65000000,49252.50000000,0.647
1749261021,0.65100000,29542.70000000,0.647
1749261021,0.65200000,11272.40000000,0.647
1749261021,0.65300000,13821.70000000,0.647
1749261021,0.65400000,12263.60000000,0.647
1749261021,0.65500000,6131.00000000,0.647
1749261021,0.65600000,17377.10000000,0.647
1749261021,0.65700000,13572.00000000,0.647
1749261021,0.65800000,10887.80000000,0.647
1749261021,0.65900000,2499.50000000,0.647
1749261021,0.66000000,3365.40000000,0.647
1749261021,0.66100000,2487.90000000,0.647
1749261021,0.66200000,3254.70000000,0.647
1749261021,0.66300000,2487.90000000,0.647
1749261021,0.66400000,3246.00000000,0.647
1749261021,0.66500000,5123.00000000,0.647
1749261021,0.66600000,4078.60000000,0.647
1749261021,0.66700000,3315.80000000,0.647
1749261021,0.66800000,3270.80000000,0.647
1749261021,0.66900000,3247.00000000,0.647
1749261021,0.67000000,2736.20000000,0.647
1749261021,0.67100000,3918.80000000,0.647
1749261021,0.67200000,44.40000000,0.647
1749261021,0.67300000,108.90000000,0.647
1749261021,0.67400000,1923.40000000,0.647
1749261021,0.67500000,23963.80000000,0.647
1749261021,0.67600000,1531.60000000,0.647
1749261021,0.67700000,1207.40000000,0.647
1749261021,0.67800000,27.30000000,0.647
1749261021,0.67900000,1170.60000000,0.647
1749261021,0.68000000,32865.40000000,0.647
1749261021,0.68100000,110.70000000,0.647
1749261021,0.68200000,2754.80000000,0.647
1749261021,0.68300000,23.20000000,0.647
1749261021,0.68400000,47.90000000,0.647
1749261021,0.68500000,1380.90000000,0.647
1749261021,0.68600000,1390.90000000,0.647
1749261021,0.68700000,15.80000000,0.647
1749261021,0.68800000,268.60000000,0.647
1749261021,0.68900000,31.20000000,0.647
1749261021,0.69000000,2562.20000000,0.647
1749261021,0.69100000,16.20000000,0.647
1749261021,0.69200000,43.60000000,0.647
1749261021,0.69300000,497.20000000,0.647
1749261021,0.69400000,16.10000000,0.647
1749261021,0.69500000,813.90000000,0.647
1749261021,0.69600000,180.90000000,0.647
1749261021,0.69700000,1382.90000000,0.647
1749261021,0.69800000,78.00000000,0.647
1749261021,0.69900000,35.80000000,0.647
1749261021,0.70000000,2427.60000000,0.647
1749261021,0.70100000,25.90000000,0.647
1749261021,0.70200000,31.80000000,0.647
1749261021,0.70300000,15.90000000,0.647
1749261021,0.70400000,3073.10000000,0.647
1749261021,0.70500000,36961.50000000,0.647
1749261021,0.70600000,380.40000000,0.647
1749261021,0.70700000,3070.40000000,0.647
1749261021,0.70800000,310.70000000,0.647
1749261021,0.70900000,15.70000000,0.647
1749261021,0.71000000,1351.90000000,0.647
1749261021,0.71100000,1072.30000000,0.647
1749261021,0.71200000,35.20000000,0.647
1749261021,0.71300000,41.70000000,0.647
1749261021,0.71400000,134.50000000,0.647
1749261021,0.71500000,26844.40000000,0.647
1749261021,0.71600000,34.90000000,0.647
1749261021,0.71700000,37.50000000,0.647
1749261021,0.71800000,160.50000000,0.647
1749261021,0.71900000,1297.10000000,0.647
1749261021,0.72000000,209.30000000,0.647
1749261021,0.72200000,95.50000000,0.647
1749261021,0.72300000,22.10000000,0.647
1749261021,0.72400000,50.00000000,0.647
1749261021,0.72600000,28.50000000,0.647
1749261021,0.72700000,14.10000000,0.647
1749261021,0.72800000,19.00000000,0.647
1749261021,0.72900000,39.00000000,0.647
1749261021,0.73000000,11486.00000000,0.647
1749261021,0.73200000,411.50000000,0.647
1749261021,0.73300000,77.00000000,0.647
1749261021,0.73500000,37.20000000,0.647
1749261021,0.73600000,90.20000000,0.647
1749261021,0.73700000,204.20000000,0.647
1749261021,0.73800000,19.30000000,0.647
1749261021,0.74000000,818.20000000,0.647
1749261021,0.74100000,211.40000000,0.647
1749261021,0.74300000,18.40000000,0.647
1749261021,0.74400000,2786.70000000,0.647
1749261021,0.74500000,255.60000000,0.647
1749261021,0.74600000,8.60000000,0.647
1749261021,0.74700000,354.10000000,0.647
1749261021,0.74800000,19.20000000,0.647
1749261021,0.75000000,4053.60000000,0.647
1749261021,0.75100000,2528.50000000,0.647
1749261021,0.75200000,58.60000000,0.647
1749261021,0.75300000,6.70000000,0.647
1749261332,0.64500000,16765.90000000,0.644
1749261332,0.64600000,90901.10000000,0.644
1749261332,0.64700000,86536.40000000,0.644
1749261332,0.64800000,53953.30000000,0.644
1749261332,0.64900000,29777.90000000,0.644
1749261332,0.65000000,11239.60000000,0.644
1749261332,0.65100000,21592.80000000,0.644
1749261332,0.65200000,9510.20000000,0.644
1749261332,0.65300000,4347.10000000,0.644
1749261332,0.65400000,11711.80000000,0.644
1749261332,0.65500000,5070.40000000,0.644
1749261332,0.65600000,17491.80000000,0.644
1749261332,0.65700000,12851.90000000,0.644
1749261332,0.65800000,3293.40000000,0.644
1749261332,0.65900000,2499.50000000,0.644
1749261332,0.66000000,3365.40000000,0.644
1749261332,0.66100000,2487.90000000,0.644
1749261332,0.66200000,3254.70000000,0.644
1749261332,0.66300000,2487.90000000,0.644
1749261332,0.66400000,4035.80000000,0.644
1749261332,0.66500000,5123.00000000,0.644
1749261332,0.66600000,3288.80000000,0.644
1749261332,0.66700000,3315.80000000,0.644
1749261332,0.66800000,3270.80000000,0.644
1749261332,0.66900000,2302.00000000,0.644
1749261332,0.67000000,1791.20000000,0.644
1749261332,0.67100000,2973.80000000,0.644
1749261332,0.67200000,44.40000000,0.644
1749261332,0.67300000,1476.70000000,0.644
1749261332,0.67400000,978.40000000,0.644
1749261332,0.67500000,22596.00000000,0.644
1749261332,0.67600000,1531.60000000,0.644
1749261332,0.67700000,1538.20000000,0.644
1749261332,0.67800000,27.30000000,0.644
1749261332,0.67900000,839.80000000,0.644
1749261332,0.68000000,35537.40000000,0.644
1749261332,0.68100000,110.70000000,0.644
1749261332,0.68200000,82.80000000,0.644
1749261332,0.68300000,1369.20000000,0.644
1749261332,0.68400000,47.90000000,0.644
1749261332,0.68500000,34.90000000,0.644
1749261332,0.68600000,1390.90000000,0.644
1749261332,0.68700000,15.80000000,0.644
1749261332,0.68800000,268.60000000,0.644
1749261332,0.68900000,31.20000000,0.644
1749261332,0.69000000,2562.20000000,0.644
1749261332,0.69100000,404.50000000,0.644
1749261332,0.69200000,43.60000000,0.644
1749261332,0.69300000,108.90000000,0.644
1749261332,0.69400000,16.10000000,0.644
1749261332,0.69500000,2180.80000000,0.644
1749261332,0.69600000,180.90000000,0.644
1749261332,0.69700000,16.00000000,0.644
1749261332,0.69800000,78.00000000,0.644
1749261332,0.69900000,35.80000000,0.644
1749261332,0.70000000,2427.60000000,0.644
1749261332,0.70100000,25.90000000,0.644
1749261332,0.70200000,31.80000000,0.644
1749261332,0.70300000,15.90000000,0.644
1749261332,0.70400000,3437.70000000,0.644
1749261332,0.70500000,36961.50000000,0.644
1749261332,0.70600000,15.80000000,0.644
1749261332,0.70700000,3070.40000000,0.644
1749261332,0.70800000,310.70000000,0.644
1749261332,0.70900000,15.70000000,0.644
1749261332,0.71000000,1351.90000000,0.644
1749261332,0.71100000,1072.30000000,0.644
1749261332,0.71200000,104.80000000,0.644
1749261332,0.71300000,41.70000000,0.644
1749261332,0.71400000,64.90000000,0.644
1749261332,0.71500000,26844.40000000,0.644
1749261332,0.71600000,19.30000000,0.644
1749261332,0.71700000,22.00000000,0.644
1749261332,0.71800000,160.50000000,0.644
1749261332,0.71900000,1297.10000000,0.644
1749261332,0.72000000,209.30000000,0.644
1749261332,0.72200000,95.50000000,0.644
1749261332,0.72300000,22.10000000,0.644
1749261332,0.72400000,50.00000000,0.644
1749261332,0.72600000,28.50000000,0.644
1749261332,0.72700000,14.10000000,0.644
1749261332,0.72800000,19.00000000,0.644
1749261332,0.72900000,39.00000000,0.644
1749261332,0.73000000,11486.00000000,0.644
1749261332,0.73200000,411.50000000,0.644
1749261332,0.73300000,77.00000000,0.644
1749261332,0.73500000,37.20000000,0.644
1749261332,0.73600000,90.20000000,0.644
1749261332,0.73700000,204.20000000,0.644
1749261332,0.73800000,19.30000000,0.644
1749261332,0.74000000,818.20000000,0.644
1749261332,0.74100000,211.40000000,0.644
1749261332,0.74300000,18.40000000,0.644
1749261332,0.74400000,2786.70000000,0.644
1749261332,0.74500000,255.60000000,0.644
1749261332,0.74600000,8.60000000,0.644
1749261332,0.74700000,354.10000000,0.644
1749261332,0.74800000,19.20000000,0.644
1749261332,0.75000000,4053.60000000,0.644
1749261332,0.75100000,2528.50000000,0.644
1749261634,0.64700000,25369.60000000,0.646
1749261634,0.64800000,110303.00000000,0.646
1749261634,0.64900000,107045.10000000,0.646
1749261634,0.65000000,41794.70000000,0.646
1749261634,0.65100000,6293.80000000,0.646
1749261634,0.65200000,9930.30000000,0.646
1749261634,0.65300000,13727.50000000,0.646
1749261634,0.65400000,19033.10000000,0.646
1749261634,0.65500000,4902.50000000,0.646
1749261634,0.65600000,17492.20000000,0.646
1749261634,0.65700000,13572.40000000,0.646
1749261634,0.65800000,4840.30000000,0.646
1749261634,0.65900000,2488.20000000,0.646
1749261634,0.66000000,3354.30000000,0.646
1749261634,0.66100000,2488.20000000,0.646
1749261634,0.66200000,3255.00000000,0.646
1749261634,0.66300000,2488.20000000,0.646
1749261634,0.66400000,3246.30000000,0.646
1749261634,0.66500000,5123.30000000,0.646
1749261634,0.66600000,4078.80000000,0.646
1749261634,0.66700000,3316.00000000,0.646
1749261634,0.66800000,3270.90000000,0.646
1749261634,0.66900000,3235.50000000,0.646
1749261634,0.67000000,2724.70000000,0.646
1749261634,0.67100000,2962.30000000,0.646
1749261634,0.67200000,32.90000000,0.646
1749261634,0.67300000,97.40000000,0.646
1749261634,0.67400000,966.90000000,0.646
1749261634,0.67500000,23952.30000000,0.646
1749261634,0.67600000,1520.10000000,0.646
1749261634,0.67700000,1526.70000000,0.646
1749261634,0.67800000,15.80000000,0.646
1749261634,0.67900000,828.40000000,0.646
1749261634,0.68000000,35526.00000000,0.646
1749261634,0.68100000,110.70000000,0.646
1749261634,0.68200000,82.80000000,0.646
1749261634,0.68300000,23.20000000,0.646
1749261634,0.68400000,47.90000000,0.646
1749261634,0.68500000,1380.90000000,0.646
1749261634,0.68600000,1390.90000000,0.646
1749261634,0.68700000,15.80000000,0.646
1749261634,0.68800000,268.60000000,0.646
1749261634,0.68900000,31.20000000,0.646
1749261634,0.69000000,2562.20000000,0.646
1749261634,0.69100000,16.20000000,0.646
1749261634,0.69200000,43.60000000,0.646
1749261634,0.69300000,497.20000000,0.646
1749261634,0.69400000,16.10000000,0.646
1749261634,0.69500000,2180.80000000,0.646
1749261634,0.69600000,180.90000000,0.646
1749261634,0.69700000,16.00000000,0.646
1749261634,0.69800000,78.00000000,0.646
1749261634,0.69900000,35.80000000,0.646
1749261634,0.70000000,2427.60000000,0.646
1749261634,0.70100000,25.90000000,0.646
1749261634,0.70200000,31.80000000,0.646
1749261634,0.70300000,15.90000000,0.646
1749261634,0.70400000,3073.10000000,0.646
1749261634,0.70500000,36961.50000000,0.646
1749261634,0.70600000,380.40000000,0.646
1749261634,0.70700000,3070.40000000,0.646
1749261634,0.70800000,310.70000000,0.646
1749261634,0.70900000,15.70000000,0.646
1749261634,0.71000000,1351.90000000,0.646
1749261634,0.71100000,1072.30000000,0.646
1749261634,0.71200000,104.80000000,0.646
1749261634,0.71300000,41.70000000,0.646
1749261634,0.71400000,64.90000000,0.646
1749261634,0.71500000,26844.40000000,0.646
1749261634,0.71600000,34.90000000,0.646
1749261634,0.71700000,37.50000000,0.646
1749261634,0.71800000,160.50000000,0.646
1749261634,0.71900000,1297.10000000,0.646
1749261634,0.72000000,209.30000000,0.646
1749261634,0.72200000,95.50000000,0.646
1749261634,0.72300000,22.10000000,0.646
1749261634,0.72400000,50.00000000,0.646
1749261634,0.72600000,28.50000000,0.646
1749261634,0.72700000,14.10000000,0.646
1749261634,0.72800000,19.00000000,0.646
1749261634,0.72900000,39.00000000,0.646
1749261634,0.73000000,11486.00000000,0.646
1749261634,0.73200000,411.50000000,0.646
1749261634,0.73300000,77.00000000,0.646
1749261634,0.73500000,37.20000000,0.646
1749261634,0.73600000,90.20000000,0.646
1749261634,0.73700000,204.20000000,0.646
1749261634,0.73800000,19.30000000,0.646
1749261634,0.74000000,818.20000000,0.646
1749261634,0.74100000,211.40000000,0.646
1749261634,0.74300000,18.40000000,0.646
1749261634,0.74400000,2786.70000000,0.646
1749261634,0.74500000,255.60000000,0.646
1749261634,0.74600000,8.60000000,0.646
1749261634,0.74700000,354.10000000,0.646
1749261634,0.74800000,19.20000000,0.646
1749261634,0.75000000,4053.60000000,0.646
1749261634,0.75100000,2528.50000000,0.646
1749261634,0.75200000,58.60000000,0.646
1749261634,0.75300000,6.70000000,0.646
1749261940,0.64200000,9212.20000000,0.641
1749261940,0.64300000,95907.00000000,0.641
1749261940,0.64400000,76602.20000000,0.641
1749261940,0.64500000,45614.80000000,0.641
1749261940,0.64600000,25045.60000000,0.641
1749261940,0.64700000,30246.20000000,0.641
1749261940,0.64800000,13662.90000000,0.641
1749261940,0.64900000,24252.30000000,0.641
1749261940,0.65000000,15947.10000000,0.641
1749261940,0.65100000,3700.00000000,0.641
1749261940,0.65200000,7782.80000000,0.641
1749261940,0.65300000,2500.10000000,0.641
1749261940,0.65400000,15562.90000000,0.641
1749261940,0.65500000,2509.90000000,0.641
1749261940,0.65600000,3258.20000000,0.641
1749261940,0.65700000,2500.00000000,0.641
1749261940,0.65800000,4840.30000000,0.641
1749261940,0.65900000,2488.20000000,0.641
1749261940,0.66000000,3354.30000000,0.641
1749261940,0.66100000,3278.00000000,0.641
1749261940,0.66200000,3255.00000000,0.641
1749261940,0.66300000,2488.20000000,0.641
1749261940,0.66400000,3246.30000000,0.641
1749261940,0.66500000,5123.30000000,0.641
1749261940,0.66600000,3289.00000000,0.641
1749261940,0.66700000,3316.00000000,0.641
1749261940,0.66800000,2325.90000000,0.641
1749261940,0.66900000,2290.50000000,0.641
1749261940,0.67000000,1779.70000000,0.641
1749261940,0.67100000,2962.30000000,0.641
1749261940,0.67200000,1400.70000000,0.641
1749261940,0.67300000,428.20000000,0.641
1749261940,0.67400000,1101.60000000,0.641
1749261940,0.67500000,22584.50000000,0.641
1749261940,0.67600000,1520.10000000,0.641
1749261940,0.67700000,1195.90000000,0.641
1749261940,0.67800000,2687.80000000,0.641
1749261940,0.67900000,693.70000000,0.641
1749261940,0.68000000,32854.00000000,0.641
1749261940,0.68100000,1456.70000000,0.641
1749261940,0.68200000,82.80000000,0.641
1749261940,0.68300000,23.20000000,0.641
1749261940,0.68400000,47.90000000,0.641
1749261940,0.68500000,34.90000000,0.641
1749261940,0.68600000,1390.90000000,0.641
1749261940,0.68700000,15.80000000,0.641
1749261940,0.68800000,268.60000000,0.641
1749261940,0.68900000,31.20000000,0.641
1749261940,0.69000000,2950.50000000,0.641
1749261940,0.69100000,1383.10000000,0.641
1749261940,0.69200000,43.60000000,0.641
1749261940,0.69300000,108.90000000,0.641
1749261940,0.69400000,16.10000000,0.641
1749261940,0.69500000,813.90000000,0.641
1749261940,0.69600000,180.90000000,0.641
1749261940,0.69700000,16.00000000,0.641
1749261940,0.69800000,78.00000000,0.641
1749261940,0.69900000,35.80000000,0.641
1749261940,0.70000000,2427.60000000,0.641
1749261940,0.70100000,25.90000000,0.641
1749261940,0.70200000,396.40000000,0.641
1749261940,0.70300000,15.90000000,0.641
1749261940,0.70400000,3073.10000000,0.641
1749261940,0.70500000,36961.50000000,0.641
1749261940,0.70600000,85.40000000,0.641
1749261940,0.70700000,3070.40000000,0.641
1749261940,0.70800000,310.70000000,0.641
1749261940,0.70900000,15.70000000,0.641
1749261940,0.71000000,1351.90000000,0.641
1749261940,0.71100000,1072.30000000,0.641
1749261940,0.71200000,35.20000000,0.641
1749261940,0.71300000,26.10000000,0.641
1749261940,0.71400000,49.30000000,0.641
1749261940,0.71500000,26828.80000000,0.641
1749261940,0.71600000,19.30000000,0.641
1749261940,0.71700000,22.00000000,0.641
1749261940,0.71800000,160.50000000,0.641
1749261940,0.71900000,1297.10000000,0.641
1749261940,0.72000000,209.30000000,0.641
1749261940,0.72200000,95.50000000,0.641
1749261940,0.72300000,22.10000000,0.641
1749261940,0.72400000,50.00000000,0.641
1749261940,0.72600000,28.50000000,0.641
1749261940,0.72700000,14.10000000,0.641
1749261940,0.72800000,19.00000000,0.641
1749261940,0.72900000,39.00000000,0.641
1749261940,0.73000000,11486.00000000,0.641
1749261940,0.73200000,411.50000000,0.641
1749261940,0.73300000,77.00000000,0.641
1749261940,0.73500000,37.20000000,0.641
1749261940,0.73600000,90.20000000,0.641
1749261940,0.73700000,204.20000000,0.641
1749261940,0.73800000,19.30000000,0.641
1749261940,0.74000000,818.20000000,0.641
1749261940,0.74100000,211.40000000,0.641
1749261940,0.74300000,18.40000000,0.641
1749261940,0.74400000,2786.70000000,0.641
1749261940,0.74500000,255.60000000,0.641
1749261940,0.74600000,8.60000000,0.641
1749261940,0.74700000,354.10000000,0.641
1749262242,0.64400000,13453.50000000,0.644
1749262242,0.64500000,120236.90000000,0.644
1749262242,0.64600000,96796.60000000,0.644
1749262242,0.64700000,38710.10000000,0.644
1749262242,0.64800000,9889.10000000,0.644
1749262242,0.64900000,26942.60000000,0.644
1749262242,0.65000000,15947.10000000,0.644
1749262242,0.65100000,3700.00000000,0.644
1749262242,0.65200000,7062.70000000,0.644
1749262242,0.65300000,7160.60000000,0.644
1749262242,0.65400000,11622.50000000,0.644
1749262242,0.65500000,4458.70000000,0.644
1749262242,0.65600000,3258.20000000,0.644
1749262242,0.65700000,2500.00000000,0.644
1749262242,0.65800000,4840.30000000,0.644
1749262242,0.65900000,2488.20000000,0.644
1749262242,0.66000000,3354.30000000,0.644
1749262242,0.66100000,2488.20000000,0.644
1749262242,0.66200000,3255.00000000,0.644
1749262242,0.66300000,3278.00000000,0.644
1749262242,0.66400000,3246.30000000,0.644
1749262242,0.66500000,5123.30000000,0.644
1749262242,0.66600000,3289.00000000,0.644
1749262242,0.66700000,3316.00000000,0.644
1749262242,0.66800000,3270.90000000,0.644
1749262242,0.66900000,774.20000000,0.644
1749262242,0.67000000,263.40000000,0.644
1749262242,0.67100000,1446.00000000,0.644
1749262242,0.67200000,1400.70000000,0.644
1749262242,0.67300000,97.40000000,0.644
1749262242,0.67400000,966.90000000,0.644
1749262242,0.67500000,22915.30000000,0.644
1749262242,0.67600000,1654.80000000,0.644
1749262242,0.67700000,1195.90000000,0.644
1749262242,0.67800000,2687.80000000,0.644
1749262242,0.67900000,693.70000000,0.644
1749262242,0.68000000,32854.00000000,0.644
1749262242,0.68100000,110.70000000,0.644
1749262242,0.68200000,82.80000000,0.644
1749262242,0.68300000,1369.20000000,0.644
1749262242,0.68400000,47.90000000,0.644
1749262242,0.68500000,34.90000000,0.644
1749262242,0.68600000,1390.90000000,0.644
1749262242,0.68700000,15.80000000,0.644
1749262242,0.68800000,268.60000000,0.644
1749262242,0.68900000,31.20000000,0.644
1749262242,0.69000000,2950.50000000,0.644
1749262242,0.69100000,16.20000000,0.644
1749262242,0.69200000,43.60000000,0.644
1749262242,0.69300000,1475.80000000,0.644
1749262242,0.69400000,16.10000000,0.644
1749262242,0.69500000,813.90000000,0.644
1749262242,0.69600000,180.90000000,0.644
1749262242,0.69700000,16.00000000,0.644
1749262242,0.69800000,78.00000000,0.644
1749262242,0.69900000,35.80000000,0.644
1749262242,0.70000000,2427.60000000,0.644
1749262242,0.70100000,25.90000000,0.644
1749262242,0.70200000,396.40000000,0.644
1749262242,0.70300000,15.90000000,0.644
1749262242,0.70400000,3073.10000000,0.644
1749262242,0.70500000,36961.50000000,0.644
1749262242,0.70600000,15.80000000,0.644
1749262242,0.70700000,3070.40000000,0.644
1749262242,0.70800000,380.30000000,0.644
1749262242,0.70900000,15.70000000,0.644
1749262242,0.71000000,1351.90000000,0.644
1749262242,0.71100000,1072.30000000,0.644
1749262242,0.71200000,35.10000000,0.644
1749262242,0.71300000,41.70000000,0.644
1749262242,0.71400000,64.90000000,0.644
1749262242,0.71500000,26828.80000000,0.644
1749262242,0.71600000,19.30000000,0.644
1749262242,0.71700000,22.00000000,0.644
1749262242,0.71800000,160.50000000,0.644
1749262242,0.71900000,1297.10000000,0.644
1749262242,0.72000000,209.30000000,0.644
1749262242,0.72200000,95.50000000,0.644
1749262242,0.72300000,22.10000000,0.644
1749262242,0.72400000,50.00000000,0.644
1749262242,0.72600000,28.50000000,0.644
1749262242,0.72700000,14.10000000,0.644
1749262242,0.72800000,19.00000000,0.644
1749262242,0.72900000,39.00000000,0.644
1749262242,0.73000000,11486.00000000,0.644
1749262242,0.73200000,411.50000000,0.644
1749262242,0.73300000,77.00000000,0.644
1749262242,0.73500000,37.20000000,0.644
1749262242,0.73600000,90.20000000,0.644
1749262242,0.73700000,204.20000000,0.644
1749262242,0.73800000,19.30000000,0.644
1749262242,0.74000000,818.20000000,0.644
1749262242,0.74100000,211.40000000,0.644
1749262242,0.74300000,18.40000000,0.644
1749262242,0.74400000,2786.70000000,0.644
1749262242,0.74500000,255.60000000,0.644
1749262242,0.74600000,8.60000000,0.644
1749262242,0.74700000,354.10000000,0.644
1749262242,0.74800000,19.20000000,0.644
1749262242,0.75000000,4053.60000000,0.644
1749262544,0.64400000,5902.40000000,0.643
1749262544,0.64500000,71076.30000000,0.643
1749262544,0.64600000,121347.30000000,0.643
1749262544,0.64700000,74005.50000000,0.643
1749262544,0.64800000,29712.30000000,0.643
1749262544,0.64900000,20631.80000000,0.643
1749262544,0.65000000,18430.00000000,0.643
1749262544,0.65100000,5350.50000000,0.643
1749262544,0.65200000,7062.70000000,0.643
1749262544,0.65300000,7160.60000000,0.643
1749262544,0.65400000,14321.10000000,0.643
1749262544,0.65500000,5235.70000000,0.643
1749262544,0.65600000,3258.20000000,0.643
1749262544,0.65700000,2500.00000000,0.643
1749262544,0.65800000,5243.50000000,0.643
1749262544,0.65900000,2488.20000000,0.643
1749262544,0.66000000,3354.30000000,0.643
1749262544,0.66100000,2488.20000000,0.643
1749262544,0.66200000,3255.00000000,0.643
1749262544,0.66300000,3278.00000000,0.643
1749262544,0.66400000,3246.30000000,0.643
1749262544,0.66500000,17229.50000000,0.643
1749262544,0.66600000,3289.00000000,0.643
1749262544,0.66700000,3316.00000000,0.643
1749262544,0.66800000,2325.90000000,0.643
1749262544,0.66900000,774.20000000,0.643
1749262544,0.67000000,263.40000000,0.643
1749262544,0.67100000,1446.00000000,0.643
1749262544,0.67200000,32.90000000,0.643
1749262544,0.67300000,97.40000000,0.643
1749262544,0.67400000,2334.70000000,0.643
1749262544,0.67500000,22915.30000000,0.643
1749262544,0.67600000,1654.80000000,0.643
1749262544,0.67700000,1210.70000000,0.643
1749262544,0.67800000,15.80000000,0.643
1749262544,0.67900000,693.70000000,0.643
1749262544,0.68000000,35526.00000000,0.643
1749262544,0.68100000,96.00000000,0.643
1749262544,0.68200000,82.80000000,0.643
1749262544,0.68300000,1369.20000000,0.643
1749262544,0.68400000,47.90000000,0.643
1749262544,0.68500000,34.90000000,0.643
1749262544,0.68600000,1390.90000000,0.643
1749262544,0.68700000,15.80000000,0.643
1749262544,0.68800000,268.60000000,0.643
1749262544,0.68900000,31.20000000,0.643
1749262544,0.69000000,2562.20000000,0.643
1749262544,0.69100000,16.20000000,0.643
1749262544,0.69200000,431.90000000,0.643
1749262544,0.69300000,1475.80000000,0.643
1749262544,0.69400000,16.10000000,0.643
1749262544,0.69500000,813.90000000,0.643
1749262544,0.69600000,180.90000000,0.643
1749262544,0.69700000,16.00000000,0.643
1749262544,0.69800000,78.00000000,0.643
1749262544,0.69900000,35.80000000,0.643
1749262544,0.70000000,2427.60000000,0.643
1749262544,0.70100000,25.90000000,0.643
1749262544,0.70200000,31.80000000,0.643
1749262544,0.70300000,15.90000000,0.643
1749262544,0.70400000,878.60000000,0.643
1749262544,0.70500000,36961.50000000,0.643
1749262544,0.70600000,15.80000000,0.643
1749262544,0.70700000,3070.40000000,0.643
1749262544,0.70800000,310.70000000,0.643
1749262544,0.70900000,15.70000000,0.643
1749262544,0.71000000,1421.50000000,0.643
1749262544,0.71100000,1072.30000000,0.643
1749262544,0.71200000,35.10000000,0.643
1749262544,0.71300000,41.70000000,0.643
1749262544,0.71400000,64.90000000,0.643
1749262544,0.71500000,26828.80000000,0.643
1749262544,0.71600000,19.30000000,0.643
1749262544,0.71700000,22.00000000,0.643
1749262544,0.71800000,160.50000000,0.643
1749262544,0.71900000,1297.10000000,0.643
1749262544,0.72000000,209.30000000,0.643
1749262544,0.72200000,95.50000000,0.643
1749262544,0.72300000,22.10000000,0.643
1749262544,0.72400000,50.00000000,0.643
1749262544,0.72600000,28.50000000,0.643
1749262544,0.72700000,14.10000000,0.643
1749262544,0.72800000,19.00000000,0.643
1749262544,0.72900000,39.00000000,0.643
1749262544,0.73000000,11486.00000000,0.643
1749262544,0.73200000,411.50000000,0.643
1749262544,0.73300000,77.00000000,0.643
1749262544,0.73500000,37.20000000,0.643
1749262544,0.73600000,90.20000000,0.643
1749262544,0.73700000,204.20000000,0.643
1749262544,0.73800000,19.30000000,0.643
1749262544,0.74000000,818.20000000,0.643
1749262544,0.74100000,211.40000000,0.643
1749262544,0.74300000,18.40000000,0.643
1749262544,0.74400000,2786.70000000,0.643
1749262544,0.74500000,255.60000000,0.643
1749262544,0.74600000,8.60000000,0.643
1749262544,0.74700000,354.10000000,0.643
1749262544,0.74800000,19.20000000,0.643
1749262544,0.75000000,4053.60000000,0.643
1749262845,0.64400000,34540.80000000,0.643
1749262845,0.64500000,115552.40000000,0.643
1749262845,0.64600000,114497.30000000,0.643
1749262845,0.64700000,37068.70000000,0.643
1749262845,0.64800000,8045.00000000,0.643
1749262845,0.64900000,14233.20000000,0.643
1749262845,0.65000000,14637.10000000,0.643
1749262845,0.65100000,6108.70000000,0.643
1749262845,0.65200000,6856.30000000,0.643
1749262845,0.65300000,7918.80000000,0.643
1749262845,0.65400000,13562.90000000,0.643
1749262845,0.65500000,10906.40000000,0.643
1749262845,0.65600000,2500.00000000,0.643
1749262845,0.65700000,5211.00000000,0.643
1749262845,0.65800000,2535.50000000,0.643
1749262845,0.65900000,3246.40000000,0.643
1749262845,0.66000000,2596.10000000,0.643
1749262845,0.66100000,3246.40000000,0.643
1749262845,0.66200000,2496.80000000,0.643
1749262845,0.66300000,4036.20000000,0.643
1749262845,0.66400000,3999.30000000,0.643
1749262845,0.66500000,17229.50000000,0.643
1749262845,0.66600000,3289.00000000,0.643
1749262845,0.66700000,3316.00000000,0.643
1749262845,0.66800000,1567.70000000,0.643
1749262845,0.66900000,774.20000000,0.643
1749262845,0.67000000,263.40000000,0.643
1749262845,0.67100000,1446.00000000,0.643
1749262845,0.67200000,1400.70000000,0.643
1749262845,0.67300000,97.40000000,0.643
1749262845,0.67400000,966.90000000,0.643
1749262845,0.67500000,23064.90000000,0.643
1749262845,0.67600000,1520.10000000,0.643
1749262845,0.67700000,1210.70000000,0.643
1749262845,0.67800000,15.80000000,0.643
1749262845,0.67900000,693.70000000,0.643
1749262845,0.68000000,4381.90000000,0.643
1749262845,0.68100000,96.00000000,0.643
1749262845,0.68200000,82.80000000,0.643
1749262845,0.68300000,1369.20000000,0.643
1749262845,0.68400000,47.90000000,0.643
1749262845,0.68500000,34.90000000,0.643
1749262845,0.68600000,1390.90000000,0.643
1749262845,0.68700000,15.80000000,0.643
1749262845,0.68800000,268.60000000,0.643
1749262845,0.68900000,31.20000000,0.643
1749262845,0.69000000,3050.40000000,0.643
1749262845,0.69100000,16.20000000,0.643
1749262845,0.69200000,43.60000000,0.643
1749262845,0.69300000,1475.80000000,0.643
1749262845,0.69400000,16.10000000,0.643
1749262845,0.69500000,813.90000000,0.643
1749262845,0.69600000,180.90000000,0.643
1749262845,0.69700000,16.00000000,0.643
1749262845,0.69800000,78.00000000,0.643
1749262845,0.69900000,35.80000000,0.643
1749262845,0.70000000,2427.60000000,0.643
1749262845,0.70100000,25.90000000,0.643
1749262845,0.70200000,31.80000000,0.643
1749262845,0.70300000,15.90000000,0.643
1749262845,0.70400000,878.60000000,0.643
1749262845,0.70500000,36961.50000000,0.643
1749262845,0.70600000,15.80000000,0.643
1749262845,0.70700000,3070.40000000,0.643
1749262845,0.70800000,380.30000000,0.643
1749262845,0.70900000,15.70000000,0.643
1749262845,0.71000000,1351.90000000,0.643
1749262845,0.71100000,1072.30000000,0.643
1749262845,0.71200000,35.10000000,0.643
1749262845,0.71300000,41.70000000,0.643
1749262845,0.71400000,64.90000000,0.643
1749262845,0.71500000,26828.80000000,0.643
1749262845,0.71600000,19.30000000,0.643
1749262845,0.71700000,22.00000000,0.643
1749262845,0.71800000,160.50000000,0.643
1749262845,0.71900000,1297.10000000,0.643
1749262845,0.72000000,209.30000000,0.643
1749262845,0.72200000,95.50000000,0.643
1749262845,0.72300000,22.10000000,0.643
1749262845,0.72400000,50.00000000,0.643
1749262845,0.72600000,28.50000000,0.643
1749262845,0.72700000,14.10000000,0.643
1749262845,0.72800000,19.00000000,0.643
1749262845,0.72900000,39.00000000,0.643
1749262845,0.73000000,11486.00000000,0.643
1749262845,0.73200000,411.50000000,0.643
1749262845,0.73300000,77.00000000,0.643
1749262845,0.73500000,37.20000000,0.643
1749262845,0.73600000,90.20000000,0.643
1749262845,0.73700000,204.20000000,0.643
1749262845,0.73800000,19.30000000,0.643
1749262845,0.74000000,818.20000000,0.643
1749262845,0.74100000,211.40000000,0.643
1749262845,0.74300000,18.40000000,0.643
1749262845,0.74400000,2786.70000000,0.643
1749262845,0.74500000,255.60000000,0.643
1749262845,0.74600000,8.60000000,0.643
1749262845,0.74700000,354.10000000,0.643
1749262845,0.74800000,19.20000000,0.643
1749262845,0.75000000,4053.60000000,0.643
1749263147,0.64300000,4036.30000000,0.643
1749263147,0.64400000,95120.10000000,0.643
1749263147,0.64500000,135537.40000000,0.643
1749263147,0.64600000,58293.80000000,0.643
1749263147,0.64700000,30014.20000000,0.643
1749263147,0.64800000,7776.70000000,0.643
1749263147,0.64900000,14233.20000000,0.643
1749263147,0.65000000,14637.10000000,0.643
1749263147,0.65100000,6108.70000000,0.643
1749263147,0.65200000,6856.30000000,0.643
1749263147,0.65300000,7918.80000000,0.643
1749263147,0.65400000,13562.90000000,0.643
1749263147,0.65500000,8957.60000000,0.643
1749263147,0.65600000,2500.00000000,0.643
1749263147,0.65700000,3258.20000000,0.643
1749263147,0.65800000,2535.50000000,0.643
1749263147,0.65900000,5193.20000000,0.643
1749263147,0.66000000,2596.10000000,0.643
1749263147,0.66100000,3246.40000000,0.643
1749263147,0.66200000,2496.80000000,0.643
1749263147,0.66300000,4036.20000000,0.643
1749263147,0.66400000,4020.20000000,0.643
1749263147,0.66500000,17229.50000000,0.643
1749263147,0.66600000,3289.00000000,0.643
1749263147,0.66700000,2371.00000000,0.643
1749263147,0.66800000,1588.40000000,0.643
1749263147,0.66900000,774.20000000,0.643
1749263147,0.67000000,263.40000000,0.643
1749263147,0.67100000,1446.00000000,0.643
1749263147,0.67200000,1421.30000000,0.643
1749263147,0.67300000,97.40000000,0.643
1749263147,0.67400000,966.90000000,0.643
1749263147,0.67500000,23064.90000000,0.643
1749263147,0.67600000,1540.60000000,0.643
1749263147,0.67700000,1210.70000000,0.643
1749263147,0.67800000,15.80000000,0.643
1749263147,0.67900000,15.80000000,0.643
1749263147,0.68000000,4402.30000000,0.643
1749263147,0.68100000,96.00000000,0.643
1749263147,0.68200000,82.80000000,0.643
1749263147,0.68300000,1369.20000000,0.643
1749263147,0.68400000,68.20000000,0.643
1749263147,0.68500000,426.90000000,0.643
1749263147,0.68600000,1390.90000000,0.643
1749263147,0.68700000,15.80000000,0.643
1749263147,0.68800000,288.70000000,0.643
1749263147,0.68900000,31.20000000,0.643
1749263147,0.69000000,3050.40000000,0.643
1749263147,0.69100000,16.20000000,0.643
1749263147,0.69200000,63.60000000,0.643
1749263147,0.69300000,1475.80000000,0.643
1749263147,0.69400000,16.10000000,0.643
1749263147,0.69500000,813.90000000,0.643
1749263147,0.69600000,200.80000000,0.643
1749263147,0.69700000,16.00000000,0.643
1749263147,0.69800000,78.00000000,0.643
1749263147,0.69900000,35.80000000,0.643
1749263147,0.70000000,2427.60000000,0.643
1749263147,0.70100000,25.90000000,0.643
1749263147,0.70200000,31.80000000,0.643
1749263147,0.70300000,15.90000000,0.643
1749263147,0.70400000,1556.50000000,0.643
1749263147,0.70500000,36961.50000000,0.643
1749263147,0.70600000,15.80000000,0.643
1749263147,0.70700000,3140.00000000,0.643
1749263147,0.70800000,310.70000000,0.643
1749263147,0.70900000,15.70000000,0.643
1749263147,0.71000000,1371.80000000,0.643
1749263147,0.71100000,1072.30000000,0.643
1749263147,0.71200000,35.10000000,0.643
1749263147,0.71300000,41.70000000,0.643
1749263147,0.71400000,49.30000000,0.643
1749263147,0.71500000,26828.80000000,0.643
1749263147,0.71600000,19.30000000,0.643
1749263147,0.71700000,22.00000000,0.643
1749263147,0.71800000,160.50000000,0.643
1749263147,0.71900000,1297.10000000,0.643
1749263147,0.72000000,209.30000000,0.643
1749263147,0.72200000,95.50000000,0.643
1749263147,0.72300000,22.10000000,0.643
1749263147,0.72400000,50.00000000,0.643
1749263147,0.72600000,28.50000000,0.643
1749263147,0.72700000,14.10000000,0.643
1749263147,0.72800000,19.00000000,0.643
1749263147,0.72900000,39.00000000,0.643
1749263147,0.73000000,11486.00000000,0.643
1749263147,0.73200000,411.50000000,0.643
1749263147,0.73300000,77.00000000,0.643
1749263147,0.73500000,37.20000000,0.643
1749263147,0.73600000,90.20000000,0.643
1749263147,0.73700000,204.20000000,0.643
1749263147,0.73800000,19.30000000,0.643
1749263147,0.74000000,818.20000000,0.643
1749263147,0.74100000,211.40000000,0.643
1749263147,0.74300000,18.40000000,0.643
1749263147,0.74400000,2786.70000000,0.643
1749263147,0.74500000,255.60000000,0.643
1749263147,0.74600000,8.60000000,0.643
1749263147,0.74700000,354.10000000,0.643
1749263147,0.74800000,19.20000000,0.643
1749263453,0.64300000,9081.30000000,0.642
1749263453,0.64400000,121412.60000000,0.642
1749263453,0.64500000,116802.00000000,0.642
1749263453,0.64600000,41624.60000000,0.642
1749263453,0.64700000,31118.40000000,0.642
1749263453,0.64800000,7049.30000000,0.642
1749263453,0.64900000,14877.40000000,0.642
1749263453,0.65000000,4698.10000000,0.642
1749263453,0.65100000,6614.30000000,0.642
1749263453,0.65200000,17196.60000000,0.642
1749263453,0.65300000,11542.40000000,0.642
1749263453,0.65400000,13562.90000000,0.642
1749263453,0.65500000,8957.60000000,0.642
1749263453,0.65600000,4455.70000000,0.642
1749263453,0.65700000,3258.20000000,0.642
1749263453,0.65800000,2535.50000000,0.642
1749263453,0.65900000,3246.40000000,0.642
1749263453,0.66000000,2596.10000000,0.642
1749263453,0.66100000,3246.40000000,0.642
1749263453,0.66200000,2496.80000000,0.642
1749263453,0.66300000,4036.20000000,0.642
1749263453,0.66400000,4020.20000000,0.642
1749263453,0.66500000,17229.50000000,0.642
1749263453,0.66600000,3289.00000000,0.642
1749263453,0.66700000,3316.00000000,0.642
1749263453,0.66800000,2533.40000000,0.642
1749263453,0.66900000,1719.20000000,0.642
1749263453,0.67000000,1208.40000000,0.642
1749263453,0.67100000,1446.00000000,0.642
1749263453,0.67200000,1421.30000000,0.642
1749263453,0.67300000,97.40000000,0.642
1749263453,0.67400000,966.90000000,0.642
1749263453,0.67500000,22930.20000000,0.642
1749263453,0.67600000,1675.30000000,0.642
1749263453,0.67700000,1210.70000000,0.642
1749263453,0.67800000,15.80000000,0.642
1749263453,0.67900000,15.80000000,0.642
1749263453,0.68000000,4402.30000000,0.642
1749263453,0.68100000,96.00000000,0.642
1749263453,0.68200000,82.80000000,0.642
1749263453,0.68300000,1369.20000000,0.642
1749263453,0.68400000,68.20000000,0.642
1749263453,0.68500000,426.90000000,0.642
1749263453,0.68600000,1390.90000000,0.642
1749263453,0.68700000,15.80000000,0.642
1749263453,0.68800000,288.70000000,0.642
1749263453,0.68900000,31.20000000,0.642
1749263453,0.69000000,3050.40000000,0.642
1749263453,0.69100000,16.20000000,0.642
1749263453,0.69200000,63.60000000,0.642
1749263453,0.69300000,1475.80000000,0.642
1749263453,0.69400000,16.10000000,0.642
1749263453,0.69500000,813.90000000,0.642
1749263453,0.69600000,200.80000000,0.642
1749263453,0.69700000,16.00000000,0.642
1749263453,0.69800000,78.00000000,0.642
1749263453,0.69900000,35.80000000,0.642
1749263453,0.70000000,2427.60000000,0.642
1749263453,0.70100000,25.90000000,0.642
1749263453,0.70200000,31.80000000,0.642
1749263453,0.70300000,15.90000000,0.642
1749263453,0.70400000,1556.50000000,0.642
1749263453,0.70500000,36961.50000000,0.642
1749263453,0.70600000,15.80000000,0.642
1749263453,0.70700000,3070.40000000,0.642
1749263453,0.70800000,310.70000000,0.642
1749263453,0.70900000,15.70000000,0.642
1749263453,0.71000000,1441.40000000,0.642
1749263453,0.71100000,1072.30000000,0.642
1749263453,0.71200000,35.10000000,0.642
1749263453,0.71300000,41.70000000,0.642
1749263453,0.71400000,49.30000000,0.642
1749263453,0.71500000,26828.80000000,0.642
1749263453,0.71600000,19.30000000,0.642
1749263453,0.71700000,22.00000000,0.642
1749263453,0.71800000,160.50000000,0.642
1749263453,0.71900000,1297.10000000,0.642
1749263453,0.72000000,209.30000000,0.642
1749263453,0.72200000,95.50000000,0.642
1749263453,0.72300000,22.10000000,0.642
1749263453,0.72400000,50.00000000,0.642
1749263453,0.72600000,28.50000000,0.642
1749263453,0.72700000,14.10000000,0.642
1749263453,0.72800000,19.00000000,0.642
1749263453,0.72900000,39.00000000,0.642
1749263453,0.73000000,11486.00000000,0.642
1749263453,0.73200000,411.50000000,0.642
1749263453,0.73300000,77.00000000,0.642
1749263453,0.73500000,37.20000000,0.642
1749263453,0.73600000,90.20000000,0.642
1749263453,0.73700000,204.20000000,0.642
1749263453,0.73800000,19.30000000,0.642
1749263453,0.74000000,818.20000000,0.642
1749263453,0.74100000,211.40000000,0.642
1749263453,0.74300000,18.40000000,0.642
1749263453,0.74400000,2786.70000000,0.642
1749263453,0.74500000,255.60000000,0.642
1749263453,0.74600000,8.60000000,0.642
1749263453,0.74700000,354.10000000,0.642
1749263453,0.74800000,19.20000000,0.642
1749263754,0.64400000,7178.10000000,0.644
1749263754,0.64500000,94865.50000000,0.644
1749263754,0.64600000,126164.70000000,0.644
1749263754,0.64700000,49929.80000000,0.644
1749263754,0.64800000,28594.20000000,0.644
1749263754,0.64900000,15396.20000000,0.644
1749263754,0.65000000,6954.90000000,0.644
1749263754,0.65100000,6744.50000000,0.644
1749263754,0.65200000,17196.60000000,0.644
1749263754,0.65300000,11930.20000000,0.644
1749263754,0.65400000,12842.80000000,0.644
1749263754,0.65500000,8957.60000000,0.644
1749263754,0.65600000,5175.80000000,0.644
1749263754,0.65700000,3258.20000000,0.644
1749263754,0.65800000,2535.50000000,0.644
1749263754,0.65900000,3246.40000000,0.644
1749263754,0.66000000,2596.10000000,0.644
1749263754,0.66100000,3246.40000000,0.644
1749263754,0.66200000,2496.80000000,0.644
1749263754,0.66300000,3246.40000000,0.644
1749263754,0.66400000,4020.20000000,0.644
1749263754,0.66500000,18019.30000000,0.644
1749263754,0.66600000,3289.00000000,0.644
1749263754,0.66700000,3316.00000000,0.644
1749263754,0.66800000,2533.40000000,0.644
1749263754,0.66900000,1719.20000000,0.644
1749263754,0.67000000,1208.40000000,0.644
1749263754,0.67100000,1434.10000000,0.644
1749263754,0.67200000,53.50000000,0.644
1749263754,0.67300000,97.40000000,0.644
1749263754,0.67400000,2334.70000000,0.644
1749263754,0.67500000,22599.40000000,0.644
1749263754,0.67600000,1675.30000000,0.644
1749263754,0.67700000,1541.50000000,0.644
1749263754,0.67800000,15.80000000,0.644
1749263754,0.67900000,15.80000000,0.644
1749263754,0.68000000,4402.30000000,0.644
1749263754,0.68100000,96.00000000,0.644
1749263754,0.68200000,82.80000000,0.644
1749263754,0.68300000,1369.20000000,0.644
1749263754,0.68400000,53.60000000,0.644
1749263754,0.68500000,418.10000000,0.644
1749263754,0.68600000,1390.90000000,0.644
1749263754,0.68700000,15.80000000,0.644
1749263754,0.68800000,288.70000000,0.644
1749263754,0.68900000,31.20000000,0.644
1749263754,0.69000000,2662.10000000,0.644
1749263754,0.69100000,16.20000000,0.644
1749263754,0.69200000,440.30000000,0.644
1749263754,0.69300000,108.90000000,0.644
1749263754,0.69400000,16.10000000,0.644
1749263754,0.69500000,2180.80000000,0.644
1749263754,0.69600000,200.80000000,0.644
1749263754,0.69700000,16.00000000,0.644
1749263754,0.69800000,63.70000000,0.644
1749263754,0.69900000,35.80000000,0.644
1749263754,0.70000000,2427.60000000,0.644
1749263754,0.70100000,25.90000000,0.644
1749263754,0.70200000,31.80000000,0.644
1749263754,0.70300000,15.90000000,0.644
1749263754,0.70400000,1556.50000000,0.644
1749263754,0.70500000,36961.50000000,0.644
1749263754,0.70600000,15.80000000,0.644
1749263754,0.70700000,3070.40000000,0.644
1749263754,0.70800000,310.70000000,0.644
1749263754,0.70900000,15.70000000,0.644
1749263754,0.71000000,1441.40000000,0.644
1749263754,0.71100000,1072.30000000,0.644
1749263754,0.71200000,35.10000000,0.644
1749263754,0.71300000,41.70000000,0.644
1749263754,0.71400000,64.90000000,0.644
1749263754,0.71500000,26828.80000000,0.644
1749263754,0.71600000,19.30000000,0.644
1749263754,0.71700000,22.00000000,0.644
1749263754,0.71800000,160.50000000,0.644
1749263754,0.71900000,1297.10000000,0.644
1749263754,0.72000000,209.30000000,0.644
1749263754,0.72200000,95.50000000,0.644
1749263754,0.72300000,22.10000000,0.644
1749263754,0.72400000,50.00000000,0.644
1749263754,0.72600000,28.50000000,0.644
1749263754,0.72700000,14.10000000,0.644
1749263754,0.72800000,19.00000000,0.644
1749263754,0.72900000,39.00000000,0.644
1749263754,0.73000000,11486.00000000,0.644
1749263754,0.73200000,411.50000000,0.644
1749263754,0.73300000,77.00000000,0.644
1749263754,0.73500000,37.20000000,0.644
1749263754,0.73600000,90.20000000,0.644
1749263754,0.73700000,204.20000000,0.644
1749263754,0.73800000,19.30000000,0.644
1749263754,0.74000000,818.20000000,0.644
1749263754,0.74100000,211.40000000,0.644
1749263754,0.74300000,18.40000000,0.644
1749263754,0.74400000,2786.70000000,0.644
1749263754,0.74500000,255.60000000,0.644
1749263754,0.74600000,8.60000000,0.644
1749263754,0.74700000,354.10000000,0.644
1749263754,0.74800000,19.20000000,0.644
1749263754,0.75000000,34447.80000000,0.644
1749264056,0.64700000,44410.10000000,0.646
1749264056,0.64800000,118946.30000000,0.646
1749264056,0.64900000,100432.50000000,0.646
1749264056,0.65000000,37760.60000000,0.646
1749264056,0.65100000,15925.90000000,0.646
1749264056,0.65200000,19153.50000000,0.646
1749264056,0.65300000,14438.90000000,0.646
1749264056,0.65400000,16674.10000000,0.646
1749264056,0.65500000,8957.60000000,0.646
1749264056,0.65600000,2500.00000000,0.646
1749264056,0.65700000,3258.20000000,0.646
1749264056,0.65800000,5205.40000000,0.646
1749264056,0.65900000,3246.40000000,0.646
1749264056,0.66000000,2596.10000000,0.646
1749264056,0.66100000,3246.40000000,0.646
1749264056,0.66200000,2496.80000000,0.646
1749264056,0.66300000,3246.40000000,0.646
1749264056,0.66400000,4020.20000000,0.646
1749264056,0.66500000,17229.50000000,0.646
1749264056,0.66600000,3289.00000000,0.646
1749264056,0.66700000,4105.80000000,0.646
1749264056,0.66800000,2533.40000000,0.646
1749264056,0.66900000,1719.20000000,0.646
1749264056,0.67000000,1208.40000000,0.646
1749264056,0.67100000,2379.10000000,0.646
1749264056,0.67200000,53.50000000,0.646
1749264056,0.67300000,97.40000000,0.646
1749264056,0.67400000,1911.90000000,0.646
1749264056,0.67500000,22599.40000000,0.646
1749264056,0.67600000,2908.40000000,0.646
1749264056,0.67700000,1210.70000000,0.646
1749264056,0.67800000,15.80000000,0.646
1749264056,0.67900000,481.30000000,0.646
1749264056,0.68000000,1730.30000000,0.646
1749264056,0.68100000,96.00000000,0.646
1749264056,0.68200000,2754.80000000,0.646
1749264056,0.68300000,23.20000000,0.646
1749264056,0.68400000,53.60000000,0.646
1749264056,0.68500000,1764.10000000,0.646
1749264056,0.68600000,1390.90000000,0.646
1749264056,0.68700000,15.80000000,0.646
1749264056,0.68800000,288.70000000,0.646
1749264056,0.68900000,31.20000000,0.646
1749264056,0.69000000,2662.10000000,0.646
1749264056,0.69100000,16.20000000,0.646
1749264056,0.69200000,52.00000000,0.646
1749264056,0.69300000,108.90000000,0.646
1749264056,0.69400000,404.40000000,0.646
1749264056,0.69500000,2180.80000000,0.646
1749264056,0.69600000,200.80000000,0.646
1749264056,0.69700000,16.00000000,0.646
1749264056,0.69800000,63.70000000,0.646
1749264056,0.69900000,35.80000000,0.646
1749264056,0.70000000,2427.60000000,0.646
1749264056,0.70100000,25.90000000,0.646
1749264056,0.70200000,31.80000000,0.646
1749264056,0.70300000,15.90000000,0.646
1749264056,0.70400000,1191.90000000,0.646
1749264056,0.70500000,36961.50000000,0.646
1749264056,0.70600000,380.40000000,0.646
1749264056,0.70700000,3070.40000000,0.646
1749264056,0.70800000,310.70000000,0.646
1749264056,0.70900000,15.70000000,0.646
1749264056,0.71000000,1371.80000000,0.646
1749264056,0.71100000,1072.30000000,0.646
1749264056,0.71200000,104.70000000,0.646
1749264056,0.71300000,41.70000000,0.646
1749264056,0.71400000,64.90000000,0.646
1749264056,0.71500000,26844.40000000,0.646
1749264056,0.71600000,34.90000000,0.646
1749264056,0.71700000,37.50000000,0.646
1749264056,0.71800000,160.50000000,0.646
1749264056,0.71900000,1297.10000000,0.646
1749264056,0.72000000,209.30000000,0.646
1749264056,0.72200000,95.50000000,0.646
1749264056,0.72300000,22.10000000,0.646
1749264056,0.72400000,50.00000000,0.646
1749264056,0.72600000,28.50000000,0.646
1749264056,0.72700000,14.10000000,0.646
1749264056,0.72800000,19.00000000,0.646
1749264056,0.72900000,39.00000000,0.646
1749264056,0.73000000,11486.00000000,0.646
1749264056,0.73200000,411.50000000,0.646
1749264056,0.73300000,77.00000000,0.646
1749264056,0.73500000,37.20000000,0.646
1749264056,0.73600000,90.20000000,0.646
1749264056,0.73700000,204.20000000,0.646
1749264056,0.73800000,19.30000000,0.646
1749264056,0.74000000,818.20000000,0.646
1749264056,0.74100000,211.40000000,0.646
1749264056,0.74300000,18.40000000,0.646
1749264056,0.74400000,2786.70000000,0.646
1749264056,0.74500000,255.60000000,0.646
1749264056,0.74600000,8.60000000,0.646
1749264056,0.74700000,354.10000000,0.646
1749264056,0.74800000,19.20000000,0.646
1749264056,0.75000000,4053.60000000,0.646
1749264056,0.75100000,2528.50000000,0.646
1749264056,0.75200000,58.60000000,0.646
1749264056,0.75300000,6.70000000,0.646
1749264357,0.64500000,22512.80000000,0.645
1749264357,0.64600000,96779.00000000,0.645
1749264357,0.64700000,138232.50000000,0.645
1749264357,0.64800000,55772.80000000,0.645
1749264357,0.64900000,11060.50000000,0.645
1749264357,0.65000000,7758.30000000,0.645
1749264357,0.65100000,17305.50000000,0.645
1749264357,0.65200000,16644.80000000,0.645
1749264357,0.65300000,14058.90000000,0.645
1749264357,0.65400000,16122.30000000,0.645
1749264357,0.65500000,9677.70000000,0.645
1749264357,0.65600000,2500.00000000,0.645
1749264357,0.65700000,3258.20000000,0.645
1749264357,0.65800000,2535.50000000,0.645
1749264357,0.65900000,3246.40000000,0.645
1749264357,0.66000000,2596.10000000,0.645
1749264357,0.66100000,3246.40000000,0.645
1749264357,0.66200000,2496.80000000,0.645
1749264357,0.66300000,3246.40000000,0.645
1749264357,0.66400000,4810.00000000,0.645
1749264357,0.66500000,17229.50000000,0.645
1749264357,0.66600000,3289.00000000,0.645
1749264357,0.66700000,3316.00000000,0.645
1749264357,0.66800000,2533.40000000,0.645
1749264357,0.66900000,1719.20000000,0.645
1749264357,0.67000000,1208.40000000,0.645
1749264357,0.67100000,2379.10000000,0.645
1749264357,0.67200000,53.50000000,0.645
1749264357,0.67300000,1465.20000000,0.645
1749264357,0.67400000,966.90000000,0.645
1749264357,0.67500000,22599.40000000,0.645
1749264357,0.67600000,1871.40000000,0.645
1749264357,0.67700000,1345.40000000,0.645
1749264357,0.67800000,15.80000000,0.645
1749264357,0.67900000,15.80000000,0.645
1749264357,0.68000000,4402.30000000,0.645
1749264357,0.68100000,96.00000000,0.645
1749264357,0.68200000,82.80000000,0.645
1749264357,0.68300000,1369.20000000,0.645
1749264357,0.68400000,53.60000000,0.645
1749264357,0.68500000,418.10000000,0.645
1749264357,0.68600000,1390.90000000,0.645
1749264357,0.68700000,15.80000000,0.645
1749264357,0.68800000,288.70000000,0.645
1749264357,0.68900000,31.20000000,0.645
1749264357,0.69000000,2662.10000000,0.645
1749264357,0.69100000,16.20000000,0.645
1749264357,0.69200000,440.30000000,0.645
1749264357,0.69300000,1475.80000000,0.645
1749264357,0.69400000,16.10000000,0.645
1749264357,0.69500000,813.90000000,0.645
1749264357,0.69600000,200.80000000,0.645
1749264357,0.69700000,16.00000000,0.645
1749264357,0.69800000,63.70000000,0.645
1749264357,0.69900000,35.80000000,0.645
1749264357,0.70000000,2427.60000000,0.645
1749264357,0.70100000,25.90000000,0.645
1749264357,0.70200000,31.80000000,0.645
1749264357,0.70300000,15.90000000,0.645
1749264357,0.70400000,1556.50000000,0.645
1749264357,0.70500000,36961.50000000,0.645
1749264357,0.70600000,15.80000000,0.645
1749264357,0.70700000,3070.40000000,0.645
1749264357,0.70800000,310.70000000,0.645
1749264357,0.70900000,15.70000000,0.645
1749264357,0.71000000,1371.80000000,0.645
1749264357,0.71100000,1141.90000000,0.645
1749264357,0.71200000,35.10000000,0.645
1749264357,0.71300000,41.70000000,0.645
1749264357,0.71400000,64.90000000,0.645
1749264357,0.71500000,26844.40000000,0.645
1749264357,0.71600000,19.30000000,0.645
1749264357,0.71700000,22.00000000,0.645
1749264357,0.71800000,160.50000000,0.645
1749264357,0.71900000,1297.10000000,0.645
1749264357,0.72000000,209.30000000,0.645
1749264357,0.72200000,95.50000000,0.645
1749264357,0.72300000,22.10000000,0.645
1749264357,0.72400000,50.00000000,0.645
1749264357,0.72600000,28.50000000,0.645
1749264357,0.72700000,14.10000000,0.645
1749264357,0.72800000,19.00000000,0.645
1749264357,0.72900000,39.00000000,0.645
1749264357,0.73000000,11486.00000000,0.645
1749264357,0.73200000,411.50000000,0.645
1749264357,0.73300000,77.00000000,0.645
1749264357,0.73500000,37.20000000,0.645
1749264357,0.73600000,90.20000000,0.645
1749264357,0.73700000,204.20000000,0.645
1749264357,0.73800000,19.30000000,0.645
1749264357,0.74000000,818.20000000,0.645
1749264357,0.74100000,211.40000000,0.645
1749264357,0.74300000,18.40000000,0.645
1749264357,0.74400000,2786.70000000,0.645
1749264357,0.74500000,255.60000000,0.645
1749264357,0.74600000,8.60000000,0.645
1749264357,0.74700000,354.10000000,0.645
1749264357,0.74800000,19.20000000,0.645
1749264357,0.75000000,4053.60000000,0.645
1749264357,0.75100000,2528.50000000,0.645
1749264659,0.64500000,14272.30000000,0.644
1749264659,0.64600000,106874.40000000,0.644
1749264659,0.64700000,112264.00000000,0.644
1749264659,0.64800000,62150.30000000,0.644
1749264659,0.64900000,32982.20000000,0.644
1749264659,0.65000000,8653.10000000,0.644
1749264659,0.65100000,14852.80000000,0.644
1749264659,0.65200000,16644.80000000,0.644
1749264659,0.65300000,11542.40000000,0.644
1749264659,0.65400000,16674.10000000,0.644
1749264659,0.65500000,11219.30000000,0.644
1749264659,0.65600000,4455.70000000,0.644
1749264659,0.65700000,3258.20000000,0.644
1749264659,0.65800000,2535.50000000,0.644
1749264659,0.65900000,3246.40000000,0.644
1749264659,0.66000000,2596.10000000,0.644
1749264659,0.66100000,3246.40000000,0.644
1749264659,0.66200000,2496.80000000,0.644
1749264659,0.66300000,3246.40000000,0.644
1749264659,0.66400000,4810.00000000,0.644
1749264659,0.66500000,17229.50000000,0.644
1749264659,0.66600000,3289.00000000,0.644
1749264659,0.66700000,3316.00000000,0.644
1749264659,0.66800000,2533.40000000,0.644
1749264659,0.66900000,1719.20000000,0.644
1749264659,0.67000000,1208.40000000,0.644
1749264659,0.67100000,2365.70000000,0.644
1749264659,0.67200000,53.50000000,0.644
1749264659,0.67300000,1465.20000000,0.644
1749264659,0.67400000,966.90000000,0.644
1749264659,0.67500000,22599.40000000,0.644
1749264659,0.67600000,1871.40000000,0.644
1749264659,0.67700000,1345.40000000,0.644
1749264659,0.67800000,15.80000000,0.644
1749264659,0.67900000,15.80000000,0.644
1749264659,0.68000000,4402.30000000,0.644
1749264659,0.68100000,96.00000000,0.644
1749264659,0.68200000,82.80000000,0.644
1749264659,0.68300000,23.20000000,0.644
1749264659,0.68400000,36.10000000,0.644
1749264659,0.68500000,1764.10000000,0.644
1749264659,0.68600000,1390.90000000,0.644
1749264659,0.68700000,15.80000000,0.644
1749264659,0.68800000,288.70000000,0.644
1749264659,0.68900000,31.20000000,0.644
1749264659,0.69000000,2662.10000000,0.644
1749264659,0.69100000,16.20000000,0.644
1749264659,0.69200000,440.30000000,0.644
1749264659,0.69300000,94.50000000,0.644
1749264659,0.69400000,16.10000000,0.644
1749264659,0.69500000,2180.80000000,0.644
1749264659,0.69600000,200.80000000,0.644
1749264659,0.69700000,16.00000000,0.644
1749264659,0.69800000,63.70000000,0.644
1749264659,0.69900000,35.80000000,0.644
1749264659,0.70000000,2427.60000000,0.644
1749264659,0.70100000,25.90000000,0.644
1749264659,0.70200000,31.80000000,0.644
1749264659,0.70300000,15.90000000,0.644
1749264659,0.70400000,1556.50000000,0.644
1749264659,0.70500000,36961.50000000,0.644
1749264659,0.70600000,15.80000000,0.644
1749264659,0.70700000,3070.40000000,0.644
1749264659,0.70800000,310.70000000,0.644
1749264659,0.70900000,15.70000000,0.644
1749264659,0.71000000,1441.40000000,0.644
1749264659,0.71100000,1072.30000000,0.644
1749264659,0.71200000,35.10000000,0.644
1749264659,0.71300000,41.70000000,0.644
1749264659,0.71400000,64.90000000,0.644
1749264659,0.71500000,26844.40000000,0.644
1749264659,0.71600000,19.30000000,0.644
1749264659,0.71700000,22.00000000,0.644
1749264659,0.71800000,160.50000000,0.644
1749264659,0.71900000,1297.10000000,0.644
1749264659,0.72000000,209.30000000,0.644
1749264659,0.72200000,95.50000000,0.644
1749264659,0.72300000,22.10000000,0.644
1749264659,0.72400000,50.00000000,0.644
1749264659,0.72600000,28.50000000,0.644
1749264659,0.72700000,14.10000000,0.644
1749264659,0.72800000,19.00000000,0.644
1749264659,0.72900000,39.00000000,0.644
1749264659,0.73000000,11486.00000000,0.644
1749264659,0.73200000,411.50000000,0.644
1749264659,0.73300000,77.00000000,0.644
1749264659,0.73500000,37.20000000,0.644
1749264659,0.73600000,90.20000000,0.644
1749264659,0.73700000,204.20000000,0.644
1749264659,0.73800000,19.30000000,0.644
1749264659,0.74000000,818.20000000,0.644
1749264659,0.74100000,211.40000000,0.644
1749264659,0.74300000,18.40000000,0.644
1749264659,0.74400000,2786.70000000,0.644
1749264659,0.74500000,255.60000000,0.644
1749264659,0.74600000,8.60000000,0.644
1749264659,0.74700000,354.10000000,0.644
1749264659,0.74800000,19.20000000,0.644
1749264659,0.75000000,4053.60000000,0.644
1749264659,0.75100000,2528.50000000,0.644
1749264960,0.64800000,13242.00000000,0.647
1749264960,0.64900000,126423.60000000,0.647
1749264960,0.65000000,96303.70000000,0.647
1749264960,0.65100000,46483.30000000,0.647
1749264960,0.65200000,31357.10000000,0.647
1749264960,0.65300000,16901.10000000,0.647
1749264960,0.65400000,19518.60000000,0.647
1749264960,0.65500000,15665.10000000,0.647
1749264960,0.65600000,6541.00000000,0.647
1749264960,0.65700000,8890.20000000,0.647
1749264960,0.65800000,7196.00000000,0.647
1749264960,0.65900000,3978.10000000,0.647
1749264960,0.66000000,2596.10000000,0.647
1749264960,0.66100000,3246.40000000,0.647
1749264960,0.66200000,2496.80000000,0.647
1749264960,0.66300000,3246.40000000,0.647
1749264960,0.66400000,5952.40000000,0.647
1749264960,0.66500000,17229.50000000,0.647
1749264960,0.66600000,4078.80000000,0.647
1749264960,0.66700000,3316.00000000,0.647
1749264960,0.66800000,2533.40000000,0.647
1749264960,0.66900000,1730.80000000,0.647
1749264960,0.67000000,1208.40000000,0.647
1749264960,0.67100000,2365.70000000,0.647
1749264960,0.67200000,53.50000000,0.647
1749264960,0.67300000,97.40000000,0.647
1749264960,0.67400000,1911.90000000,0.647
1749264960,0.67500000,22599.40000000,0.647
1749264960,0.67600000,1540.60000000,0.647
1749264960,0.67700000,2578.50000000,0.647
1749264960,0.67800000,15.80000000,0.647
1749264960,0.67900000,15.80000000,0.647
1749264960,0.68000000,2061.10000000,0.647
1749264960,0.68100000,96.00000000,0.647
1749264960,0.68200000,2754.80000000,0.647
1749264960,0.68300000,23.20000000,0.647
1749264960,0.68400000,36.10000000,0.647
1749264960,0.68500000,418.10000000,0.647
1749264960,0.68600000,1390.90000000,0.647
1749264960,0.68700000,1361.80000000,0.647
1749264960,0.68800000,288.70000000,0.647
1749264960,0.68900000,31.20000000,0.647
1749264960,0.69000000,2662.10000000,0.647
1749264960,0.69100000,16.20000000,0.647
1749264960,0.69200000,157.60000000,0.647
1749264960,0.69300000,94.50000000,0.647
1749264960,0.69400000,404.40000000,0.647
1749264960,0.69500000,813.90000000,0.647
1749264960,0.69600000,200.80000000,0.647
1749264960,0.69700000,1382.90000000,0.647
1749264960,0.69800000,63.70000000,0.647
1749264960,0.69900000,35.80000000,0.647
1749264960,0.70000000,2427.60000000,0.647
1749264960,0.70100000,25.90000000,0.647
1749264960,0.70200000,31.80000000,0.647
1749264960,0.70300000,15.90000000,0.647
1749264960,0.70400000,1191.90000000,0.647
1749264960,0.70500000,36961.50000000,0.647
1749264960,0.70600000,380.40000000,0.647
1749264960,0.70700000,3070.40000000,0.647
1749264960,0.70800000,310.70000000,0.647
1749264960,0.70900000,15.70000000,0.647
1749264960,0.71000000,1371.80000000,0.647
1749264960,0.71100000,1072.30000000,0.647
1749264960,0.71200000,35.10000000,0.647
1749264960,0.71300000,41.70000000,0.647
1749264960,0.71400000,134.50000000,0.647
1749264960,0.71500000,26844.40000000,0.647
1749264960,0.71600000,34.90000000,0.647
1749264960,0.71700000,37.50000000,0.647
1749264960,0.71800000,176.00000000,0.647
1749264960,0.71900000,1297.10000000,0.647
1749264960,0.72000000,209.30000000,0.647
1749264960,0.72200000,95.50000000,0.647
1749264960,0.72300000,22.10000000,0.647
1749264960,0.72400000,50.00000000,0.647
1749264960,0.72600000,28.50000000,0.647
1749264960,0.72700000,14.10000000,0.647
1749264960,0.72800000,19.00000000,0.647
1749264960,0.72900000,39.00000000,0.647
1749264960,0.73000000,11486.00000000,0.647
1749264960,0.73200000,411.50000000,0.647
1749264960,0.73300000,77.00000000,0.647
1749264960,0.73500000,37.20000000,0.647
1749264960,0.73600000,90.20000000,0.647
1749264960,0.73700000,311.40000000,0.647
1749264960,0.73800000,19.30000000,0.647
1749264960,0.74000000,818.20000000,0.647
1749264960,0.74100000,211.40000000,0.647
1749264960,0.74300000,18.40000000,0.647
1749264960,0.74400000,2786.70000000,0.647
1749264960,0.74500000,255.60000000,0.647
1749264960,0.74600000,8.60000000,0.647
1749264960,0.74700000,354.10000000,0.647
1749264960,0.74800000,19.20000000,0.647
1749264960,0.75000000,4053.60000000,0.647
1749264960,0.75100000,2528.50000000,0.647
1749264960,0.75200000,58.60000000,0.647
1749264960,0.75300000,6.70000000,0.647
1749264960,0.75400000,18.40000000,0.647
1749265262,0.64600000,4540.10000000,0.646
1749265262,0.64700000,84379.60000000,0.646
1749265262,0.64800000,119759.50000000,0.646
1749265262,0.64900000,77255.10000000,0.646
1749265262,0.65000000,14492.00000000,0.646
1749265262,0.65100000,35178.00000000,0.646
1749265262,0.65200000,9682.00000000,0.646
1749265262,0.65300000,13802.30000000,0.646
1749265262,0.65400000,16122.30000000,0.646
1749265262,0.65500000,15672.80000000,0.646
1749265262,0.65600000,6541.00000000,0.646
1749265262,0.65700000,9610.30000000,0.646
1749265262,0.65800000,7196.00000000,0.646
1749265262,0.65900000,3258.00000000,0.646
1749265262,0.66000000,2596.10000000,0.646
1749265262,0.66100000,3246.40000000,0.646
1749265262,0.66200000,4434.80000000,0.646
1749265262,0.66300000,3246.40000000,0.646
1749265262,0.66400000,4020.20000000,0.646
1749265262,0.66500000,17229.50000000,0.646
1749265262,0.66600000,4078.80000000,0.646
1749265262,0.66700000,3316.00000000,0.646
1749265262,0.66800000,2533.40000000,0.646
1749265262,0.66900000,1730.80000000,0.646
1749265262,0.67000000,1208.40000000,0.646
1749265262,0.67100000,1420.70000000,0.646
1749265262,0.67200000,53.50000000,0.646
1749265262,0.67300000,97.40000000,0.646
1749265262,0.67400000,966.90000000,0.646
1749265262,0.67500000,23967.20000000,0.646
1749265262,0.67600000,1540.60000000,0.646
1749265262,0.67700000,1210.70000000,0.646
1749265262,0.67800000,346.60000000,0.646
1749265262,0.67900000,15.80000000,0.646
1749265262,0.68000000,1865.00000000,0.646
1749265262,0.68100000,96.00000000,0.646
1749265262,0.68200000,2754.80000000,0.646
1749265262,0.68300000,23.20000000,0.646
1749265262,0.68400000,36.10000000,0.646
1749265262,0.68500000,1764.10000000,0.646
1749265262,0.68600000,1390.90000000,0.646
1749265262,0.68700000,15.80000000,0.646
1749265262,0.68800000,288.70000000,0.646
1749265262,0.68900000,31.20000000,0.646
1749265262,0.69000000,2662.10000000,0.646
1749265262,0.69100000,16.20000000,0.646
1749265262,0.69200000,157.60000000,0.646
1749265262,0.69300000,94.50000000,0.646
1749265262,0.69400000,404.40000000,0.646
1749265262,0.69500000,813.90000000,0.646
1749265262,0.69600000,200.80000000,0.646
1749265262,0.69700000,1382.90000000,0.646
1749265262,0.69800000,63.70000000,0.646
1749265262,0.69900000,35.80000000,0.646
1749265262,0.70000000,2427.60000000,0.646
1749265262,0.70100000,25.90000000,0.646
1749265262,0.70200000,31.80000000,0.646
1749265262,0.70300000,15.90000000,0.646
1749265262,0.70400000,1191.90000000,0.646
1749265262,0.70500000,36961.50000000,0.646
1749265262,0.70600000,380.40000000,0.646
1749265262,0.70700000,3070.40000000,0.646
1749265262,0.70800000,310.70000000,0.646
1749265262,0.70900000,15.70000000,0.646
1749265262,0.71000000,1364.10000000,0.646
1749265262,0.71100000,1072.30000000,0.646
1749265262,0.71200000,35.10000000,0.646
1749265262,0.71300000,111.30000000,0.646
1749265262,0.71400000,64.90000000,0.646
1749265262,0.71500000,26844.40000000,0.646
1749265262,0.71600000,34.90000000,0.646
1749265262,0.71700000,22.00000000,0.646
1749265262,0.71800000,160.50000000,0.646
1749265262,0.71900000,1297.10000000,0.646
1749265262,0.72000000,209.30000000,0.646
1749265262,0.72200000,95.50000000,0.646
1749265262,0.72300000,22.10000000,0.646
1749265262,0.72400000,50.00000000,0.646
1749265262,0.72600000,28.50000000,0.646
1749265262,0.72700000,14.10000000,0.646
1749265262,0.72800000,19.00000000,0.646
1749265262,0.72900000,39.00000000,0.646
1749265262,0.73000000,11486.00000000,0.646
1749265262,0.73200000,411.50000000,0.646
1749265262,0.73300000,77.00000000,0.646
1749265262,0.73500000,37.20000000,0.646
1749265262,0.73600000,90.20000000,0.646
1749265262,0.73700000,311.40000000,0.646
1749265262,0.73800000,19.30000000,0.646
1749265262,0.74000000,818.20000000,0.646
1749265262,0.74100000,211.40000000,0.646
1749265262,0.74300000,18.40000000,0.646
1749265262,0.74400000,2786.70000000,0.646
1749265262,0.74500000,255.60000000,0.646
1749265262,0.74600000,8.60000000,0.646
1749265262,0.74700000,354.10000000,0.646
1749265262,0.74800000,19.20000000,0.646
1749265262,0.75000000,4053.60000000,0.646
1749265262,0.75100000,2528.50000000,0.646
1749265262,0.75200000,58.60000000,0.646
1749265563,0.64800000,2622.00000000,0.648
1749265563,0.64900000,83936.60000000,0.648
1749265563,0.65000000,130578.60000000,0.648
1749265563,0.65100000,80643.50000000,0.648
1749265563,0.65200000,35551.70000000,0.648
1749265563,0.65300000,17017.50000000,0.648
1749265563,0.65400000,17586.40000000,0.648
1749265563,0.65500000,15672.80000000,0.648
1749265563,0.65600000,6541.00000000,0.648
1749265563,0.65700000,12098.50000000,0.648
1749265563,0.65800000,7196.00000000,0.648
1749265563,0.65900000,3978.10000000,0.648
1749265563,0.66000000,2607.70000000,0.648
1749265563,0.66100000,3246.40000000,0.648
1749265563,0.66200000,4434.80000000,0.648
1749265563,0.66300000,3246.40000000,0.648
1749265563,0.66400000,4020.20000000,0.648
1749265563,0.66500000,17229.50000000,0.648
1749265563,0.66600000,4078.80000000,0.648
1749265563,0.66700000,3316.00000000,0.648
1749265563,0.66800000,2533.40000000,0.648
1749265563,0.66900000,1730.80000000,0.648
1749265563,0.67000000,1220.00000000,0.648
1749265563,0.67100000,2365.70000000,0.648
1749265563,0.67200000,53.50000000,0.648
1749265563,0.67300000,97.40000000,0.648
1749265563,0.67400000,1911.90000000,0.648
1749265563,0.67500000,23544.40000000,0.648
1749265563,0.67600000,2485.60000000,0.648
1749265563,0.67700000,2578.50000000,0.648
1749265563,0.67800000,15.80000000,0.648
1749265563,0.67900000,15.80000000,0.648
1749265563,0.68000000,2061.10000000,0.648
1749265563,0.68100000,230.70000000,0.648
1749265563,0.68200000,82.80000000,0.648
1749265563,0.68300000,23.20000000,0.648
1749265563,0.68400000,2708.10000000,0.648
1749265563,0.68500000,418.10000000,0.648
1749265563,0.68600000,1390.90000000,0.648
1749265563,0.68700000,1361.80000000,0.648
1749265563,0.68800000,288.70000000,0.648
1749265563,0.68900000,31.20000000,0.648
1749265563,0.69000000,2662.10000000,0.648
1749265563,0.69100000,16.20000000,0.648
1749265563,0.69200000,157.60000000,0.648
1749265563,0.69300000,94.50000000,0.648
1749265563,0.69400000,404.40000000,0.648
1749265563,0.69500000,813.90000000,0.648
1749265563,0.69600000,200.80000000,0.648
1749265563,0.69700000,1382.90000000,0.648
1749265563,0.69800000,63.70000000,0.648
1749265563,0.69900000,35.80000000,0.648
1749265563,0.70000000,2427.60000000,0.648
1749265563,0.70100000,25.90000000,0.648
1749265563,0.70200000,31.80000000,0.648
1749265563,0.70300000,15.90000000,0.648
1749265563,0.70400000,1191.90000000,0.648
1749265563,0.70500000,36961.50000000,0.648
1749265563,0.70600000,15.80000000,0.648
1749265563,0.70700000,3070.40000000,0.648
1749265563,0.70800000,675.30000000,0.648
1749265563,0.70900000,15.70000000,0.648
1749265563,0.71000000,1364.10000000,0.648
1749265563,0.71100000,1072.30000000,0.648
1749265563,0.71200000,104.70000000,0.648
1749265563,0.71300000,41.70000000,0.648
1749265563,0.71400000,64.90000000,0.648
1749265563,0.71500000,26844.40000000,0.648
1749265563,0.71600000,34.90000000,0.648
1749265563,0.71700000,37.50000000,0.648
1749265563,0.71800000,176.00000000,0.648
1749265563,0.71900000,1297.10000000,0.648
1749265563,0.72000000,209.30000000,0.648
1749265563,0.72200000,95.50000000,0.648
1749265563,0.72300000,22.10000000,0.648
1749265563,0.72400000,50.00000000,0.648
1749265563,0.72600000,28.50000000,0.648
1749265563,0.72700000,14.10000000,0.648
1749265563,0.72800000,19.00000000,0.648
1749265563,0.72900000,39.00000000,0.648
1749265563,0.73000000,11486.00000000,0.648
1749265563,0.73200000,411.50000000,0.648
1749265563,0.73300000,77.00000000,0.648
1749265563,0.73500000,37.20000000,0.648
1749265563,0.73600000,90.20000000,0.648
1749265563,0.73700000,311.40000000,0.648
1749265563,0.73800000,19.30000000,0.648
1749265563,0.74000000,818.20000000,0.648
1749265563,0.74100000,211.40000000,0.648
1749265563,0.74300000,18.40000000,0.648
1749265563,0.74400000,2786.70000000,0.648
1749265563,0.74500000,255.60000000,0.648
1749265563,0.74600000,8.60000000,0.648
1749265563,0.74700000,354.10000000,0.648
1749265563,0.74800000,19.20000000,0.648
1749265563,0.75000000,4053.60000000,0.648
1749265563,0.75100000,2528.50000000,0.648
1749265563,0.75200000,58.60000000,0.648
1749265563,0.75300000,6.70000000,0.648
1749265563,0.75400000,18.40000000,0.648
1749265865,0.64800000,70931.20000000,0.648
1749265865,0.64900000,175465.20000000,0.648
1749265865,0.65000000,66841.00000000,0.648
1749265865,0.65100000,44168.50000000,0.648
1749265865,0.65200000,9270.50000000,0.648
1749265865,0.65300000,18599.10000000,0.648
1749265865,0.65400000,17288.90000000,0.648
1749265865,0.65500000,15672.80000000,0.648
1749265865,0.65600000,6541.00000000,0.648
1749265865,0.65700000,11168.10000000,0.648
1749265865,0.65800000,7196.00000000,0.648
1749265865,0.65900000,3258.00000000,0.648
1749265865,0.66000000,4551.60000000,0.648
1749265865,0.66100000,3246.40000000,0.648
1749265865,0.66200000,2496.80000000,0.648
1749265865,0.66300000,3246.40000000,0.648
1749265865,0.66400000,4020.20000000,0.648
1749265865,0.66500000,17229.50000000,0.648
1749265865,0.66600000,4078.80000000,0.648
1749265865,0.66700000,3316.00000000,0.648
1749265865,0.66800000,2533.40000000,0.648
1749265865,0.66900000,1730.80000000,0.648
1749265865,0.67000000,1220.00000000,0.648
1749265865,0.67100000,2365.70000000,0.648
1749265865,0.67200000,53.50000000,0.648
1749265865,0.67300000,97.40000000,0.648
1749265865,0.67400000,1911.90000000,0.648
1749265865,0.67500000,24912.20000000,0.648
1749265865,0.67600000,2485.60000000,0.648
1749265865,0.67700000,1210.70000000,0.648
1749265865,0.67800000,346.60000000,0.648
1749265865,0.67900000,15.80000000,0.648
1749265865,0.68000000,1879.70000000,0.648
1749265865,0.68100000,96.00000000,0.648
1749265865,0.68200000,2740.10000000,0.648
1749265865,0.68300000,23.20000000,0.648
1749265865,0.68400000,36.10000000,0.648
1749265865,0.68500000,418.10000000,0.648
1749265865,0.68600000,1390.90000000,0.648
1749265865,0.68700000,1361.80000000,0.648
1749265865,0.68800000,288.70000000,0.648
1749265865,0.68900000,31.20000000,0.648
1749265865,0.69000000,2662.10000000,0.648
1749265865,0.69100000,16.20000000,0.648
1749265865,0.69200000,157.60000000,0.648
1749265865,0.69300000,94.50000000,0.648
1749265865,0.69400000,404.40000000,0.648
1749265865,0.69500000,813.90000000,0.648
1749265865,0.69600000,200.80000000,0.648
1749265865,0.69700000,1382.90000000,0.648
1749265865,0.69800000,63.70000000,0.648
1749265865,0.69900000,35.80000000,0.648
1749265865,0.70000000,2427.60000000,0.648
1749265865,0.70100000,25.90000000,0.648
1749265865,0.70200000,31.80000000,0.648
1749265865,0.70300000,15.90000000,0.648
1749265865,0.70400000,983.40000000,0.648
1749265865,0.70500000,36961.50000000,0.648
1749265865,0.70600000,380.40000000,0.648
1749265865,0.70700000,3070.40000000,0.648
1749265865,0.70800000,310.70000000,0.648
1749265865,0.70900000,15.70000000,0.648
1749265865,0.71000000,1364.10000000,0.648
1749265865,0.71100000,1072.30000000,0.648
1749265865,0.71200000,35.10000000,0.648
1749265865,0.71300000,111.30000000,0.648
1749265865,0.71400000,64.90000000,0.648
1749265865,0.71500000,26844.40000000,0.648
1749265865,0.71600000,34.90000000,0.648
1749265865,0.71700000,37.50000000,0.648
1749265865,0.71800000,176.00000000,0.648
1749265865,0.71900000,1297.10000000,0.648
1749265865,0.72000000,209.30000000,0.648
1749265865,0.72200000,95.50000000,0.648
1749265865,0.72300000,22.10000000,0.648
1749265865,0.72400000,50.00000000,0.648
1749265865,0.72600000,28.50000000,0.648
1749265865,0.72700000,14.10000000,0.648
1749265865,0.72800000,19.00000000,0.648
1749265865,0.72900000,39.00000000,0.648
1749265865,0.73000000,11486.00000000,0.648
1749265865,0.73200000,411.50000000,0.648
1749265865,0.73300000,77.00000000,0.648
1749265865,0.73500000,37.20000000,0.648
1749265865,0.73600000,90.20000000,0.648
1749265865,0.73700000,311.40000000,0.648
1749265865,0.73800000,19.30000000,0.648
1749265865,0.74000000,818.20000000,0.648
1749265865,0.74100000,211.40000000,0.648
1749265865,0.74300000,18.40000000,0.648
1749265865,0.74400000,2786.70000000,0.648
1749265865,0.74500000,255.60000000,0.648
1749265865,0.74600000,8.60000000,0.648
1749265865,0.74700000,354.10000000,0.648
1749265865,0.74800000,19.20000000,0.648
1749265865,0.75000000,4053.60000000,0.648
1749265865,0.75100000,2528.50000000,0.648
1749265865,0.75200000,58.60000000,0.648
1749265865,0.75300000,6.70000000,0.648
1749265865,0.75400000,18.40000000,0.648
1749266166,0.65200000,3542.00000000,0.651
1749266166,0.65300000,85848.80000000,0.651
1749266166,0.65400000,103929.90000000,0.651
1749266166,0.65500000,50671.20000000,0.651
1749266166,0.65600000,35467.70000000,0.651
1749266166,0.65700000,20525.70000000,0.651
1749266166,0.65800000,10910.30000000,0.651
1749266166,0.65900000,6793.40000000,0.651
1749266166,0.66000000,15009.20000000,0.651
1749266166,0.66100000,8638.40000000,0.651
1749266166,0.66200000,2508.40000000,0.651
1749266166,0.66300000,8926.30000000,0.651
1749266166,0.66400000,5952.40000000,0.651
1749266166,0.66500000,17229.50000000,0.651
1749266166,0.66600000,3289.00000000,0.651
1749266166,0.66700000,3316.00000000,0.651
1749266166,0.66800000,3303.60000000,0.651
1749266166,0.66900000,1730.80000000,0.651
1749266166,0.67000000,2768.00000000,0.651
1749266166,0.67100000,2377.30000000,0.651
1749266166,0.67200000,823.30000000,0.651
1749266166,0.67300000,109.00000000,0.651
1749266166,0.67400000,1911.90000000,0.651
1749266166,0.67500000,23544.40000000,0.651
1749266166,0.67600000,2485.60000000,0.651
1749266166,0.67700000,2155.70000000,0.651
1749266166,0.67800000,15.80000000,0.651
1749266166,0.67900000,2328.60000000,0.651
1749266166,0.68000000,2690.00000000,0.651
1749266166,0.68100000,96.00000000,0.651
1749266166,0.68200000,1358.60000000,0.651
1749266166,0.68300000,23.20000000,0.651
1749266166,0.68400000,170.80000000,0.651
1749266166,0.68500000,418.10000000,0.651
1749266166,0.68600000,4062.90000000,0.651
1749266166,0.68700000,15.80000000,0.651
1749266166,0.68800000,288.70000000,0.651
1749266166,0.68900000,1377.20000000,0.651
1749266166,0.69000000,2662.10000000,0.651
1749266166,0.69100000,16.20000000,0.651
1749266166,0.69200000,157.60000000,0.651
1749266166,0.69300000,94.50000000,0.651
1749266166,0.69400000,16.10000000,0.651
1749266166,0.69500000,813.90000000,0.651
1749266166,0.69600000,200.80000000,0.651
1749266166,0.69700000,16.00000000,0.651
1749266166,0.69800000,452.00000000,0.651
1749266166,0.69900000,1402.70000000,0.651
1749266166,0.70000000,2413.80000000,0.651
1749266166,0.70100000,25.90000000,0.651
1749266166,0.70200000,31.80000000,0.651
1749266166,0.70300000,15.90000000,0.651
1749266166,0.70400000,983.40000000,0.651
1749266166,0.70500000,36961.50000000,0.651
1749266166,0.70600000,15.80000000,0.651
1749266166,0.70700000,3070.40000000,0.651
1749266166,0.70800000,310.70000000,0.651
1749266166,0.70900000,15.70000000,0.651
1749266166,0.71000000,1634.10000000,0.651
1749266166,0.71100000,1072.30000000,0.651
1749266166,0.71200000,35.10000000,0.651
1749266166,0.71300000,41.70000000,0.651
1749266166,0.71400000,64.90000000,0.651
1749266166,0.71500000,26844.40000000,0.651
1749266166,0.71600000,104.50000000,0.651
1749266166,0.71700000,37.50000000,0.651
1749266166,0.71800000,176.00000000,0.651
1749266166,0.71900000,1312.60000000,0.651
1749266166,0.72000000,224.80000000,0.651
1749266166,0.72100000,15.50000000,0.651
1749266166,0.72200000,110.90000000,0.651
1749266166,0.72300000,22.10000000,0.651
1749266166,0.72400000,50.00000000,0.651
1749266166,0.72600000,28.50000000,0.651
1749266166,0.72700000,14.10000000,0.651
1749266166,0.72800000,19.00000000,0.651
1749266166,0.72900000,39.00000000,0.651
1749266166,0.73000000,11486.00000000,0.651
1749266166,0.73200000,411.50000000,0.651
1749266166,0.73300000,77.00000000,0.651
1749266166,0.73500000,37.20000000,0.651
1749266166,0.73600000,90.20000000,0.651
1749266166,0.73700000,311.40000000,0.651
1749266166,0.73800000,19.30000000,0.651
1749266166,0.74000000,818.20000000,0.651
1749266166,0.74100000,211.40000000,0.651
1749266166,0.74300000,18.40000000,0.651
1749266166,0.74400000,2786.70000000,0.651
1749266166,0.74500000,255.60000000,0.651
1749266166,0.74600000,8.60000000,0.651
1749266166,0.74700000,354.10000000,0.651
1749266166,0.74800000,19.20000000,0.651
1749266166,0.75000000,4053.60000000,0.651
1749266166,0.75100000,2528.50000000,0.651
1749266166,0.75200000,58.60000000,0.651
1749266166,0.75300000,6.70000000,0.651
1749266166,0.75400000,18.40000000,0.651
1749266166,0.75500000,348.40000000,0.651
1749266166,0.75600000,162.90000000,0.651
1749266166,0.75700000,61.60000000,0.651
1749266468,0.64900000,11767.90000000,0.648
1749266468,0.65000000,130071.70000000,0.648
1749266468,0.65100000,87545.10000000,0.648
1749266468,0.65200000,43250.90000000,0.648
1749266468,0.65300000,25139.50000000,0.648
1749266468,0.65400000,32236.20000000,0.648
1749266468,0.65500000,16236.80000000,0.648
1749266468,0.65600000,16301.70000000,0.648
1749266468,0.65700000,13256.70000000,0.648
1749266468,0.65800000,5151.10000000,0.648
1749266468,0.65900000,13114.00000000,0.648
1749266468,0.66000000,16401.30000000,0.648
1749266468,0.66100000,7918.30000000,0.648
1749266468,0.66200000,2508.40000000,0.648
1749266468,0.66300000,3258.00000000,0.648
1749266468,0.66400000,4031.70000000,0.648
1749266468,0.66500000,17229.50000000,0.648
1749266468,0.66600000,3289.00000000,0.648
1749266468,0.66700000,3316.00000000,0.648
1749266468,0.66800000,4093.40000000,0.648
1749266468,0.66900000,1730.80000000,0.648
1749266468,0.67000000,1978.20000000,0.648
1749266468,0.67100000,2377.30000000,0.648
1749266468,0.67200000,1768.30000000,0.648
1749266468,0.67300000,109.00000000,0.648
1749266468,0.67400000,1923.40000000,0.648
1749266468,0.67500000,23544.40000000,0.648
1749266468,0.67600000,2485.60000000,0.648
1749266468,0.67700000,2578.50000000,0.648
1749266468,0.67800000,15.80000000,0.648
1749266468,0.67900000,15.80000000,0.648
1749266468,0.68000000,2061.10000000,0.648
1749266468,0.68100000,96.00000000,0.648
1749266468,0.68200000,82.80000000,0.648
1749266468,0.68300000,157.90000000,0.648
1749266468,0.68400000,2708.10000000,0.648
1749266468,0.68500000,432.70000000,0.648
1749266468,0.68600000,1390.90000000,0.648
1749266468,0.68700000,1361.80000000,0.648
1749266468,0.68800000,368.20000000,0.648
1749266468,0.68900000,31.20000000,0.648
1749266468,0.69000000,2662.10000000,0.648
1749266468,0.69100000,16.20000000,0.648
1749266468,0.69200000,157.60000000,0.648
1749266468,0.69300000,94.50000000,0.648
1749266468,0.69400000,16.10000000,0.648
1749266468,0.69500000,813.90000000,0.648
1749266468,0.69600000,589.10000000,0.648
1749266468,0.69700000,1382.90000000,0.648
1749266468,0.69800000,63.70000000,0.648
1749266468,0.69900000,35.80000000,0.648
1749266468,0.70000000,2334.30000000,0.648
1749266468,0.70100000,25.90000000,0.648
1749266468,0.70200000,31.80000000,0.648
1749266468,0.70300000,15.90000000,0.648
1749266468,0.70400000,983.40000000,0.648
1749266468,0.70500000,36961.50000000,0.648
1749266468,0.70600000,15.80000000,0.648
1749266468,0.70700000,3070.40000000,0.648
1749266468,0.70800000,675.30000000,0.648
1749266468,0.70900000,15.70000000,0.648
1749266468,0.71000000,1269.50000000,0.648
1749266468,0.71100000,1072.30000000,0.648
1749266468,0.71200000,35.10000000,0.648
1749266468,0.71300000,41.70000000,0.648
1749266468,0.71400000,134.50000000,0.648
1749266468,0.71500000,26844.40000000,0.648
1749266468,0.71600000,34.90000000,0.648
1749266468,0.71700000,37.50000000,0.648
1749266468,0.71800000,176.00000000,0.648
1749266468,0.71900000,1312.60000000,0.648
1749266468,0.72000000,209.30000000,0.648
1749266468,0.72200000,95.50000000,0.648
1749266468,0.72300000,22.10000000,0.648
1749266468,0.72400000,50.00000000,0.648
1749266468,0.72600000,28.50000000,0.648
1749266468,0.72700000,14.10000000,0.648
1749266468,0.72800000,19.00000000,0.648
1749266468,0.72900000,39.00000000,0.648
1749266468,0.73000000,11486.00000000,0.648
1749266468,0.73200000,411.50000000,0.648
1749266468,0.73300000,77.00000000,0.648
1749266468,0.73500000,37.20000000,0.648
1749266468,0.73600000,90.20000000,0.648
1749266468,0.73700000,311.40000000,0.648
1749266468,0.73800000,19.30000000,0.648
1749266468,0.74000000,818.20000000,0.648
1749266468,0.74100000,211.40000000,0.648
1749266468,0.74300000,18.40000000,0.648
1749266468,0.74400000,2786.70000000,0.648
1749266468,0.74500000,255.60000000,0.648
1749266468,0.74600000,8.60000000,0.648
1749266468,0.74700000,354.10000000,0.648
1749266468,0.74800000,19.20000000,0.648
1749266468,0.75000000,4053.60000000,0.648
1749266468,0.75100000,2528.50000000,0.648
1749266468,0.75200000,58.60000000,0.648
1749266468,0.75300000,6.70000000,0.648
1749266468,0.75400000,18.40000000,0.648
1749266468,0.75500000,348.40000000,0.648
1749266769,0.65200000,21278.80000000,0.651
1749266769,0.65300000,127864.90000000,0.651
1749266769,0.65400000,92857.20000000,0.651
1749266769,0.65500000,45743.70000000,0.651
1749266769,0.65600000,10341.10000000,0.651
1749266769,0.65700000,16930.40000000,0.651
1749266769,0.65800000,11701.30000000,0.651
1749266769,0.65900000,13842.10000000,0.651
1749266769,0.66000000,12879.20000000,0.651
1749266769,0.66100000,3258.00000000,0.651
1749266769,0.66200000,13395.00000000,0.651
1749266769,0.66300000,5913.20000000,0.651
1749266769,0.66400000,4031.70000000,0.651
1749266769,0.66500000,17229.50000000,0.651
1749266769,0.66600000,3289.00000000,0.651
1749266769,0.66700000,3316.00000000,0.651
1749266769,0.66800000,3303.60000000,0.651
1749266769,0.66900000,1730.80000000,0.651
1749266769,0.67000000,2768.00000000,0.651
1749266769,0.67100000,2377.30000000,0.651
1749266769,0.67200000,1768.30000000,0.651
1749266769,0.67300000,109.00000000,0.651
1749266769,0.67400000,1923.40000000,0.651
1749266769,0.67500000,23544.40000000,0.651
1749266769,0.67600000,2485.60000000,0.651
1749266769,0.67700000,2155.70000000,0.651
1749266769,0.67800000,15.80000000,0.651
1749266769,0.67900000,15.80000000,0.651
1749266769,0.68000000,2675.30000000,0.651
1749266769,0.68100000,1463.80000000,0.651
1749266769,0.68200000,413.60000000,0.651
1749266769,0.68300000,23.20000000,0.651
1749266769,0.68400000,170.80000000,0.651
1749266769,0.68500000,432.70000000,0.651
1749266769,0.68600000,4062.90000000,0.651
1749266769,0.68700000,15.80000000,0.651
1749266769,0.68800000,368.20000000,0.651
1749266769,0.68900000,31.20000000,0.651
1749266769,0.69000000,2662.10000000,0.651
1749266769,0.69100000,1362.20000000,0.651
1749266769,0.69200000,157.60000000,0.651
1749266769,0.69300000,94.50000000,0.651
1749266769,0.69400000,16.10000000,0.651
1749266769,0.69500000,813.90000000,0.651
1749266769,0.69600000,200.80000000,0.651
1749266769,0.69700000,16.00000000,0.651
1749266769,0.69800000,452.00000000,0.651
1749266769,0.69900000,35.80000000,0.651
1749266769,0.70000000,2334.30000000,0.651
1749266769,0.70100000,1392.80000000,0.651
1749266769,0.70200000,31.80000000,0.651
1749266769,0.70300000,15.90000000,0.651
1749266769,0.70400000,983.40000000,0.651
1749266769,0.70500000,36961.50000000,0.651
1749266769,0.70600000,15.80000000,0.651
1749266769,0.70700000,3070.40000000,0.651
1749266769,0.70800000,310.70000000,0.651
1749266769,0.70900000,15.70000000,0.651
1749266769,0.71000000,1634.10000000,0.651
1749266769,0.71100000,1072.30000000,0.651
1749266769,0.71200000,35.10000000,0.651
1749266769,0.71300000,41.70000000,0.651
1749266769,0.71400000,64.90000000,0.651
1749266769,0.71500000,26844.40000000,0.651
1749266769,0.71600000,104.50000000,0.651
1749266769,0.71700000,37.50000000,0.651
1749266769,0.71800000,176.00000000,0.651
1749266769,0.71900000,1312.60000000,0.651
1749266769,0.72000000,224.80000000,0.651
1749266769,0.72100000,15.40000000,0.651
1749266769,0.72200000,110.90000000,0.651
1749266769,0.72300000,22.10000000,0.651
1749266769,0.72400000,50.00000000,0.651
1749266769,0.72600000,28.50000000,0.651
1749266769,0.72700000,14.10000000,0.651
1749266769,0.72800000,19.00000000,0.651
1749266769,0.72900000,39.00000000,0.651
1749266769,0.73000000,11486.00000000,0.651
1749266769,0.73200000,411.50000000,0.651
1749266769,0.73300000,77.00000000,0.651
1749266769,0.73500000,37.20000000,0.651
1749266769,0.73600000,90.20000000,0.651
1749266769,0.73700000,311.40000000,0.651
1749266769,0.73800000,19.30000000,0.651
1749266769,0.74000000,818.20000000,0.651
1749266769,0.74100000,211.40000000,0.651
1749266769,0.74300000,18.40000000,0.651
1749266769,0.74400000,2786.70000000,0.651
1749266769,0.74500000,255.60000000,0.651
1749266769,0.74600000,8.60000000,0.651
1749266769,0.74700000,354.10000000,0.651
1749266769,0.74800000,19.20000000,0.651
1749266769,0.75000000,4053.60000000,0.651
1749266769,0.75100000,2528.50000000,0.651
1749266769,0.75200000,58.60000000,0.651
1749266769,0.75300000,6.70000000,0.651
1749266769,0.75400000,18.40000000,0.651
1749266769,0.75500000,348.40000000,0.651
1749266769,0.75600000,162.90000000,0.651
1749266769,0.75700000,61.60000000,0.651
1749267071,0.64900000,3818.10000000,0.648
1749267071,0.65000000,60754.70000000,0.648
1749267071,0.65100000,121406.90000000,0.648
1749267071,0.65200000,77308.50000000,0.648
1749267071,0.65300000,28275.50000000,0.648
1749267071,0.65400000,35161.00000000,0.648
1749267071,0.65500000,15836.60000000,0.648
1749267071,0.65600000,7639.70000000,0.648
1749267071,0.65700000,12111.80000000,0.648
1749267071,0.65800000,9448.40000000,0.648
1749267071,0.65900000,12302.50000000,0.648
1749267071,0.66000000,16285.50000000,0.648
1749267071,0.66100000,3978.10000000,0.648
1749267071,0.66200000,12843.20000000,0.648
1749267071,0.66300000,3258.00000000,0.648
1749267071,0.66400000,4031.70000000,0.648
1749267071,0.66500000,17324.10000000,0.648
1749267071,0.66600000,3289.00000000,0.648
1749267071,0.66700000,3316.00000000,0.648
1749267071,0.66800000,4093.40000000,0.648
1749267071,0.66900000,1730.80000000,0.648
1749267071,0.67000000,1978.20000000,0.648
1749267071,0.67100000,2377.30000000,0.648
1749267071,0.67200000,1768.30000000,0.648
1749267071,0.67300000,109.00000000,0.648
1749267071,0.67400000,978.40000000,0.648
1749267071,0.67500000,22599.40000000,0.648
1749267071,0.67600000,1540.60000000,0.648
1749267071,0.67700000,1210.70000000,0.648
1749267071,0.67800000,15.80000000,0.648
1749267071,0.67900000,1383.60000000,0.648
1749267071,0.68000000,1717.90000000,0.648
1749267071,0.68100000,230.70000000,0.648
1749267071,0.68200000,413.60000000,0.648
1749267071,0.68300000,23.20000000,0.648
1749267071,0.68400000,2708.10000000,0.648
1749267071,0.68500000,432.70000000,0.648
1749267071,0.68600000,1390.90000000,0.648
1749267071,0.68700000,15.80000000,0.648
1749267071,0.68800000,288.70000000,0.648
1749267071,0.68900000,1377.20000000,0.648
1749267071,0.69000000,2662.10000000,0.648
1749267071,0.69100000,16.20000000,0.648
1749267071,0.69200000,157.60000000,0.648
1749267071,0.69300000,94.50000000,0.648
1749267071,0.69400000,16.10000000,0.648
1749267071,0.69500000,813.90000000,0.648
1749267071,0.69600000,589.10000000,0.648
1749267071,0.69700000,16.00000000,0.648
1749267071,0.69800000,63.70000000,0.648
1749267071,0.69900000,1402.70000000,0.648
1749267071,0.70000000,2386.00000000,0.648
1749267071,0.70100000,25.90000000,0.648
1749267071,0.70200000,31.80000000,0.648
1749267071,0.70300000,15.90000000,0.648
1749267071,0.70400000,983.40000000,0.648
1749267071,0.70500000,36961.50000000,0.648
1749267071,0.70600000,15.80000000,0.648
1749267071,0.70700000,3070.40000000,0.648
1749267071,0.70800000,675.30000000,0.648
1749267071,0.70900000,15.70000000,0.648
1749267071,0.71000000,1269.50000000,0.648
1749267071,0.71100000,1072.30000000,0.648
1749267071,0.71200000,35.10000000,0.648
1749267071,0.71300000,41.70000000,0.648
1749267071,0.71400000,64.90000000,0.648
1749267071,0.71500000,26914.00000000,0.648
1749267071,0.71600000,34.90000000,0.648
1749267071,0.71700000,37.50000000,0.648
1749267071,0.71800000,176.00000000,0.648
1749267071,0.71900000,1312.60000000,0.648
1749267071,0.72000000,209.30000000,0.648
1749267071,0.72200000,95.50000000,0.648
1749267071,0.72300000,22.10000000,0.648
1749267071,0.72400000,50.00000000,0.648
1749267071,0.72600000,28.50000000,0.648
1749267071,0.72700000,14.10000000,0.648
1749267071,0.72800000,19.00000000,0.648
1749267071,0.72900000,39.00000000,0.648
1749267071,0.73000000,11486.00000000,0.648
1749267071,0.73200000,411.50000000,0.648
1749267071,0.73300000,77.00000000,0.648
1749267071,0.73500000,37.20000000,0.648
1749267071,0.73600000,90.20000000,0.648
1749267071,0.73700000,311.40000000,0.648
1749267071,0.73800000,19.30000000,0.648
1749267071,0.74000000,846.00000000,0.648
1749267071,0.74100000,211.40000000,0.648
1749267071,0.74200000,20.90000000,0.648
1749267071,0.74300000,18.40000000,0.648
1749267071,0.74400000,2786.70000000,0.648
1749267071,0.74500000,255.60000000,0.648
1749267071,0.74600000,8.60000000,0.648
1749267071,0.74700000,354.10000000,0.648
1749267071,0.74800000,19.20000000,0.648
1749267071,0.75000000,4053.60000000,0.648
1749267071,0.75100000,2528.50000000,0.648
1749267071,0.75200000,58.60000000,0.648
1749267071,0.75300000,6.70000000,0.648
1749267071,0.75400000,18.40000000,0.648
1749267372,0.65200000,22459.50000000,0.652
1749267372,0.65300000,121243.40000000,0.652
1749267372,0.65400000,113138.90000000,0.652
1749267372,0.65500000,44777.50000000,0.652
1749267372,0.65600000,9266.00000000,0.652
1749267372,0.65700000,16792.00000000,0.652
1749267372,0.65800000,11713.70000000,0.652
1749267372,0.65900000,13953.00000000,0.652
1749267372,0.66000000,16285.50000000,0.652
1749267372,0.66100000,3258.00000000,0.652
1749267372,0.66200000,13395.00000000,0.652
1749267372,0.66300000,3991.70000000,0.652
1749267372,0.66400000,4031.70000000,0.652
1749267372,0.66500000,17229.50000000,0.652
1749267372,0.66600000,3289.00000000,0.652
1749267372,0.66700000,3316.00000000,0.652
1749267372,0.66800000,3303.60000000,0.652
1749267372,0.66900000,1730.80000000,0.652
1749267372,0.67000000,2768.00000000,0.652
1749267372,0.67100000,2377.30000000,0.652
1749267372,0.67200000,1768.30000000,0.652
1749267372,0.67300000,109.00000000,0.652
1749267372,0.67400000,1923.40000000,0.652
1749267372,0.67500000,22599.40000000,0.652
1749267372,0.67600000,1558.40000000,0.652
1749267372,0.67700000,1210.70000000,0.652
1749267372,0.67800000,15.80000000,0.652
1749267372,0.67900000,1383.60000000,0.652
1749267372,0.68000000,1717.90000000,0.652
1749267372,0.68100000,96.00000000,0.652
1749267372,0.68200000,413.60000000,0.652
1749267372,0.68300000,157.90000000,0.652
1749267372,0.68400000,36.10000000,0.652
1749267372,0.68500000,432.70000000,0.652
1749267372,0.68600000,4062.90000000,0.652
1749267372,0.68700000,15.80000000,0.652
1749267372,0.68800000,288.70000000,0.652
1749267372,0.68900000,1399.00000000,0.652
1749267372,0.69000000,2662.10000000,0.652
1749267372,0.69100000,16.20000000,0.652
1749267372,0.69200000,157.60000000,0.652
1749267372,0.69300000,94.50000000,0.652
1749267372,0.69400000,16.10000000,0.652
1749267372,0.69500000,813.90000000,0.652
1749267372,0.69600000,200.80000000,0.652
1749267372,0.69700000,16.00000000,0.652
1749267372,0.69800000,452.00000000,0.652
1749267372,0.69900000,1402.70000000,0.652
1749267372,0.70000000,2386.00000000,0.652
1749267372,0.70100000,25.90000000,0.652
1749267372,0.70200000,31.80000000,0.652
1749267372,0.70300000,15.90000000,0.652
1749267372,0.70400000,983.40000000,0.652
1749267372,0.70500000,36961.50000000,0.652
1749267372,0.70600000,15.80000000,0.652
1749267372,0.70700000,3070.40000000,0.652
1749267372,0.70800000,310.70000000,0.652
1749267372,0.70900000,15.70000000,0.652
1749267372,0.71000000,1634.10000000,0.652
1749267372,0.71100000,1072.30000000,0.652
1749267372,0.71200000,35.10000000,0.652
1749267372,0.71300000,41.70000000,0.652
1749267372,0.71400000,64.90000000,0.652
1749267372,0.71500000,26844.40000000,0.652
1749267372,0.71600000,34.90000000,0.652
1749267372,0.71700000,107.10000000,0.652
1749267372,0.71800000,176.00000000,0.652
1749267372,0.71900000,1312.60000000,0.652
1749267372,0.72000000,224.80000000,0.652
1749267372,0.72100000,15.40000000,0.652
1749267372,0.72200000,110.90000000,0.652
1749267372,0.72300000,22.10000000,0.652
1749267372,0.72400000,50.00000000,0.652
1749267372,0.72600000,28.50000000,0.652
1749267372,0.72700000,14.10000000,0.652
1749267372,0.72800000,19.00000000,0.652
1749267372,0.72900000,39.00000000,0.652
1749267372,0.73000000,11486.00000000,0.652
1749267372,0.73200000,411.50000000,0.652
1749267372,0.73300000,77.00000000,0.652
1749267372,0.73500000,37.20000000,0.652
1749267372,0.73600000,90.20000000,0.652
1749267372,0.73700000,311.40000000,0.652
1749267372,0.73800000,19.30000000,0.652
1749267372,0.74000000,846.00000000,0.652
1749267372,0.74100000,211.40000000,0.652
1749267372,0.74200000,20.90000000,0.652
1749267372,0.74300000,18.40000000,0.652
1749267372,0.74400000,2786.70000000,0.652
1749267372,0.74500000,255.60000000,0.652
1749267372,0.74600000,8.60000000,0.652
1749267372,0.74700000,354.10000000,0.652
1749267372,0.74800000,19.20000000,0.652
1749267372,0.75000000,4053.60000000,0.652
1749267372,0.75100000,2528.50000000,0.652
1749267372,0.75200000,58.60000000,0.652
1749267372,0.75300000,6.70000000,0.652
1749267372,0.75400000,18.40000000,0.652
1749267372,0.75500000,348.40000000,0.652
1749267372,0.75600000,162.90000000,0.652
1749267674,0.65500000,47707.50000000,0.654
1749267674,0.65600000,117601.40000000,0.654
1749267674,0.65700000,82361.20000000,0.654
1749267674,0.65800000,35171.90000000,0.654
1749267674,0.65900000,23703.70000000,0.654
1749267674,0.66000000,17664.30000000,0.654
1749267674,0.66100000,11282.20000000,0.654
1749267674,0.66200000,14870.20000000,0.654
1749267674,0.66300000,3991.70000000,0.654
1749267674,0.66400000,10624.20000000,0.654
1749267674,0.66500000,17241.00000000,0.654
1749267674,0.66600000,3289.00000000,0.654
1749267674,0.66700000,3316.00000000,0.654
1749267674,0.66800000,3303.60000000,0.654
1749267674,0.66900000,1730.80000000,0.654
1749267674,0.67000000,1978.20000000,0.654
1749267674,0.67100000,2377.30000000,0.654
1749267674,0.67200000,2558.10000000,0.654
1749267674,0.67300000,109.00000000,0.654
1749267674,0.67400000,2681.60000000,0.654
1749267674,0.67500000,23555.90000000,0.654
1749267674,0.67600000,2503.40000000,0.654
1749267674,0.67700000,2155.70000000,0.654
1749267674,0.67800000,15.80000000,0.654
1749267674,0.67900000,15.80000000,0.654
1749267674,0.68000000,2662.90000000,0.654
1749267674,0.68100000,1463.80000000,0.654
1749267674,0.68200000,82.80000000,0.654
1749267674,0.68300000,23.20000000,0.654
1749267674,0.68400000,366.90000000,0.654
1749267674,0.68500000,432.70000000,0.654
1749267674,0.68600000,4197.60000000,0.654
1749267674,0.68700000,15.80000000,0.654
1749267674,0.68800000,288.70000000,0.654
1749267674,0.68900000,53.00000000,0.654
1749267674,0.69000000,2662.10000000,0.654
1749267674,0.69100000,1362.20000000,0.654
1749267674,0.69200000,157.60000000,0.654
1749267674,0.69300000,94.50000000,0.654
1749267674,0.69400000,16.10000000,0.654
1749267674,0.69500000,813.90000000,0.654
1749267674,0.69600000,200.80000000,0.654
1749267674,0.69700000,16.00000000,0.654
1749267674,0.69800000,63.70000000,0.654
1749267674,0.69900000,35.80000000,0.654
1749267674,0.70000000,2774.30000000,0.654
1749267674,0.70100000,1392.80000000,0.654
1749267674,0.70200000,31.80000000,0.654
1749267674,0.70300000,15.90000000,0.654
1749267674,0.70400000,983.40000000,0.654
1749267674,0.70500000,36961.50000000,0.654
1749267674,0.70600000,15.80000000,0.654
1749267674,0.70700000,3070.40000000,0.654
1749267674,0.70800000,310.70000000,0.654
1749267674,0.70900000,15.70000000,0.654
1749267674,0.71000000,1634.10000000,0.654
1749267674,0.71100000,1072.30000000,0.654
1749267674,0.71200000,35.10000000,0.654
1749267674,0.71300000,41.70000000,0.654
1749267674,0.71400000,64.90000000,0.654
1749267674,0.71500000,26844.40000000,0.654
1749267674,0.71600000,34.90000000,0.654
1749267674,0.71700000,37.50000000,0.654
1749267674,0.71800000,245.60000000,0.654
1749267674,0.71900000,1312.60000000,0.654
1749267674,0.72000000,224.80000000,0.654
