timestamp,price,volume,current_price
1749260667,3.21120000,5.00000000,3.2111
1749260667,3.21140000,118.60000000,3.2111
1749260667,3.21150000,8.00000000,3.2111
1749260667,3.21160000,387.20000000,3.2111
1749260667,3.21170000,494.40000000,3.2111
1749260667,3.21180000,363.40000000,3.2111
1749260667,3.21190000,625.60000000,3.2111
1749260667,3.21200000,634.40000000,3.2111
1749260667,3.21210000,666.80000000,3.2111
1749260667,3.21220000,2462.60000000,3.2111
1749260667,3.21230000,1351.90000000,3.2111
1749260667,3.21240000,3346.40000000,3.2111
1749260667,3.21250000,1909.80000000,3.2111
1749260667,3.21260000,823.40000000,3.2111
1749260667,3.21270000,2379.70000000,3.2111
1749260667,3.21280000,621.20000000,3.2111
1749260667,3.21290000,1122.00000000,3.2111
1749260667,3.21300000,1246.90000000,3.2111
1749260667,3.21310000,1092.00000000,3.2111
1749260667,3.21320000,3252.20000000,3.2111
1749260667,3.21330000,590.20000000,3.2111
1749260667,3.21340000,2400.90000000,3.2111
1749260667,3.21350000,482.80000000,3.2111
1749260667,3.21360000,5901.30000000,3.2111
1749260667,3.21370000,1262.00000000,3.2111
1749260667,3.21380000,1073.30000000,3.2111
1749260667,3.21390000,1549.40000000,3.2111
1749260667,3.21400000,3014.70000000,3.2111
1749260667,3.21410000,1555.70000000,3.2111
1749260667,3.21420000,6479.60000000,3.2111
1749260667,3.21430000,623.80000000,3.2111
1749260667,3.21440000,4673.80000000,3.2111
1749260667,3.21450000,646.70000000,3.2111
1749260667,3.21460000,2603.40000000,3.2111
1749260667,3.21470000,1189.90000000,3.2111
1749260667,3.21480000,2736.10000000,3.2111
1749260667,3.21490000,2542.50000000,3.2111
1749260667,3.21500000,3118.80000000,3.2111
1749260667,3.21510000,2246.70000000,3.2111
1749260667,3.21520000,2375.50000000,3.2111
1749260667,3.21530000,5543.80000000,3.2111
1749260667,3.21540000,2408.00000000,3.2111
1749260667,3.21550000,2583.50000000,3.2111
1749260667,3.21560000,3873.40000000,3.2111
1749260667,3.21570000,3524.80000000,3.2111
1749260667,3.21580000,549.10000000,3.2111
1749260667,3.21590000,684.80000000,3.2111
1749260667,3.21600000,871.50000000,3.2111
1749260667,3.21610000,882.70000000,3.2111
1749260667,3.21620000,1837.10000000,3.2111
1749260667,3.21630000,1024.10000000,3.2111
1749260667,3.21640000,967.90000000,3.2111
1749260667,3.21650000,930.90000000,3.2111
1749260667,3.21660000,1649.00000000,3.2111
1749260667,3.21670000,603.90000000,3.2111
1749260667,3.21680000,3386.40000000,3.2111
1749260667,3.21690000,1553.30000000,3.2111
1749260667,3.21700000,964.90000000,3.2111
1749260667,3.21710000,705.70000000,3.2111
1749260667,3.21720000,727.00000000,3.2111
1749260667,3.21730000,1698.60000000,3.2111
1749260667,3.21740000,7494.20000000,3.2111
1749260667,3.21750000,6328.00000000,3.2111
1749260667,3.21760000,908.70000000,3.2111
1749260667,3.21770000,224.50000000,3.2111
1749260667,3.21780000,722.20000000,3.2111
1749260667,3.21790000,1993.20000000,3.2111
1749260667,3.21800000,1614.20000000,3.2111
1749260667,3.21810000,621.80000000,3.2111
1749260667,3.21820000,2684.80000000,3.2111
1749260667,3.21830000,1553.30000000,3.2111
1749260667,3.21840000,1060.90000000,3.2111
1749260667,3.21850000,625.90000000,3.2111
1749260667,3.21860000,481.60000000,3.2111
1749260667,3.21870000,621.80000000,3.2111
1749260667,3.21880000,613.20000000,3.2111
1749260667,3.21890000,1249.40000000,3.2111
1749260667,3.21900000,908.10000000,3.2111
1749260667,3.21910000,319.60000000,3.2111
1749260667,3.21920000,2301.60000000,3.2111
1749260667,3.21930000,932.80000000,3.2111
1749260667,3.21940000,908.40000000,3.2111
1749260667,3.21960000,465.10000000,3.2111
1749260667,3.21970000,464.60000000,3.2111
1749260667,3.21980000,288.00000000,3.2111
1749260667,3.21990000,7589.80000000,3.2111
1749260667,3.22000000,4465.90000000,3.2111
1749260667,3.22010000,1.60000000,3.2111
1749260667,3.22020000,441.60000000,3.2111
1749260667,3.22040000,9510.10000000,3.2111
1749260667,3.22050000,110.50000000,3.2111
1749260667,3.22070000,1544.40000000,3.2111
1749260667,3.22080000,5090.00000000,3.2111
1749260667,3.22090000,505.90000000,3.2111
1749260667,3.22110000,504.10000000,3.2111
1749260667,3.22120000,288.00000000,3.2111
1749260667,3.22130000,79.80000000,3.2111
1749260667,3.22140000,3528.50000000,3.2111
1749260667,3.22150000,1200.00000000,3.2111
1749260667,3.22160000,311.10000000,3.2111
1749260969,3.21450000,1035.00000000,3.2145
1749260969,3.21460000,26.80000000,3.2145
1749260969,3.21470000,341.10000000,3.2145
1749260969,3.21480000,778.40000000,3.2145
1749260969,3.21490000,296.00000000,3.2145
1749260969,3.21500000,60.10000000,3.2145
1749260969,3.21510000,40.80000000,3.2145
1749260969,3.21520000,433.80000000,3.2145
1749260969,3.21530000,596.50000000,3.2145
1749260969,3.21540000,1310.90000000,3.2145
1749260969,3.21550000,193.50000000,3.2145
1749260969,3.21560000,1504.00000000,3.2145
1749260969,3.21570000,780.00000000,3.2145
1749260969,3.21580000,2699.80000000,3.2145
1749260969,3.21590000,1646.70000000,3.2145
1749260969,3.21600000,1022.30000000,3.2145
1749260969,3.21610000,1094.10000000,3.2145
1749260969,3.21620000,1727.10000000,3.2145
1749260969,3.21630000,624.50000000,3.2145
1749260969,3.21640000,2185.20000000,3.2145
1749260969,3.21650000,932.00000000,3.2145
1749260969,3.21660000,1342.80000000,3.2145
1749260969,3.21670000,7.20000000,3.2145
1749260969,3.21680000,1496.20000000,3.2145
1749260969,3.21690000,484.60000000,3.2145
1749260969,3.21700000,2746.60000000,3.2145
1749260969,3.21710000,2706.00000000,3.2145
1749260969,3.21720000,7860.20000000,3.2145
1749260969,3.21730000,1373.20000000,3.2145
1749260969,3.21740000,7553.00000000,3.2145
1749260969,3.21750000,2145.50000000,3.2145
1749260969,3.21760000,2565.10000000,3.2145
1749260969,3.21770000,271.80000000,3.2145
1749260969,3.21780000,1221.60000000,3.2145
1749260969,3.21790000,3168.30000000,3.2145
1749260969,3.21800000,630.70000000,3.2145
1749260969,3.21810000,1547.60000000,3.2145
1749260969,3.21820000,1374.30000000,3.2145
1749260969,3.21830000,2767.90000000,3.2145
1749260969,3.21840000,1578.10000000,3.2145
1749260969,3.21850000,2813.90000000,3.2145
1749260969,3.21860000,3382.40000000,3.2145
1749260969,3.21870000,5213.40000000,3.2145
1749260969,3.21880000,5884.00000000,3.2145
1749260969,3.21890000,2455.20000000,3.2145
1749260969,3.21900000,1071.30000000,3.2145
1749260969,3.21910000,955.90000000,3.2145
1749260969,3.21920000,1260.90000000,3.2145
1749260969,3.21930000,1341.50000000,3.2145
1749260969,3.21940000,2673.60000000,3.2145
1749260969,3.21950000,1058.50000000,3.2145
1749260969,3.21960000,3308.10000000,3.2145
1749260969,3.21970000,4352.70000000,3.2145
1749260969,3.21980000,1553.30000000,3.2145
1749260969,3.21990000,3007.90000000,3.2145
1749260969,3.22000000,6047.00000000,3.2145
1749260969,3.22010000,277.30000000,3.2145
1749260969,3.22020000,1544.00000000,3.2145
1749260969,3.22030000,565.70000000,3.2145
1749260969,3.22040000,1829.20000000,3.2145
1749260969,3.22050000,624.20000000,3.2145
1749260969,3.22060000,2136.90000000,3.2145
1749260969,3.22070000,3.20000000,3.2145
1749260969,3.22080000,5494.70000000,3.2145
1749260969,3.22090000,628.10000000,3.2145
1749260969,3.22100000,4508.90000000,3.2145
1749260969,3.22110000,6782.80000000,3.2145
1749260969,3.22120000,2710.10000000,3.2145
1749260969,3.22130000,253.10000000,3.2145
1749260969,3.22140000,1070.00000000,3.2145
1749260969,3.22150000,86.50000000,3.2145
1749260969,3.22160000,779.40000000,3.2145
1749260969,3.22170000,313.20000000,3.2145
1749260969,3.22180000,293.20000000,3.2145
1749260969,3.22190000,1256.60000000,3.2145
1749260969,3.22200000,567.30000000,3.2145
1749260969,3.22210000,1118.70000000,3.2145
1749260969,3.22220000,154.80000000,3.2145
1749260969,3.22230000,464.90000000,3.2145
1749260969,3.22240000,2764.30000000,3.2145
1749260969,3.22250000,1517.30000000,3.2145
1749260969,3.22270000,1397.60000000,3.2145
1749260969,3.22280000,699.00000000,3.2145
1749260969,3.22290000,1861.80000000,3.2145
1749260969,3.22300000,3689.60000000,3.2145
1749260969,3.22310000,1544.40000000,3.2145
1749260969,3.22320000,757.20000000,3.2145
1749260969,3.22350000,544.50000000,3.2145
1749260969,3.22360000,291.70000000,3.2145
1749260969,3.22370000,313.50000000,3.2145
1749260969,3.22380000,1544.40000000,3.2145
1749260969,3.22390000,79.00000000,3.2145
1749260969,3.22400000,289.60000000,3.2145
1749260969,3.22410000,4763.90000000,3.2145
1749260969,3.22430000,1551.70000000,3.2145
1749260969,3.22440000,9237.70000000,3.2145
1749260969,3.22450000,434.00000000,3.2145
1749260969,3.22460000,503.90000000,3.2145
1749260969,3.22470000,1963.70000000,3.2145
1749260969,3.22480000,1997.70000000,3.2145
1749261270,3.21710000,1133.20000000,3.2169
1749261270,3.21720000,2903.00000000,3.2169
1749261270,3.21730000,1325.40000000,3.2169
1749261270,3.21740000,2258.60000000,3.2169
1749261270,3.21750000,930.80000000,3.2169
1749261270,3.21760000,1608.60000000,3.2169
1749261270,3.21770000,635.90000000,3.2169
1749261270,3.21780000,1574.90000000,3.2169
1749261270,3.21790000,1822.90000000,3.2169
1749261270,3.21800000,1856.40000000,3.2169
1749261270,3.21810000,3.20000000,3.2169
1749261270,3.21820000,889.10000000,3.2169
1749261270,3.21830000,1428.50000000,3.2169
1749261270,3.21840000,403.90000000,3.2169
1749261270,3.21850000,1433.40000000,3.2169
1749261270,3.21860000,663.60000000,3.2169
1749261270,3.21870000,1169.70000000,3.2169
1749261270,3.21880000,1006.00000000,3.2169
1749261270,3.21890000,2276.30000000,3.2169
1749261270,3.21900000,1077.10000000,3.2169
1749261270,3.21910000,655.00000000,3.2169
1749261270,3.21920000,2375.10000000,3.2169
1749261270,3.21930000,448.40000000,3.2169
1749261270,3.21940000,544.40000000,3.2169
1749261270,3.21950000,1420.10000000,3.2169
1749261270,3.21960000,893.50000000,3.2169
1749261270,3.21970000,1290.20000000,3.2169
1749261270,3.21980000,4260.80000000,3.2169
1749261270,3.21990000,5680.30000000,3.2169
1749261270,3.22000000,6576.20000000,3.2169
1749261270,3.22010000,1099.00000000,3.2169
1749261270,3.22020000,1217.40000000,3.2169
1749261270,3.22030000,1845.00000000,3.2169
1749261270,3.22040000,3111.60000000,3.2169
1749261270,3.22050000,5298.50000000,3.2169
1749261270,3.22060000,5548.20000000,3.2169
1749261270,3.22070000,621.50000000,3.2169
1749261270,3.22080000,2255.90000000,3.2169
1749261270,3.22090000,652.70000000,3.2169
1749261270,3.22100000,1187.60000000,3.2169
1749261270,3.22110000,1314.40000000,3.2169
1749261270,3.22120000,1743.80000000,3.2169
1749261270,3.22130000,1650.10000000,3.2169
1749261270,3.22140000,2859.40000000,3.2169
1749261270,3.22150000,1633.30000000,3.2169
1749261270,3.22160000,2542.50000000,3.2169
1749261270,3.22170000,836.70000000,3.2169
1749261270,3.22180000,3683.60000000,3.2169
1749261270,3.22190000,3.20000000,3.2169
1749261270,3.22200000,5937.80000000,3.2169
1749261270,3.22210000,939.80000000,3.2169
1749261270,3.22220000,4759.50000000,3.2169
1749261270,3.22230000,776.30000000,3.2169
1749261270,3.22240000,7688.90000000,3.2169
1749261270,3.22250000,477.20000000,3.2169
1749261270,3.22260000,1181.00000000,3.2169
1749261270,3.22270000,1211.80000000,3.2169
1749261270,3.22280000,1658.90000000,3.2169
1749261270,3.22290000,2171.30000000,3.2169
1749261270,3.22300000,3166.10000000,3.2169
1749261270,3.22310000,1872.30000000,3.2169
1749261270,3.22320000,3494.40000000,3.2169
1749261270,3.22330000,3.20000000,3.2169
1749261270,3.22340000,1567.40000000,3.2169
1749261270,3.22350000,1928.80000000,3.2169
1749261270,3.22360000,1786.80000000,3.2169
1749261270,3.22370000,1863.30000000,3.2169
1749261270,3.22380000,2167.30000000,3.2169
1749261270,3.22390000,3.20000000,3.2169
1749261270,3.22400000,2817.00000000,3.2169
1749261270,3.22410000,5825.70000000,3.2169
1749261270,3.22420000,1708.70000000,3.2169
1749261270,3.22430000,2566.90000000,3.2169
1749261270,3.22440000,908.90000000,3.2169
1749261270,3.22450000,999.70000000,3.2169
1749261270,3.22460000,865.90000000,3.2169
1749261270,3.22470000,2584.40000000,3.2169
1749261270,3.22480000,1899.10000000,3.2169
1749261270,3.22490000,4744.70000000,3.2169
1749261270,3.22500000,619.10000000,3.2169
1749261270,3.22510000,299.50000000,3.2169
1749261270,3.22520000,995.00000000,3.2169
1749261270,3.22530000,467.10000000,3.2169
1749261270,3.22550000,2054.30000000,3.2169
1749261270,3.22560000,3040.60000000,3.2169
1749261270,3.22570000,1861.20000000,3.2169
1749261270,3.22590000,1.60000000,3.2169
1749261270,3.22600000,365.90000000,3.2169
1749261270,3.22620000,763.50000000,3.2169
1749261270,3.22630000,1633.40000000,3.2169
1749261270,3.22640000,288.00000000,3.2169
1749261270,3.22660000,20.10000000,3.2169
1749261270,3.22680000,2143.50000000,3.2169
1749261270,3.22690000,436.40000000,3.2169
1749261270,3.22700000,1.60000000,3.2169
1749261270,3.22710000,1550.10000000,3.2169
1749261270,3.22720000,288.00000000,3.2169
1749261270,3.22730000,503.30000000,3.2169
1749261270,3.22740000,4955.20000000,3.2169
1749261270,3.22750000,3294.80000000,3.2169
1749261572,3.21970000,672.10000000,3.2197
1749261572,3.21980000,85.70000000,3.2197
1749261572,3.21990000,156.30000000,3.2197
1749261572,3.22000000,552.20000000,3.2197
1749261572,3.22010000,33.00000000,3.2197
1749261572,3.22020000,205.70000000,3.2197
1749261572,3.22030000,67.60000000,3.2197
1749261572,3.22040000,815.30000000,3.2197
1749261572,3.22050000,1515.40000000,3.2197
1749261572,3.22060000,871.70000000,3.2197
1749261572,3.22070000,86.30000000,3.2197
1749261572,3.22080000,902.50000000,3.2197
1749261572,3.22090000,2710.80000000,3.2197
1749261572,3.22100000,394.40000000,3.2197
1749261572,3.22110000,439.00000000,3.2197
1749261572,3.22120000,1601.50000000,3.2197
1749261572,3.22130000,1844.70000000,3.2197
1749261572,3.22140000,1540.60000000,3.2197
1749261572,3.22150000,1703.90000000,3.2197
1749261572,3.22160000,1789.40000000,3.2197
1749261572,3.22170000,3059.80000000,3.2197
1749261572,3.22180000,316.20000000,3.2197
1749261572,3.22190000,767.30000000,3.2197
1749261572,3.22200000,1965.60000000,3.2197
1749261572,3.22210000,193.80000000,3.2197
1749261572,3.22220000,1277.50000000,3.2197
1749261572,3.22230000,727.00000000,3.2197
1749261572,3.22240000,2605.90000000,3.2197
1749261572,3.22250000,1181.80000000,3.2197
1749261572,3.22260000,2303.10000000,3.2197
1749261572,3.22270000,387.00000000,3.2197
1749261572,3.22280000,1378.10000000,3.2197
1749261572,3.22290000,1061.80000000,3.2197
1749261572,3.22300000,4393.20000000,3.2197
1749261572,3.22310000,7751.60000000,3.2197
1749261572,3.22320000,2462.90000000,3.2197
1749261572,3.22330000,1458.80000000,3.2197
1749261572,3.22340000,9063.60000000,3.2197
1749261572,3.22350000,4941.80000000,3.2197
1749261572,3.22360000,2816.70000000,3.2197
1749261572,3.22370000,1184.20000000,3.2197
1749261572,3.22380000,3197.40000000,3.2197
1749261572,3.22390000,5.60000000,3.2197
1749261572,3.22400000,1695.10000000,3.2197
1749261572,3.22410000,1890.80000000,3.2197
1749261572,3.22420000,4384.50000000,3.2197
1749261572,3.22430000,1675.90000000,3.2197
1749261572,3.22440000,3666.40000000,3.2197
1749261572,3.22450000,2576.50000000,3.2197
1749261572,3.22460000,2154.70000000,3.2197
1749261572,3.22470000,2023.10000000,3.2197
1749261572,3.22480000,1711.90000000,3.2197
1749261572,3.22490000,619.30000000,3.2197
1749261572,3.22500000,4804.00000000,3.2197
1749261572,3.22510000,374.20000000,3.2197
1749261572,3.22520000,2096.10000000,3.2197
1749261572,3.22530000,5.60000000,3.2197
1749261572,3.22540000,3166.70000000,3.2197
1749261572,3.22550000,292.80000000,3.2197
1749261572,3.22560000,889.40000000,3.2197
1749261572,3.22570000,1142.40000000,3.2197
1749261572,3.22580000,340.30000000,3.2197
1749261572,3.22590000,1626.10000000,3.2197
1749261572,3.22600000,29.00000000,3.2197
1749261572,3.22610000,247.10000000,3.2197
1749261572,3.22620000,813.10000000,3.2197
1749261572,3.22630000,753.30000000,3.2197
1749261572,3.22640000,2338.30000000,3.2197
1749261572,3.22650000,1987.30000000,3.2197
1749261572,3.22660000,1308.40000000,3.2197
1749261572,3.22670000,1835.60000000,3.2197
1749261572,3.22680000,565.70000000,3.2197
1749261572,3.22690000,932.40000000,3.2197
1749261572,3.22700000,201.70000000,3.2197
1749261572,3.22710000,906.90000000,3.2197
1749261572,3.22720000,2956.50000000,3.2197
1749261572,3.22730000,2422.00000000,3.2197
1749261572,3.22740000,6700.10000000,3.2197
1749261572,3.22750000,903.70000000,3.2197
1749261572,3.22760000,188.40000000,3.2197
1749261572,3.22770000,692.30000000,3.2197
1749261572,3.22780000,655.30000000,3.2197
1749261572,3.22790000,746.70000000,3.2197
1749261572,3.22800000,940.40000000,3.2197
1749261572,3.22810000,1544.40000000,3.2197
1749261572,3.22820000,9425.50000000,3.2197
1749261572,3.22840000,904.10000000,3.2197
1749261572,3.22850000,68.50000000,3.2197
1749261572,3.22860000,1655.50000000,3.2197
1749261572,3.22870000,5420.60000000,3.2197
1749261572,3.22880000,3562.20000000,3.2197
1749261572,3.22890000,1489.20000000,3.2197
1749261572,3.22910000,1.80000000,3.2197
1749261572,3.22920000,290.50000000,3.2197
1749261572,3.22930000,544.00000000,3.2197
1749261572,3.22950000,1544.40000000,3.2197
1749261572,3.22960000,288.00000000,3.2197
1749261572,3.22970000,3538.00000000,3.2197
1749261572,3.22980000,10.20000000,3.2197
1749261572,3.22990000,3846.30000000,3.2197
1749261878,3.21180000,3638.20000000,3.2117
1749261878,3.21190000,1471.50000000,3.2117
1749261878,3.21200000,599.80000000,3.2117
1749261878,3.21210000,102.90000000,3.2117
1749261878,3.21220000,1029.90000000,3.2117
1749261878,3.21230000,1057.60000000,3.2117
1749261878,3.21240000,154.50000000,3.2117
1749261878,3.21250000,411.10000000,3.2117
1749261878,3.21260000,800.70000000,3.2117
1749261878,3.21270000,529.80000000,3.2117
1749261878,3.21280000,1156.40000000,3.2117
1749261878,3.21290000,437.20000000,3.2117
1749261878,3.21300000,1853.80000000,3.2117
1749261878,3.21310000,4118.30000000,3.2117
1749261878,3.21320000,1625.50000000,3.2117
1749261878,3.21330000,794.60000000,3.2117
1749261878,3.21340000,1727.70000000,3.2117
1749261878,3.21350000,5.20000000,3.2117
1749261878,3.21360000,282.90000000,3.2117
1749261878,3.21370000,911.90000000,3.2117
1749261878,3.21380000,2588.00000000,3.2117
1749261878,3.21390000,1347.60000000,3.2117
1749261878,3.21400000,1424.50000000,3.2117
1749261878,3.21410000,914.70000000,3.2117
1749261878,3.21420000,1974.70000000,3.2117
1749261878,3.21430000,1472.90000000,3.2117
1749261878,3.21440000,6003.80000000,3.2117
1749261878,3.21450000,2021.20000000,3.2117
1749261878,3.21460000,2518.90000000,3.2117
1749261878,3.21470000,1553.30000000,3.2117
1749261878,3.21480000,4950.80000000,3.2117
1749261878,3.21490000,922.40000000,3.2117
1749261878,3.21500000,1314.60000000,3.2117
1749261878,3.21510000,945.80000000,3.2117
1749261878,3.21520000,2443.00000000,3.2117
1749261878,3.21530000,4973.70000000,3.2117
1749261878,3.21540000,1355.30000000,3.2117
1749261878,3.21550000,1018.00000000,3.2117
1749261878,3.21560000,3.20000000,3.2117
1749261878,3.21570000,45.60000000,3.2117
1749261878,3.21580000,1378.70000000,3.2117
1749261878,3.21590000,1933.00000000,3.2117
1749261878,3.21600000,1927.30000000,3.2117
1749261878,3.21610000,734.00000000,3.2117
1749261878,3.21620000,2817.40000000,3.2117
1749261878,3.21630000,6391.00000000,3.2117
1749261878,3.21640000,2194.50000000,3.2117
1749261878,3.21650000,953.90000000,3.2117
1749261878,3.21660000,3778.90000000,3.2117
1749261878,3.21670000,1475.40000000,3.2117
1749261878,3.21680000,1210.80000000,3.2117
1749261878,3.21690000,620.90000000,3.2117
1749261878,3.21700000,379.20000000,3.2117
1749261878,3.21710000,1171.80000000,3.2117
1749261878,3.21720000,2336.50000000,3.2117
1749261878,3.21730000,5449.70000000,3.2117
1749261878,3.21740000,5408.20000000,3.2117
1749261878,3.21750000,5318.60000000,3.2117
1749261878,3.21760000,2858.50000000,3.2117
1749261878,3.21770000,1020.90000000,3.2117
1749261878,3.21780000,2420.00000000,3.2117
1749261878,3.21790000,1183.10000000,3.2117
1749261878,3.21800000,881.10000000,3.2117
1749261878,3.21810000,2763.70000000,3.2117
1749261878,3.21820000,475.90000000,3.2117
1749261878,3.21830000,437.20000000,3.2117
1749261878,3.21840000,1133.10000000,3.2117
1749261878,3.21850000,741.20000000,3.2117
1749261878,3.21860000,2460.00000000,3.2117
1749261878,3.21870000,1935.90000000,3.2117
1749261878,3.21880000,2173.50000000,3.2117
1749261878,3.21890000,5.60000000,3.2117
1749261878,3.21900000,890.80000000,3.2117
1749261878,3.21910000,660.30000000,3.2117
1749261878,3.21920000,1248.20000000,3.2117
1749261878,3.21930000,3.20000000,3.2117
1749261878,3.21940000,1782.20000000,3.2117
1749261878,3.21950000,1553.20000000,3.2117
1749261878,3.21960000,187.50000000,3.2117
1749261878,3.21970000,618.70000000,3.2117
1749261878,3.21980000,828.60000000,3.2117
1749261878,3.21990000,1550.10000000,3.2117
1749261878,3.22000000,1484.50000000,3.2117
1749261878,3.22010000,800.20000000,3.2117
1749261878,3.22020000,1553.20000000,3.2117
1749261878,3.22030000,618.60000000,3.2117
1749261878,3.22050000,911.50000000,3.2117
1749261878,3.22060000,308.50000000,3.2117
1749261878,3.22080000,5782.90000000,3.2117
1749261878,3.22090000,1842.80000000,3.2117
1749261878,3.22100000,4730.50000000,3.2117
1749261878,3.22110000,434.00000000,3.2117
1749261878,3.22120000,308.20000000,3.2117
1749261878,3.22130000,1839.70000000,3.2117
1749261878,3.22150000,775.40000000,3.2117
1749261878,3.22170000,10805.10000000,3.2117
1749261878,3.22180000,310.60000000,3.2117
1749261878,3.22200000,1.60000000,3.2117
1749261878,3.22210000,3538.80000000,3.2117
1749261878,3.22220000,1.60000000,3.2117
1749262180,3.20880000,1582.30000000,3.2088
1749262180,3.20890000,216.50000000,3.2088
1749262180,3.20900000,896.80000000,3.2088
1749262180,3.20910000,459.30000000,3.2088
1749262180,3.20920000,1565.00000000,3.2088
1749262180,3.20930000,886.70000000,3.2088
1749262180,3.20940000,1002.40000000,3.2088
1749262180,3.20950000,1021.30000000,3.2088
1749262180,3.20960000,1000.30000000,3.2088
1749262180,3.20970000,233.60000000,3.2088
1749262180,3.20980000,295.20000000,3.2088
1749262180,3.20990000,3386.20000000,3.2088
1749262180,3.21000000,1025.50000000,3.2088
1749262180,3.21010000,525.70000000,3.2088
1749262180,3.21020000,834.90000000,3.2088
1749262180,3.21030000,1029.30000000,3.2088
1749262180,3.21040000,1459.90000000,3.2088
1749262180,3.21050000,1428.80000000,3.2088
1749262180,3.21060000,554.20000000,3.2088
1749262180,3.21070000,1562.20000000,3.2088
1749262180,3.21080000,419.00000000,3.2088
1749262180,3.21090000,2688.60000000,3.2088
1749262180,3.21100000,4664.60000000,3.2088
1749262180,3.21110000,190.20000000,3.2088
1749262180,3.21120000,1476.70000000,3.2088
1749262180,3.21130000,318.50000000,3.2088
1749262180,3.21140000,3971.50000000,3.2088
1749262180,3.21150000,565.70000000,3.2088
1749262180,3.21160000,858.90000000,3.2088
1749262180,3.21170000,1057.20000000,3.2088
1749262180,3.21180000,787.60000000,3.2088
1749262180,3.21190000,370.90000000,3.2088
1749262180,3.21200000,2589.70000000,3.2088
1749262180,3.21210000,3784.70000000,3.2088
1749262180,3.21220000,1492.50000000,3.2088
1749262180,3.21230000,1097.10000000,3.2088
1749262180,3.21240000,2052.00000000,3.2088
1749262180,3.21250000,572.10000000,3.2088
1749262180,3.21260000,4451.40000000,3.2088
1749262180,3.21270000,1989.10000000,3.2088
1749262180,3.21280000,9911.20000000,3.2088
1749262180,3.21290000,10765.90000000,3.2088
1749262180,3.21300000,2225.80000000,3.2088
1749262180,3.21310000,467.40000000,3.2088
1749262180,3.21320000,2030.90000000,3.2088
1749262180,3.21330000,878.80000000,3.2088
1749262180,3.21340000,2413.50000000,3.2088
1749262180,3.21350000,1621.90000000,3.2088
1749262180,3.21360000,2612.70000000,3.2088
1749262180,3.21370000,3043.40000000,3.2088
1749262180,3.21380000,5980.90000000,3.2088
1749262180,3.21390000,2634.60000000,3.2088
1749262180,3.21400000,1251.50000000,3.2088
1749262180,3.21410000,623.80000000,3.2088
1749262180,3.21420000,3407.80000000,3.2088
1749262180,3.21430000,2485.20000000,3.2088
1749262180,3.21440000,1560.10000000,3.2088
1749262180,3.21450000,439.00000000,3.2088
1749262180,3.21460000,1500.90000000,3.2088
1749262180,3.21470000,3.20000000,3.2088
1749262180,3.21480000,533.00000000,3.2088
1749262180,3.21490000,1751.50000000,3.2088
1749262180,3.21500000,769.70000000,3.2088
1749262180,3.21510000,1849.40000000,3.2088
1749262180,3.21520000,1143.20000000,3.2088
1749262180,3.21530000,876.30000000,3.2088
1749262180,3.21540000,863.60000000,3.2088
1749262180,3.21550000,398.90000000,3.2088
1749262180,3.21560000,1613.20000000,3.2088
1749262180,3.21570000,1595.70000000,3.2088
1749262180,3.21580000,1851.50000000,3.2088
1749262180,3.21590000,3510.50000000,3.2088
1749262180,3.21600000,807.50000000,3.2088
1749262180,3.21610000,3.20000000,3.2088
1749262180,3.21620000,1103.50000000,3.2088
1749262180,3.21630000,1599.90000000,3.2088
1749262180,3.21640000,1079.00000000,3.2088
1749262180,3.21650000,619.30000000,3.2088
1749262180,3.21660000,1876.90000000,3.2088
1749262180,3.21670000,908.90000000,3.2088
1749262180,3.21680000,807.10000000,3.2088
1749262180,3.21690000,2252.60000000,3.2088
1749262180,3.21710000,908.80000000,3.2088
1749262180,3.21730000,2916.10000000,3.2088
1749262180,3.21740000,2615.80000000,3.2088
1749262180,3.21750000,8695.20000000,3.2088
1749262180,3.21760000,907.20000000,3.2088
1749262180,3.21770000,4.60000000,3.2088
1749262180,3.21780000,1.60000000,3.2088
1749262180,3.21790000,619.10000000,3.2088
1749262180,3.21800000,1101.20000000,3.2088
1749262180,3.21810000,3662.60000000,3.2088
1749262180,3.21820000,512.70000000,3.2088
1749262180,3.21830000,1054.60000000,3.2088
1749262180,3.21840000,318.80000000,3.2088
1749262180,3.21850000,618.60000000,3.2088
1749262180,3.21860000,1838.10000000,3.2088
1749262180,3.21870000,619.00000000,3.2088
1749262180,3.21880000,1553.20000000,3.2088
1749262180,3.21890000,506.70000000,3.2088
1749262486,3.20660000,245.30000000,3.2069
1749262486,3.20680000,259.20000000,3.2069
1749262486,3.20690000,291.20000000,3.2069
1749262486,3.20700000,1053.10000000,3.2069
1749262486,3.20710000,1106.90000000,3.2069
1749262486,3.20720000,1382.30000000,3.2069
1749262486,3.20730000,274.10000000,3.2069
1749262486,3.20740000,258.50000000,3.2069
1749262486,3.20750000,206.40000000,3.2069
1749262486,3.20760000,1174.90000000,3.2069
1749262486,3.20770000,555.60000000,3.2069
1749262486,3.20780000,2535.10000000,3.2069
1749262486,3.20790000,868.00000000,3.2069
1749262486,3.20800000,5302.30000000,3.2069
1749262486,3.20810000,1012.00000000,3.2069
1749262486,3.20820000,6606.80000000,3.2069
1749262486,3.20830000,1038.60000000,3.2069
1749262486,3.20840000,1074.50000000,3.2069
1749262486,3.20850000,2406.80000000,3.2069
1749262486,3.20860000,1064.00000000,3.2069
1749262486,3.20870000,1256.40000000,3.2069
1749262486,3.20880000,1906.80000000,3.2069
1749262486,3.20890000,2139.80000000,3.2069
1749262486,3.20900000,1548.60000000,3.2069
1749262486,3.20910000,1273.80000000,3.2069
1749262486,3.20920000,877.70000000,3.2069
1749262486,3.20930000,624.80000000,3.2069
1749262486,3.20940000,2282.30000000,3.2069
1749262486,3.20950000,2495.20000000,3.2069
1749262486,3.20960000,8609.80000000,3.2069
1749262486,3.20970000,282.40000000,3.2069
1749262486,3.20980000,1213.00000000,3.2069
1749262486,3.20990000,201.50000000,3.2069
1749262486,3.21000000,1110.90000000,3.2069
1749262486,3.21010000,801.30000000,3.2069
1749262486,3.21020000,796.80000000,3.2069
1749262486,3.21030000,3.20000000,3.2069
1749262486,3.21040000,1562.60000000,3.2069
1749262486,3.21050000,1847.80000000,3.2069
1749262486,3.21060000,1335.10000000,3.2069
1749262486,3.21070000,1483.40000000,3.2069
1749262486,3.21080000,381.60000000,3.2069
1749262486,3.21090000,322.00000000,3.2069
1749262486,3.21100000,4930.80000000,3.2069
1749262486,3.21110000,12015.70000000,3.2069
1749262486,3.21120000,4995.80000000,3.2069
1749262486,3.21130000,7.20000000,3.2069
1749262486,3.21140000,5406.10000000,3.2069
1749262486,3.21150000,410.60000000,3.2069
1749262486,3.21160000,899.80000000,3.2069
1749262486,3.21170000,1057.20000000,3.2069
1749262486,3.21180000,850.00000000,3.2069
1749262486,3.21190000,624.70000000,3.2069
1749262486,3.21200000,1689.00000000,3.2069
1749262486,3.21210000,5067.40000000,3.2069
1749262486,3.21220000,1851.60000000,3.2069
1749262486,3.21230000,354.50000000,3.2069
1749262486,3.21240000,4560.90000000,3.2069
1749262486,3.21250000,1728.60000000,3.2069
1749262486,3.21260000,5028.30000000,3.2069
1749262486,3.21270000,1987.30000000,3.2069
1749262486,3.21280000,3198.90000000,3.2069
1749262486,3.21290000,498.30000000,3.2069
1749262486,3.21300000,1650.40000000,3.2069
1749262486,3.21310000,247.30000000,3.2069
1749262486,3.21320000,1321.40000000,3.2069
1749262486,3.21330000,877.00000000,3.2069
1749262486,3.21340000,1287.30000000,3.2069
1749262486,3.21350000,1559.80000000,3.2069
1749262486,3.21360000,374.80000000,3.2069
1749262486,3.21370000,1029.70000000,3.2069
1749262486,3.21380000,999.40000000,3.2069
1749262486,3.21390000,621.50000000,3.2069
1749262486,3.21400000,3366.40000000,3.2069
1749262486,3.21410000,4326.60000000,3.2069
1749262486,3.21420000,8189.40000000,3.2069
1749262486,3.21430000,2479.60000000,3.2069
1749262486,3.21440000,1229.80000000,3.2069
1749262486,3.21450000,434.00000000,3.2069
1749262486,3.21460000,618.10000000,3.2069
1749262486,3.21480000,528.00000000,3.2069
1749262486,3.21490000,1551.90000000,3.2069
1749262486,3.21500000,741.20000000,3.2069
1749262486,3.21510000,1846.20000000,3.2069
1749262486,3.21520000,1081.80000000,3.2069
1749262486,3.21530000,1226.60000000,3.2069
1749262486,3.21540000,742.50000000,3.2069
1749262486,3.21550000,289.60000000,3.2069
1749262486,3.21560000,1206.60000000,3.2069
1749262486,3.21570000,1592.50000000,3.2069
1749262486,3.21580000,1078.10000000,3.2069
1749262486,3.21590000,3507.30000000,3.2069
1749262486,3.21600000,8.20000000,3.2069
1749262486,3.21620000,619.40000000,3.2069
1749262486,3.21630000,1034.20000000,3.2069
1749262486,3.21640000,505.10000000,3.2069
1749262486,3.21650000,619.30000000,3.2069
1749262486,3.21660000,1553.20000000,3.2069
1749262486,3.21670000,908.90000000,3.2069
1749262486,3.21680000,1698.50000000,3.2069
1749262788,3.20970000,4983.50000000,3.2097
1749262788,3.20980000,2899.90000000,3.2097
1749262788,3.20990000,2188.50000000,3.2097
1749262788,3.21000000,2795.80000000,3.2097
1749262788,3.21010000,1778.40000000,3.2097
1749262788,3.21020000,2965.80000000,3.2097
1749262788,3.21030000,1439.70000000,3.2097
1749262788,3.21040000,1598.90000000,3.2097
1749262788,3.21050000,372.20000000,3.2097
1749262788,3.21060000,6.60000000,3.2097
1749262788,3.21070000,36.40000000,3.2097
1749262788,3.21080000,1478.50000000,3.2097
1749262788,3.21090000,3029.30000000,3.2097
1749262788,3.21100000,1384.90000000,3.2097
1749262788,3.21110000,1086.90000000,3.2097
1749262788,3.21120000,709.40000000,3.2097
1749262788,3.21130000,404.90000000,3.2097
1749262788,3.21140000,1677.80000000,3.2097
1749262788,3.21150000,583.30000000,3.2097
1749262788,3.21160000,2729.20000000,3.2097
1749262788,3.21170000,383.60000000,3.2097
1749262788,3.21180000,3743.10000000,3.2097
1749262788,3.21190000,1605.00000000,3.2097
1749262788,3.21200000,1062.20000000,3.2097
1749262788,3.21210000,647.40000000,3.2097
1749262788,3.21220000,2654.20000000,3.2097
1749262788,3.21230000,5856.30000000,3.2097
1749262788,3.21240000,1887.70000000,3.2097
1749262788,3.21250000,2257.10000000,3.2097
1749262788,3.21260000,2860.70000000,3.2097
1749262788,3.21270000,314.40000000,3.2097
1749262788,3.21280000,3981.20000000,3.2097
1749262788,3.21290000,7081.00000000,3.2097
1749262788,3.21300000,1232.20000000,3.2097
1749262788,3.21310000,656.90000000,3.2097
1749262788,3.21320000,2587.70000000,3.2097
1749262788,3.21330000,2178.20000000,3.2097
1749262788,3.21340000,4997.10000000,3.2097
1749262788,3.21350000,7567.80000000,3.2097
1749262788,3.21360000,5683.90000000,3.2097
1749262788,3.21370000,503.50000000,3.2097
1749262788,3.21380000,3896.80000000,3.2097
1749262788,3.21390000,1553.30000000,3.2097
1749262788,3.21400000,2247.90000000,3.2097
1749262788,3.21410000,5.60000000,3.2097
1749262788,3.21420000,454.90000000,3.2097
1749262788,3.21430000,2001.60000000,3.2097
1749262788,3.21440000,1940.70000000,3.2097
1749262788,3.21450000,6447.40000000,3.2097
1749262788,3.21460000,1155.80000000,3.2097
1749262788,3.21470000,3752.40000000,3.2097
1749262788,3.21480000,937.50000000,3.2097
1749262788,3.21490000,723.00000000,3.2097
1749262788,3.21500000,1795.20000000,3.2097
1749262788,3.21510000,20.60000000,3.2097
1749262788,3.21520000,3004.50000000,3.2097
1749262788,3.21530000,3.20000000,3.2097
1749262788,3.21540000,2101.00000000,3.2097
1749262788,3.21550000,488.90000000,3.2097
1749262788,3.21560000,1444.30000000,3.2097
1749262788,3.21570000,951.50000000,3.2097
1749262788,3.21580000,1277.40000000,3.2097
1749262788,3.21590000,2441.30000000,3.2097
1749262788,3.21600000,2620.20000000,3.2097
1749262788,3.21610000,612.00000000,3.2097
1749262788,3.21620000,2824.20000000,3.2097
1749262788,3.21630000,567.30000000,3.2097
1749262788,3.21640000,702.70000000,3.2097
1749262788,3.21650000,2326.60000000,3.2097
1749262788,3.21660000,899.30000000,3.2097
1749262788,3.21670000,2468.70000000,3.2097
1749262788,3.21680000,508.70000000,3.2097
1749262788,3.21690000,622.40000000,3.2097
1749262788,3.21700000,1273.60000000,3.2097
1749262788,3.21710000,912.00000000,3.2097
1749262788,3.21720000,1319.60000000,3.2097
1749262788,3.21730000,4433.80000000,3.2097
1749262788,3.21740000,4049.40000000,3.2097
1749262788,3.21750000,4753.90000000,3.2097
1749262788,3.21760000,1409.30000000,3.2097
1749262788,3.21770000,4.60000000,3.2097
1749262788,3.21780000,2248.80000000,3.2097
1749262788,3.21800000,2142.20000000,3.2097
1749262788,3.21810000,1223.60000000,3.2097
1749262788,3.21820000,1362.30000000,3.2097
1749262788,3.21830000,371.90000000,3.2097
1749262788,3.21840000,1231.00000000,3.2097
1749262788,3.21850000,272.90000000,3.2097
1749262788,3.21860000,1784.70000000,3.2097
1749262788,3.21870000,5880.20000000,3.2097
1749262788,3.21880000,619.30000000,3.2097
1749262788,3.21890000,2.40000000,3.2097
1749262788,3.21900000,1725.70000000,3.2097
1749262788,3.21910000,3074.10000000,3.2097
1749262788,3.21930000,884.60000000,3.2097
1749262788,3.21940000,9253.70000000,3.2097
1749262788,3.21950000,619.30000000,3.2097
1749262788,3.21970000,5.60000000,3.2097
1749262788,3.21980000,914.40000000,3.2097
1749262788,3.21990000,1556.60000000,3.2097
1749263089,3.21720000,5972.70000000,3.2164
1749263089,3.21730000,2729.50000000,3.2164
1749263089,3.21740000,868.90000000,3.2164
1749263089,3.21750000,411.30000000,3.2164
1749263089,3.21760000,937.60000000,3.2164
1749263089,3.21770000,103.20000000,3.2164
1749263089,3.21780000,484.70000000,3.2164
1749263089,3.21790000,768.30000000,3.2164
1749263089,3.21800000,206.70000000,3.2164
1749263089,3.21810000,253.10000000,3.2164
1749263089,3.21820000,1154.60000000,3.2164
1749263089,3.21830000,420.90000000,3.2164
1749263089,3.21840000,1610.20000000,3.2164
1749263089,3.21850000,1767.50000000,3.2164
1749263089,3.21860000,7099.50000000,3.2164
1749263089,3.21870000,1169.50000000,3.2164
1749263089,3.21880000,5636.60000000,3.2164
1749263089,3.21890000,4456.50000000,3.2164
1749263089,3.21900000,1651.90000000,3.2164
1749263089,3.21910000,1419.80000000,3.2164
1749263089,3.21920000,1328.90000000,3.2164
1749263089,3.21930000,1043.40000000,3.2164
1749263089,3.21940000,964.50000000,3.2164
1749263089,3.21950000,771.90000000,3.2164
1749263089,3.21960000,545.00000000,3.2164
1749263089,3.21970000,522.50000000,3.2164
1749263089,3.21980000,3468.50000000,3.2164
1749263089,3.21990000,7235.50000000,3.2164
1749263089,3.22000000,3934.20000000,3.2164
1749263089,3.22010000,6231.70000000,3.2164
1749263089,3.22020000,3158.30000000,3.2164
1749263089,3.22030000,1012.80000000,3.2164
1749263089,3.22040000,1219.30000000,3.2164
1749263089,3.22050000,2506.50000000,3.2164
1749263089,3.22060000,4235.50000000,3.2164
1749263089,3.22070000,3719.40000000,3.2164
1749263089,3.22080000,1363.20000000,3.2164
1749263089,3.22090000,1041.70000000,3.2164
1749263089,3.22100000,1397.90000000,3.2164
1749263089,3.22110000,917.50000000,3.2164
1749263089,3.22120000,3148.90000000,3.2164
1749263089,3.22130000,2895.80000000,3.2164
1749263089,3.22140000,2538.60000000,3.2164
1749263089,3.22150000,1863.60000000,3.2164
1749263089,3.22160000,5299.80000000,3.2164
1749263089,3.22170000,6153.30000000,3.2164
1749263089,3.22180000,2372.10000000,3.2164
1749263089,3.22190000,621.90000000,3.2164
1749263089,3.22200000,647.70000000,3.2164
1749263089,3.22210000,624.30000000,3.2164
1749263089,3.22220000,1126.40000000,3.2164
1749263089,3.22230000,2487.00000000,3.2164
1749263089,3.22240000,1290.70000000,3.2164
1749263089,3.22250000,1903.60000000,3.2164
1749263089,3.22260000,911.70000000,3.2164
1749263089,3.22270000,762.90000000,3.2164
1749263089,3.22280000,3469.30000000,3.2164
1749263089,3.22290000,4075.20000000,3.2164
1749263089,3.22300000,1153.40000000,3.2164
1749263089,3.22310000,198.80000000,3.2164
1749263089,3.22320000,1104.70000000,3.2164
1749263089,3.22330000,1367.10000000,3.2164
1749263089,3.22340000,291.20000000,3.2164
1749263089,3.22350000,190.90000000,3.2164
1749263089,3.22360000,625.50000000,3.2164
1749263089,3.22370000,561.40000000,3.2164
1749263089,3.22380000,2049.70000000,3.2164
1749263089,3.22390000,621.60000000,3.2164
1749263089,3.22400000,2873.30000000,3.2164
1749263089,3.22410000,6319.70000000,3.2164
1749263089,3.22420000,1135.10000000,3.2164
1749263089,3.22430000,748.50000000,3.2164
1749263089,3.22440000,1193.00000000,3.2164
1749263089,3.22450000,1339.00000000,3.2164
1749263089,3.22460000,291.20000000,3.2164
1749263089,3.22470000,35.80000000,3.2164
1749263089,3.22480000,621.60000000,3.2164
1749263089,3.22490000,511.30000000,3.2164
1749263089,3.22500000,288.00000000,3.2164
1749263089,3.22510000,2176.60000000,3.2164
1749263089,3.22530000,931.80000000,3.2164
1749263089,3.22540000,3869.20000000,3.2164
1749263089,3.22550000,1.60000000,3.2164
1749263089,3.22560000,624.70000000,3.2164
1749263089,3.22580000,288.00000000,3.2164
1749263089,3.22590000,619.70000000,3.2164
1749263089,3.22600000,1992.20000000,3.2164
1749263089,3.22610000,8950.20000000,3.2164
1749263089,3.22620000,906.00000000,3.2164
1749263089,3.22630000,311.30000000,3.2164
1749263089,3.22640000,14261.90000000,3.2164
1749263089,3.22650000,62.10000000,3.2164
1749263089,3.22660000,309.80000000,3.2164
1749263089,3.22670000,4048.70000000,3.2164
1749263089,3.22690000,2.40000000,3.2164
1749263089,3.22700000,985.90000000,3.2164
1749263089,3.22710000,38.00000000,3.2164
1749263089,3.22720000,1127.50000000,3.2164
1749263089,3.22730000,2818.70000000,3.2164
1749263089,3.22740000,4970.60000000,3.2164
1749263391,3.21860000,507.00000000,3.2195
1749263391,3.21870000,1.80000000,3.2195
1749263391,3.21880000,3.20000000,3.2195
1749263391,3.21890000,3.20000000,3.2195
1749263391,3.21900000,270.40000000,3.2195
1749263391,3.21910000,586.20000000,3.2195
1749263391,3.21920000,443.50000000,3.2195
1749263391,3.21930000,160.40000000,3.2195
1749263391,3.21940000,507.10000000,3.2195
1749263391,3.21950000,29.10000000,3.2195
1749263391,3.21960000,2244.60000000,3.2195
1749263391,3.21970000,6843.10000000,3.2195
1749263391,3.21980000,467.20000000,3.2195
1749263391,3.21990000,1228.00000000,3.2195
1749263391,3.22000000,293.60000000,3.2195
1749263391,3.22010000,2540.70000000,3.2195
1749263391,3.22020000,6791.70000000,3.2195
1749263391,3.22030000,832.50000000,3.2195
1749263391,3.22040000,2839.20000000,3.2195
1749263391,3.22050000,1847.10000000,3.2195
1749263391,3.22060000,1039.00000000,3.2195
1749263391,3.22070000,811.80000000,3.2195
1749263391,3.22080000,1069.60000000,3.2195
1749263391,3.22090000,1387.80000000,3.2195
1749263391,3.22100000,849.60000000,3.2195
1749263391,3.22110000,621.90000000,3.2195
1749263391,3.22120000,2186.10000000,3.2195
1749263391,3.22130000,909.60000000,3.2195
1749263391,3.22140000,4932.80000000,3.2195
1749263391,3.22150000,880.10000000,3.2195
1749263391,3.22160000,1589.10000000,3.2195
1749263391,3.22170000,950.10000000,3.2195
1749263391,3.22180000,5478.70000000,3.2195
1749263391,3.22190000,3451.80000000,3.2195
1749263391,3.22200000,8217.50000000,3.2195
1749263391,3.22210000,1242.70000000,3.2195
1749263391,3.22220000,2274.10000000,3.2195
1749263391,3.22230000,619.90000000,3.2195
1749263391,3.22240000,1400.00000000,3.2195
1749263391,3.22250000,1787.10000000,3.2195
1749263391,3.22260000,3250.80000000,3.2195
1749263391,3.22270000,5.60000000,3.2195
1749263391,3.22280000,1723.60000000,3.2195
1749263391,3.22290000,514.50000000,3.2195
1749263391,3.22300000,1320.00000000,3.2195
1749263391,3.22310000,747.90000000,3.2195
1749263391,3.22320000,2528.60000000,3.2195
1749263391,3.22330000,3814.90000000,3.2195
1749263391,3.22340000,4793.20000000,3.2195
1749263391,3.22350000,413.80000000,3.2195
1749263391,3.22360000,1595.20000000,3.2195
1749263391,3.22370000,263.50000000,3.2195
1749263391,3.22380000,1302.20000000,3.2195
1749263391,3.22390000,944.70000000,3.2195
1749263391,3.22400000,4131.30000000,3.2195
1749263391,3.22410000,6248.90000000,3.2195
1749263391,3.22420000,1347.10000000,3.2195
1749263391,3.22430000,1414.10000000,3.2195
1749263391,3.22440000,3177.90000000,3.2195
1749263391,3.22450000,938.50000000,3.2195
1749263391,3.22460000,10409.80000000,3.2195
1749263391,3.22470000,654.00000000,3.2195
1749263391,3.22480000,514.50000000,3.2195
1749263391,3.22490000,1552.50000000,3.2195
1749263391,3.22500000,292.80000000,3.2195
1749263391,3.22510000,1943.90000000,3.2195
1749263391,3.22520000,237.20000000,3.2195
1749263391,3.22530000,316.90000000,3.2195
1749263391,3.22540000,3041.80000000,3.2195
1749263391,3.22550000,3635.90000000,3.2195
1749263391,3.22560000,4720.30000000,3.2195
1749263391,3.22570000,3.20000000,3.2195
1749263391,3.22580000,1542.00000000,3.2195
1749263391,3.22590000,734.20000000,3.2195
1749263391,3.22600000,2791.90000000,3.2195
1749263391,3.22610000,621.00000000,3.2195
1749263391,3.22620000,1487.90000000,3.2195
1749263391,3.22630000,1754.20000000,3.2195
1749263391,3.22650000,617.80000000,3.2195
1749263391,3.22660000,309.80000000,3.2195
1749263391,3.22670000,1884.50000000,3.2195
1749263391,3.22680000,383.40000000,3.2195
1749263391,3.22690000,4.20000000,3.2195
1749263391,3.22700000,672.80000000,3.2195
1749263391,3.22710000,234.60000000,3.2195
1749263391,3.22730000,1791.20000000,3.2195
1749263391,3.22740000,6579.50000000,3.2195
1749263391,3.22760000,78.80000000,3.2195
1749263391,3.22770000,617.70000000,3.2195
1749263391,3.22780000,289.60000000,3.2195
1749263391,3.22790000,146.60000000,3.2195
1749263391,3.22800000,855.70000000,3.2195
1749263391,3.22810000,234.40000000,3.2195
1749263391,3.22820000,288.00000000,3.2195
1749263391,3.22830000,931.10000000,3.2195
1749263391,3.22840000,503.20000000,3.2195
1749263391,3.22850000,2.40000000,3.2195
1749263391,3.22860000,2507.80000000,3.2195
1749263391,3.22870000,17.40000000,3.2195
1749263391,3.22880000,8073.40000000,3.2195
1749263692,3.21730000,222.90000000,3.2172
1749263692,3.21740000,120.40000000,3.2172
1749263692,3.21750000,228.60000000,3.2172
1749263692,3.21760000,769.40000000,3.2172
1749263692,3.21770000,716.50000000,3.2172
1749263692,3.21780000,2396.90000000,3.2172
1749263692,3.21790000,1581.70000000,3.2172
1749263692,3.21800000,2534.90000000,3.2172
1749263692,3.21810000,2357.60000000,3.2172
1749263692,3.21820000,1765.00000000,3.2172
1749263692,3.21830000,322.30000000,3.2172
1749263692,3.21840000,1039.60000000,3.2172
1749263692,3.21850000,2043.80000000,3.2172
1749263692,3.21860000,2453.00000000,3.2172
1749263692,3.21870000,4780.00000000,3.2172
1749263692,3.21880000,2235.20000000,3.2172
1749263692,3.21890000,1721.30000000,3.2172
1749263692,3.21900000,1798.50000000,3.2172
1749263692,3.21910000,836.10000000,3.2172
1749263692,3.21920000,1780.40000000,3.2172
1749263692,3.21930000,11.20000000,3.2172
1749263692,3.21940000,357.00000000,3.2172
1749263692,3.21950000,999.30000000,3.2172
1749263692,3.21960000,683.30000000,3.2172
1749263692,3.21970000,1226.00000000,3.2172
1749263692,3.21980000,1616.70000000,3.2172
1749263692,3.21990000,2463.80000000,3.2172
1749263692,3.22000000,1066.90000000,3.2172
1749263692,3.22010000,160.00000000,3.2172
1749263692,3.22020000,987.40000000,3.2172
1749263692,3.22030000,622.60000000,3.2172
1749263692,3.22040000,1915.50000000,3.2172
1749263692,3.22050000,297.00000000,3.2172
1749263692,3.22060000,2259.60000000,3.2172
1749263692,3.22070000,1033.00000000,3.2172
1749263692,3.22080000,6149.90000000,3.2172
1749263692,3.22090000,5518.10000000,3.2172
1749263692,3.22100000,3998.30000000,3.2172
1749263692,3.22110000,2565.00000000,3.2172
1749263692,3.22120000,7314.40000000,3.2172
1749263692,3.22130000,1226.50000000,3.2172
1749263692,3.22140000,433.90000000,3.2172
1749263692,3.22150000,622.40000000,3.2172
1749263692,3.22160000,1323.90000000,3.2172
1749263692,3.22170000,1150.60000000,3.2172
1749263692,3.22180000,2803.90000000,3.2172
1749263692,3.22190000,2135.20000000,3.2172
1749263692,3.22200000,5186.20000000,3.2172
1749263692,3.22210000,702.30000000,3.2172
1749263692,3.22220000,668.90000000,3.2172
1749263692,3.22230000,681.90000000,3.2172
1749263692,3.22240000,2659.70000000,3.2172
1749263692,3.22250000,2434.50000000,3.2172
1749263692,3.22260000,4767.90000000,3.2172
1749263692,3.22270000,1794.30000000,3.2172
1749263692,3.22280000,4709.90000000,3.2172
1749263692,3.22290000,1688.30000000,3.2172
1749263692,3.22300000,5026.20000000,3.2172
1749263692,3.22310000,1511.50000000,3.2172
1749263692,3.22320000,3352.90000000,3.2172
1749263692,3.22330000,2375.60000000,3.2172
1749263692,3.22340000,1478.10000000,3.2172
1749263692,3.22350000,621.90000000,3.2172
1749263692,3.22360000,549.80000000,3.2172
1749263692,3.22370000,896.90000000,3.2172
1749263692,3.22380000,916.60000000,3.2172
1749263692,3.22390000,958.10000000,3.2172
1749263692,3.22400000,5367.30000000,3.2172
1749263692,3.22410000,6988.60000000,3.2172
1749263692,3.22420000,936.10000000,3.2172
1749263692,3.22430000,1738.80000000,3.2172
1749263692,3.22440000,737.20000000,3.2172
1749263692,3.22450000,3.20000000,3.2172
1749263692,3.22460000,1968.40000000,3.2172
1749263692,3.22470000,654.50000000,3.2172
1749263692,3.22480000,2073.30000000,3.2172
1749263692,3.22490000,934.30000000,3.2172
1749263692,3.22500000,1532.10000000,3.2172
1749263692,3.22510000,1558.20000000,3.2172
1749263692,3.22520000,436.60000000,3.2172
1749263692,3.22530000,495.40000000,3.2172
1749263692,3.22540000,3471.50000000,3.2172
1749263692,3.22550000,619.60000000,3.2172
1749263692,3.22560000,6.60000000,3.2172
1749263692,3.22580000,4487.20000000,3.2172
1749263692,3.22590000,191.20000000,3.2172
1749263692,3.22600000,1990.60000000,3.2172
1749263692,3.22610000,618.00000000,3.2172
1749263692,3.22620000,288.00000000,3.2172
1749263692,3.22630000,4067.10000000,3.2172
1749263692,3.22640000,9565.20000000,3.2172
1749263692,3.22660000,898.50000000,3.2172
1749263692,3.22670000,1650.10000000,3.2172
1749263692,3.22690000,413.00000000,3.2172
1749263692,3.22700000,1063.70000000,3.2172
1749263692,3.22710000,618.00000000,3.2172
1749263692,3.22720000,67.70000000,3.2172
1749263692,3.22730000,1556.60000000,3.2172
1749263692,3.22740000,6814.50000000,3.2172
1749263692,3.22770000,697.60000000,3.2172
1749263994,3.22480000,2227.80000000,3.2248
1749263994,3.22490000,1260.60000000,3.2248
1749263994,3.22500000,2469.40000000,3.2248
1749263994,3.22510000,764.80000000,3.2248
1749263994,3.22520000,35.60000000,3.2248
1749263994,3.22530000,279.90000000,3.2248
1749263994,3.22540000,929.60000000,3.2248
1749263994,3.22550000,404.80000000,3.2248
1749263994,3.22560000,1102.50000000,3.2248
1749263994,3.22570000,529.40000000,3.2248
1749263994,3.22580000,353.50000000,3.2248
1749263994,3.22590000,196.10000000,3.2248
1749263994,3.22600000,1276.20000000,3.2248
1749263994,3.22610000,1753.90000000,3.2248
1749263994,3.22620000,3712.80000000,3.2248
1749263994,3.22630000,4670.70000000,3.2248
1749263994,3.22640000,1923.00000000,3.2248
1749263994,3.22650000,238.70000000,3.2248
1749263994,3.22660000,1889.10000000,3.2248
1749263994,3.22670000,1771.50000000,3.2248
1749263994,3.22680000,1648.20000000,3.2248
1749263994,3.22690000,848.00000000,3.2248
1749263994,3.22700000,2398.70000000,3.2248
1749263994,3.22710000,623.00000000,3.2248
1749263994,3.22720000,2438.10000000,3.2248
1749263994,3.22730000,1563.50000000,3.2248
1749263994,3.22740000,2092.50000000,3.2248
1749263994,3.22750000,672.30000000,3.2248
1749263994,3.22760000,1204.00000000,3.2248
1749263994,3.22770000,1005.70000000,3.2248
1749263994,3.22780000,2384.40000000,3.2248
1749263994,3.22790000,7568.50000000,3.2248
1749263994,3.22800000,3460.70000000,3.2248
1749263994,3.22810000,1516.70000000,3.2248
1749263994,3.22820000,3417.50000000,3.2248
1749263994,3.22830000,1461.50000000,3.2248
1749263994,3.22840000,8448.30000000,3.2248
1749263994,3.22850000,1634.40000000,3.2248
1749263994,3.22860000,4605.40000000,3.2248
1749263994,3.22870000,1290.20000000,3.2248
1749263994,3.22880000,2925.70000000,3.2248
1749263994,3.22890000,1512.20000000,3.2248
1749263994,3.22900000,1079.80000000,3.2248
1749263994,3.22910000,1500.00000000,3.2248
1749263994,3.22920000,3338.90000000,3.2248
1749263994,3.22930000,2523.80000000,3.2248
1749263994,3.22940000,9051.90000000,3.2248
1749263994,3.22950000,620.70000000,3.2248
1749263994,3.22960000,4603.90000000,3.2248
1749263994,3.22970000,858.60000000,3.2248
1749263994,3.22980000,1916.90000000,3.2248
1749263994,3.22990000,1861.90000000,3.2248
1749263994,3.23000000,4511.50000000,3.2248
1749263994,3.23010000,4859.80000000,3.2248
1749263994,3.23020000,2225.40000000,3.2248
1749263994,3.23030000,343.10000000,3.2248
1749263994,3.23040000,11.40000000,3.2248
1749263994,3.23050000,1643.00000000,3.2248
1749263994,3.23060000,5097.80000000,3.2248
1749263994,3.23070000,5028.90000000,3.2248
1749263994,3.23080000,1045.00000000,3.2248
1749263994,3.23090000,514.50000000,3.2248
1749263994,3.23100000,1197.40000000,3.2248
1749263994,3.23110000,620.20000000,3.2248
1749263994,3.23120000,592.90000000,3.2248
1749263994,3.23130000,1086.00000000,3.2248
1749263994,3.23140000,961.40000000,3.2248
1749263994,3.23150000,653.40000000,3.2248
1749263994,3.23160000,82.30000000,3.2248
1749263994,3.23170000,1774.80000000,3.2248
1749263994,3.23180000,909.70000000,3.2248
1749263994,3.23190000,3109.90000000,3.2248
1749263994,3.23200000,8.40000000,3.2248
1749263994,3.23210000,620.10000000,3.2248
1749263994,3.23220000,299.80000000,3.2248
1749263994,3.23230000,934.60000000,3.2248
1749263994,3.23240000,438.80000000,3.2248
1749263994,3.23250000,14834.30000000,3.2248
1749263994,3.23260000,288.00000000,3.2248
1749263994,3.23270000,600.80000000,3.2248
1749263994,3.23280000,927.40000000,3.2248
1749263994,3.23290000,632.80000000,3.2248
1749263994,3.23300000,288.00000000,3.2248
1749263994,3.23320000,2175.00000000,3.2248
1749263994,3.23330000,4.50000000,3.2248
1749263994,3.23340000,901.60000000,3.2248
1749263994,3.23350000,616.70000000,3.2248
1749263994,3.23360000,4358.70000000,3.2248
1749263994,3.23370000,620.20000000,3.2248
1749263994,3.23380000,288.00000000,3.2248
1749263994,3.23390000,1556.60000000,3.2248
1749263994,3.23400000,7260.00000000,3.2248
1749263994,3.23420000,904.60000000,3.2248
1749263994,3.23430000,312.90000000,3.2248
1749263994,3.23440000,8115.30000000,3.2248
1749263994,3.23450000,2166.70000000,3.2248
1749263994,3.23460000,288.00000000,3.2248
1749263994,3.23470000,8934.70000000,3.2248
1749263994,3.23480000,1132.80000000,3.2248
1749263994,3.23490000,2.40000000,3.2248
1749264295,3.22660000,1760.90000000,3.2266
1749264295,3.22670000,976.50000000,3.2266
1749264295,3.22680000,1517.80000000,3.2266
1749264295,3.22690000,635.30000000,3.2266
1749264295,3.22700000,551.20000000,3.2266
1749264295,3.22710000,224.00000000,3.2266
1749264295,3.22720000,644.60000000,3.2266
1749264295,3.22730000,227.60000000,3.2266
1749264295,3.22740000,1857.20000000,3.2266
1749264295,3.22750000,2020.50000000,3.2266
1749264295,3.22760000,1235.90000000,3.2266
1749264295,3.22770000,314.40000000,3.2266
1749264295,3.22780000,3026.90000000,3.2266
1749264295,3.22790000,444.50000000,3.2266
1749264295,3.22800000,588.70000000,3.2266
1749264295,3.22810000,1555.10000000,3.2266
1749264295,3.22820000,2619.10000000,3.2266
1749264295,3.22830000,1217.80000000,3.2266
1749264295,3.22840000,6814.30000000,3.2266
1749264295,3.22850000,1121.20000000,3.2266
1749264295,3.22860000,1251.30000000,3.2266
1749264295,3.22870000,890.50000000,3.2266
1749264295,3.22880000,1261.60000000,3.2266
1749264295,3.22890000,942.30000000,3.2266
1749264295,3.22900000,719.90000000,3.2266
1749264295,3.22910000,929.70000000,3.2266
1749264295,3.22920000,994.60000000,3.2266
1749264295,3.22930000,2357.50000000,3.2266
1749264295,3.22940000,487.10000000,3.2266
1749264295,3.22950000,907.40000000,3.2266
1749264295,3.22960000,3215.70000000,3.2266
1749264295,3.22970000,1749.20000000,3.2266
1749264295,3.22980000,7971.90000000,3.2266
1749264295,3.22990000,1110.70000000,3.2266
1749264295,3.23000000,5690.80000000,3.2266
1749264295,3.23010000,5482.80000000,3.2266
1749264295,3.23020000,813.10000000,3.2266
1749264295,3.23030000,65.00000000,3.2266
1749264295,3.23040000,319.60000000,3.2266
1749264295,3.23050000,622.20000000,3.2266
1749264295,3.23060000,1671.40000000,3.2266
1749264295,3.23070000,3189.60000000,3.2266
1749264295,3.23080000,2628.20000000,3.2266
1749264295,3.23090000,575.80000000,3.2266
1749264295,3.23100000,3731.50000000,3.2266
1749264295,3.23110000,8312.50000000,3.2266
1749264295,3.23120000,3349.50000000,3.2266
1749264295,3.23130000,2751.80000000,3.2266
1749264295,3.23140000,4303.50000000,3.2266
1749264295,3.23150000,4775.50000000,3.2266
1749264295,3.23160000,3856.50000000,3.2266
1749264295,3.23170000,1941.40000000,3.2266
1749264295,3.23180000,4852.20000000,3.2266
1749264295,3.23190000,5529.50000000,3.2266
1749264295,3.23200000,1166.70000000,3.2266
1749264295,3.23210000,3.20000000,3.2266
1749264295,3.23220000,2390.60000000,3.2266
1749264295,3.23230000,576.60000000,3.2266
1749264295,3.23240000,1058.30000000,3.2266
1749264295,3.23250000,907.70000000,3.2266
1749264295,3.23260000,1465.90000000,3.2266
1749264295,3.23270000,788.60000000,3.2266
1749264295,3.23280000,2430.50000000,3.2266
1749264295,3.23290000,4394.00000000,3.2266
1749264295,3.23300000,617.60000000,3.2266
1749264295,3.23310000,337.30000000,3.2266
1749264295,3.23320000,1413.50000000,3.2266
1749264295,3.23330000,908.00000000,3.2266
1749264295,3.23340000,383.40000000,3.2266
1749264295,3.23350000,1188.60000000,3.2266
1749264295,3.23360000,4.80000000,3.2266
1749264295,3.23370000,617.60000000,3.2266
1749264295,3.23380000,599.50000000,3.2266
1749264295,3.23390000,619.20000000,3.2266
1749264295,3.23400000,6287.60000000,3.2266
1749264295,3.23410000,2174.20000000,3.2266
1749264295,3.23420000,1841.30000000,3.2266
1749264295,3.23430000,1621.00000000,3.2266
1749264295,3.23440000,40.10000000,3.2266
1749264295,3.23450000,614.40000000,3.2266
1749264295,3.23460000,288.00000000,3.2266
1749264295,3.23470000,615.80000000,3.2266
1749264295,3.23480000,1180.70000000,3.2266
1749264295,3.23490000,616.80000000,3.2266
1749264295,3.23500000,1556.60000000,3.2266
1749264295,3.23510000,615.80000000,3.2266
1749264295,3.23520000,5.00000000,3.2266
1749264295,3.23530000,902.20000000,3.2266
1749264295,3.23540000,4490.40000000,3.2266
1749264295,3.23550000,2599.80000000,3.2266
1749264295,3.23570000,2155.90000000,3.2266
1749264295,3.23580000,10944.10000000,3.2266
1749264295,3.23590000,1.60000000,3.2266
1749264295,3.23600000,4335.00000000,3.2266
1749264295,3.23610000,288.00000000,3.2266
1749264295,3.23620000,613.90000000,3.2266
1749264295,3.23640000,614.10000000,3.2266
1749264295,3.23650000,792.20000000,3.2266
1749264295,3.23660000,1813.90000000,3.2266
1749264295,3.23670000,1556.60000000,3.2266
1749264597,3.23490000,3214.80000000,3.2341
1749264597,3.23500000,2846.10000000,3.2341
1749264597,3.23510000,3865.80000000,3.2341
1749264597,3.23520000,834.10000000,3.2341
1749264597,3.23530000,315.00000000,3.2341
1749264597,3.23540000,201.20000000,3.2341
1749264597,3.23550000,248.10000000,3.2341
1749264597,3.23560000,248.00000000,3.2341
1749264597,3.23570000,18.50000000,3.2341
1749264597,3.23580000,1130.40000000,3.2341
1749264597,3.23590000,934.20000000,3.2341
1749264597,3.23600000,2008.10000000,3.2341
1749264597,3.23610000,3336.90000000,3.2341
1749264597,3.23620000,601.10000000,3.2341
1749264597,3.23630000,3.20000000,3.2341
1749264597,3.23640000,2247.20000000,3.2341
1749264597,3.23650000,2159.00000000,3.2341
1749264597,3.23660000,760.00000000,3.2341
1749264597,3.23670000,1752.60000000,3.2341
1749264597,3.23680000,2615.20000000,3.2341
1749264597,3.23690000,5150.20000000,3.2341
1749264597,3.23700000,1100.70000000,3.2341
1749264597,3.23710000,1740.90000000,3.2341
1749264597,3.23720000,1298.50000000,3.2341
1749264597,3.23730000,864.00000000,3.2341
1749264597,3.23740000,1407.10000000,3.2341
1749264597,3.23750000,246.50000000,3.2341
1749264597,3.23760000,1765.40000000,3.2341
1749264597,3.23770000,1695.10000000,3.2341
1749264597,3.23780000,2148.80000000,3.2341
1749264597,3.23790000,923.20000000,3.2341
1749264597,3.23800000,779.70000000,3.2341
1749264597,3.23810000,293.60000000,3.2341
1749264597,3.23820000,929.10000000,3.2341
1749264597,3.23830000,6610.10000000,3.2341
1749264597,3.23840000,5807.50000000,3.2341
1749264597,3.23850000,1190.60000000,3.2341
1749264597,3.23860000,1557.30000000,3.2341
1749264597,3.23870000,4236.80000000,3.2341
1749264597,3.23880000,3238.70000000,3.2341
1749264597,3.23890000,5984.30000000,3.2341
1749264597,3.23900000,3.20000000,3.2341
1749264597,3.23910000,2482.10000000,3.2341
1749264597,3.23920000,7.60000000,3.2341
1749264597,3.23930000,1671.60000000,3.2341
1749264597,3.23940000,2164.10000000,3.2341
1749264597,3.23950000,1921.50000000,3.2341
1749264597,3.23960000,2642.20000000,3.2341
1749264597,3.23970000,1297.70000000,3.2341
1749264597,3.23980000,3648.70000000,3.2341
1749264597,3.23990000,8707.80000000,3.2341
1749264597,3.24000000,5119.10000000,3.2341
1749264597,3.24010000,2793.70000000,3.2341
1749264597,3.24020000,1788.80000000,3.2341
1749264597,3.24030000,1860.60000000,3.2341
1749264597,3.24040000,2805.30000000,3.2341
1749264597,3.24050000,1387.90000000,3.2341
1749264597,3.24060000,7845.50000000,3.2341
1749264597,3.24070000,619.90000000,3.2341
1749264597,3.24080000,1725.10000000,3.2341
1749264597,3.24090000,1847.10000000,3.2341
1749264597,3.24100000,296.20000000,3.2341
1749264597,3.24110000,3.20000000,3.2341
1749264597,3.24120000,1172.60000000,3.2341
1749264597,3.24130000,672.40000000,3.2341
1749264597,3.24140000,2226.60000000,3.2341
1749264597,3.24150000,500.10000000,3.2341
1749264597,3.24160000,2736.70000000,3.2341
1749264597,3.24170000,2348.80000000,3.2341
1749264597,3.24180000,2633.50000000,3.2341
1749264597,3.24190000,618.30000000,3.2341
1749264597,3.24200000,231.70000000,3.2341
1749264597,3.24210000,967.50000000,3.2341
1749264597,3.24220000,917.90000000,3.2341
1749264597,3.24230000,114.40000000,3.2341
1749264597,3.24240000,899.60000000,3.2341
1749264597,3.24250000,2290.10000000,3.2341
1749264597,3.24260000,289.70000000,3.2341
1749264597,3.24270000,336.80000000,3.2341
1749264597,3.24280000,700.70000000,3.2341
1749264597,3.24290000,1550.50000000,3.2341
1749264597,3.24300000,319.80000000,3.2341
1749264597,3.24310000,631.00000000,3.2341
1749264597,3.24320000,5.00000000,3.2341
1749264597,3.24330000,1575.10000000,3.2341
1749264597,3.24340000,1023.80000000,3.2341
1749264597,3.24360000,754.90000000,3.2341
1749264597,3.24370000,2239.50000000,3.2341
1749264597,3.24380000,4032.10000000,3.2341
1749264597,3.24390000,4900.30000000,3.2341
1749264597,3.24400000,1024.00000000,3.2341
1749264597,3.24410000,15.00000000,3.2341
1749264597,3.24420000,313.10000000,3.2341
1749264597,3.24430000,613.90000000,3.2341
1749264597,3.24440000,1572.70000000,3.2341
1749264597,3.24450000,616.30000000,3.2341
1749264597,3.24460000,3047.30000000,3.2341
1749264597,3.24470000,9.40000000,3.2341
1749264597,3.24480000,697.40000000,3.2341
1749264597,3.24490000,501.60000000,3.2341
1749264898,3.25430000,28.20000000,3.2547
1749264898,3.25460000,33.60000000,3.2547
1749264898,3.25470000,1.60000000,3.2547
1749264898,3.25480000,319.40000000,3.2547
1749264898,3.25490000,2.40000000,3.2547
1749264898,3.25500000,15783.40000000,3.2547
1749264898,3.25510000,7.00000000,3.2547
1749264898,3.25520000,579.20000000,3.2547
1749264898,3.25530000,104.70000000,3.2547
1749264898,3.25540000,218.60000000,3.2547
1749264898,3.25550000,40.60000000,3.2547
1749264898,3.25560000,496.60000000,3.2547
1749264898,3.25570000,2.40000000,3.2547
1749264898,3.25580000,29.20000000,3.2547
1749264898,3.25590000,38.00000000,3.2547
1749264898,3.25600000,815.20000000,3.2547
1749264898,3.25610000,2.40000000,3.2547
1749264898,3.25620000,1157.40000000,3.2547
1749264898,3.25630000,84.00000000,3.2547
1749264898,3.25640000,1285.30000000,3.2547
1749264898,3.25650000,483.30000000,3.2547
1749264898,3.25660000,715.90000000,3.2547
1749264898,3.25670000,616.30000000,3.2547
1749264898,3.25680000,828.30000000,3.2547
1749264898,3.25690000,270.50000000,3.2547
1749264898,3.25700000,1361.60000000,3.2547
1749264898,3.25710000,1553.20000000,3.2547
1749264898,3.25720000,1285.40000000,3.2547
1749264898,3.25730000,993.20000000,3.2547
1749264898,3.25740000,648.60000000,3.2547
1749264898,3.25750000,593.70000000,3.2547
1749264898,3.25760000,1551.40000000,3.2547
1749264898,3.25770000,487.40000000,3.2547
1749264898,3.25780000,2383.30000000,3.2547
1749264898,3.25790000,6311.30000000,3.2547
1749264898,3.25800000,2059.20000000,3.2547
1749264898,3.25810000,306.10000000,3.2547
1749264898,3.25820000,1872.50000000,3.2547
1749264898,3.25830000,319.70000000,3.2547
1749264898,3.25840000,950.90000000,3.2547
1749264898,3.25850000,621.70000000,3.2547
1749264898,3.25860000,203.60000000,3.2547
1749264898,3.25870000,3321.20000000,3.2547
1749264898,3.25880000,679.90000000,3.2547
1749264898,3.25890000,986.00000000,3.2547
1749264898,3.25900000,434.80000000,3.2547
1749264898,3.25910000,613.90000000,3.2547
1749264898,3.25920000,996.80000000,3.2547
1749264898,3.25930000,3.10000000,3.2547
1749264898,3.25940000,489.30000000,3.2547
1749264898,3.25950000,6497.10000000,3.2547
1749264898,3.25960000,1787.60000000,3.2547
1749264898,3.25970000,143.00000000,3.2547
1749264898,3.25980000,2931.60000000,3.2547
1749264898,3.25990000,329.30000000,3.2547
1749264898,3.26000000,2920.90000000,3.2547
1749264898,3.26010000,925.10000000,3.2547
1749264898,3.26020000,1324.70000000,3.2547
1749264898,3.26030000,1945.60000000,3.2547
1749264898,3.26040000,5014.60000000,3.2547
1749264898,3.26050000,620.40000000,3.2547
1749264898,3.26060000,3.10000000,3.2547
1749264898,3.26070000,615.70000000,3.2547
1749264898,3.26080000,12.30000000,3.2547
1749264898,3.26090000,736.10000000,3.2547
1749264898,3.26100000,1553.00000000,3.2547
1749264898,3.26110000,678.50000000,3.2547
1749264898,3.26120000,5104.70000000,3.2547
1749264898,3.26130000,1554.90000000,3.2547
1749264898,3.26140000,160.10000000,3.2547
1749264898,3.26150000,613.70000000,3.2547
1749264898,3.26160000,5461.20000000,3.2547
1749264898,3.26170000,3.10000000,3.2547
1749264898,3.26180000,1494.10000000,3.2547
1749264898,3.26190000,9.70000000,3.2547
1749264898,3.26200000,61.90000000,3.2547
1749264898,3.26210000,1857.40000000,3.2547
1749264898,3.26230000,82.40000000,3.2547
1749264898,3.26240000,3.50000000,3.2547
1749264898,3.26250000,36.10000000,3.2547
1749264898,3.26260000,1991.90000000,3.2547
1749264898,3.26270000,14361.30000000,3.2547
1749264898,3.26290000,3.90000000,3.2547
1749264898,3.26310000,19.80000000,3.2547
1749264898,3.26320000,40.40000000,3.2547
1749264898,3.26330000,161.90000000,3.2547
1749264898,3.26340000,1545.80000000,3.2547
1749264898,3.26350000,4.00000000,3.2547
1749264898,3.26360000,434.00000000,3.2547
1749264898,3.26370000,4735.80000000,3.2547
1749264898,3.26380000,36.20000000,3.2547
1749264898,3.26390000,1550.10000000,3.2547
1749264898,3.26400000,1899.00000000,3.2547
1749264898,3.26410000,552.10000000,3.2547
1749264898,3.26420000,20.70000000,3.2547
1749264898,3.26430000,12.30000000,3.2547
1749264898,3.26440000,22.90000000,3.2547
1749264898,3.26460000,46.40000000,3.2547
1749264898,3.26470000,1615.90000000,3.2547
1749264898,3.26480000,1.60000000,3.2547
1749265200,3.25510000,1652.00000000,3.2549
1749265200,3.25520000,1857.10000000,3.2549
1749265200,3.25530000,1137.50000000,3.2549
1749265200,3.25540000,546.90000000,3.2549
1749265200,3.25550000,1114.50000000,3.2549
1749265200,3.25560000,932.40000000,3.2549
1749265200,3.25570000,480.80000000,3.2549
1749265200,3.25580000,1082.80000000,3.2549
1749265200,3.25590000,1650.50000000,3.2549
1749265200,3.25600000,526.90000000,3.2549
1749265200,3.25610000,542.40000000,3.2549
1749265200,3.25620000,2599.60000000,3.2549
1749265200,3.25630000,361.10000000,3.2549
1749265200,3.25640000,4899.20000000,3.2549
1749265200,3.25650000,271.40000000,3.2549
1749265200,3.25660000,613.80000000,3.2549
1749265200,3.25670000,5.50000000,3.2549
1749265200,3.25680000,637.40000000,3.2549
1749265200,3.25690000,1441.80000000,3.2549
1749265200,3.25700000,1402.70000000,3.2549
1749265200,3.25710000,2565.20000000,3.2549
1749265200,3.25720000,1584.70000000,3.2549
1749265200,3.25730000,317.30000000,3.2549
1749265200,3.25740000,1528.50000000,3.2549
1749265200,3.25750000,613.60000000,3.2549
1749265200,3.25760000,653.20000000,3.2549
1749265200,3.25770000,1584.80000000,3.2549
1749265200,3.25780000,1543.60000000,3.2549
1749265200,3.25790000,1049.40000000,3.2549
1749265200,3.25800000,726.60000000,3.2549
1749265200,3.25810000,1908.50000000,3.2549
1749265200,3.25820000,1297.30000000,3.2549
1749265200,3.25830000,615.90000000,3.2549
1749265200,3.25840000,1800.80000000,3.2549
1749265200,3.25850000,770.00000000,3.2549
1749265200,3.25860000,295.70000000,3.2549
1749265200,3.25870000,312.50000000,3.2549
1749265200,3.25880000,1702.90000000,3.2549
1749265200,3.25890000,1012.20000000,3.2549
1749265200,3.25900000,1479.90000000,3.2549
1749265200,3.25910000,2707.20000000,3.2549
1749265200,3.25920000,3642.10000000,3.2549
1749265200,3.25930000,2150.70000000,3.2549
1749265200,3.25940000,2621.70000000,3.2549
1749265200,3.25950000,6875.60000000,3.2549
1749265200,3.25960000,2587.00000000,3.2549
1749265200,3.25970000,618.90000000,3.2549
1749265200,3.25980000,8047.60000000,3.2549
1749265200,3.25990000,1068.60000000,3.2549
1749265200,3.26000000,7375.90000000,3.2549
1749265200,3.26010000,2203.50000000,3.2549
1749265200,3.26020000,2007.40000000,3.2549
1749265200,3.26030000,1018.00000000,3.2549
1749265200,3.26040000,1192.90000000,3.2549
1749265200,3.26050000,860.80000000,3.2549
1749265200,3.26060000,7.10000000,3.2549
1749265200,3.26070000,688.10000000,3.2549
1749265200,3.26080000,1037.60000000,3.2549
1749265200,3.26090000,2573.60000000,3.2549
1749265200,3.26100000,2514.70000000,3.2549
1749265200,3.26110000,3912.30000000,3.2549
1749265200,3.26120000,3883.80000000,3.2549
1749265200,3.26130000,438.80000000,3.2549
1749265200,3.26140000,3284.80000000,3.2549
1749265200,3.26150000,3.10000000,3.2549
1749265200,3.26160000,1749.70000000,3.2549
1749265200,3.26170000,1539.80000000,3.2549
1749265200,3.26180000,2849.40000000,3.2549
1749265200,3.26190000,12.80000000,3.2549
1749265200,3.26200000,374.40000000,3.2549
1749265200,3.26210000,624.70000000,3.2549
1749265200,3.26220000,1948.00000000,3.2549
1749265200,3.26230000,745.30000000,3.2549
1749265200,3.26240000,1315.00000000,3.2549
1749265200,3.26250000,1919.70000000,3.2549
1749265200,3.26260000,4611.10000000,3.2549
1749265200,3.26270000,111.70000000,3.2549
1749265200,3.26280000,459.30000000,3.2549
1749265200,3.26290000,1658.50000000,3.2549
1749265200,3.26300000,1000.00000000,3.2549
1749265200,3.26310000,327.20000000,3.2549
1749265200,3.26320000,40.40000000,3.2549
1749265200,3.26330000,1540.70000000,3.2549
1749265200,3.26340000,312.90000000,3.2549
1749265200,3.26350000,1116.60000000,3.2549
1749265200,3.26360000,510.70000000,3.2549
1749265200,3.26370000,4502.70000000,3.2549
1749265200,3.26380000,132.50000000,3.2549
1749265200,3.26390000,6107.60000000,3.2549
1749265200,3.26400000,119.90000000,3.2549
1749265200,3.26410000,312.40000000,3.2549
1749265200,3.26420000,1716.30000000,3.2549
1749265200,3.26430000,341.70000000,3.2549
1749265200,3.26440000,979.30000000,3.2549
1749265200,3.26450000,1536.70000000,3.2549
1749265200,3.26460000,1024.60000000,3.2549
1749265200,3.26470000,567.40000000,3.2549
1749265200,3.26480000,979.80000000,3.2549
1749265200,3.26490000,99.80000000,3.2549
1749265200,3.26500000,2728.50000000,3.2549
1749265501,3.26000000,1670.50000000,3.2599
1749265501,3.26010000,1747.40000000,3.2599
1749265501,3.26020000,1404.70000000,3.2599
1749265501,3.26030000,906.90000000,3.2599
1749265501,3.26040000,247.70000000,3.2599
1749265501,3.26050000,431.00000000,3.2599
1749265501,3.26060000,313.00000000,3.2599
1749265501,3.26070000,6.90000000,3.2599
1749265501,3.26080000,559.50000000,3.2599
1749265501,3.26090000,791.90000000,3.2599
1749265501,3.26100000,727.40000000,3.2599
1749265501,3.26110000,312.50000000,3.2599
1749265501,3.26120000,1607.70000000,3.2599
1749265501,3.26130000,4.80000000,3.2599
1749265501,3.26140000,66.00000000,3.2599
1749265501,3.26150000,5.40000000,3.2599
1749265501,3.26160000,11.20000000,3.2599
1749265501,3.26170000,291.10000000,3.2599
1749265501,3.26180000,2186.10000000,3.2599
1749265501,3.26190000,1540.00000000,3.2599
1749265501,3.26200000,1972.80000000,3.2599
1749265501,3.26210000,984.40000000,3.2599
1749265501,3.26220000,683.60000000,3.2599
1749265501,3.26230000,437.80000000,3.2599
1749265501,3.26240000,293.40000000,3.2599
1749265501,3.26250000,4.80000000,3.2599
1749265501,3.26260000,930.40000000,3.2599
1749265501,3.26270000,2329.60000000,3.2599
1749265501,3.26280000,580.90000000,3.2599
1749265501,3.26290000,862.10000000,3.2599
1749265501,3.26300000,794.30000000,3.2599
1749265501,3.26310000,2216.80000000,3.2599
1749265501,3.26320000,811.90000000,3.2599
1749265501,3.26330000,639.40000000,3.2599
1749265501,3.26340000,1901.00000000,3.2599
1749265501,3.26350000,6433.00000000,3.2599
1749265501,3.26360000,1633.90000000,3.2599
1749265501,3.26370000,2348.50000000,3.2599
1749265501,3.26380000,1613.60000000,3.2599
1749265501,3.26390000,958.90000000,3.2599
1749265501,3.26400000,2263.20000000,3.2599
1749265501,3.26410000,4886.60000000,3.2599
1749265501,3.26420000,1171.70000000,3.2599
1749265501,3.26430000,2480.80000000,3.2599
1749265501,3.26440000,2315.20000000,3.2599
1749265501,3.26450000,2078.00000000,3.2599
1749265501,3.26460000,1843.90000000,3.2599
1749265501,3.26470000,1643.90000000,3.2599
1749265501,3.26480000,2089.70000000,3.2599
1749265501,3.26490000,1441.30000000,3.2599
1749265501,3.26500000,3201.00000000,3.2599
1749265501,3.26510000,2180.20000000,3.2599
1749265501,3.26520000,5065.00000000,3.2599
1749265501,3.26530000,2742.00000000,3.2599
1749265501,3.26540000,2286.50000000,3.2599
1749265501,3.26550000,4277.90000000,3.2599
1749265501,3.26560000,3749.30000000,3.2599
1749265501,3.26570000,1962.00000000,3.2599
1749265501,3.26580000,1525.70000000,3.2599
1749265501,3.26590000,2488.10000000,3.2599
1749265501,3.26600000,247.60000000,3.2599
1749265501,3.26610000,156.00000000,3.2599
1749265501,3.26620000,645.90000000,3.2599
1749265501,3.26630000,175.80000000,3.2599
1749265501,3.26640000,582.20000000,3.2599
1749265501,3.26650000,1205.30000000,3.2599
1749265501,3.26660000,1538.30000000,3.2599
1749265501,3.26670000,1553.20000000,3.2599
1749265501,3.26680000,1677.60000000,3.2599
1749265501,3.26690000,312.40000000,3.2599
1749265501,3.26700000,4741.40000000,3.2599
1749265501,3.26710000,237.00000000,3.2599
1749265501,3.26720000,1046.20000000,3.2599
1749265501,3.26730000,1552.70000000,3.2599
1749265501,3.26740000,19.40000000,3.2599
1749265501,3.26750000,182.90000000,3.2599
1749265501,3.26760000,1074.70000000,3.2599
1749265501,3.26770000,1250.00000000,3.2599
1749265501,3.26780000,244.00000000,3.2599
1749265501,3.26790000,807.00000000,3.2599
1749265501,3.26810000,1535.20000000,3.2599
1749265501,3.26820000,383.20000000,3.2599
1749265501,3.26840000,3431.60000000,3.2599
1749265501,3.26850000,2.30000000,3.2599
1749265501,3.26860000,938.20000000,3.2599
1749265501,3.26870000,2844.00000000,3.2599
1749265501,3.26880000,3258.30000000,3.2599
1749265501,3.26890000,11131.30000000,3.2599
1749265501,3.26900000,5769.70000000,3.2599
1749265501,3.26920000,1177.40000000,3.2599
1749265501,3.26930000,313.90000000,3.2599
1749265501,3.26940000,9.40000000,3.2599
1749265501,3.26950000,1.60000000,3.2599
1749265501,3.26960000,410.00000000,3.2599
1749265501,3.26970000,1.60000000,3.2599
1749265501,3.26990000,4074.30000000,3.2599
1749265501,3.27000000,193457.60000000,3.2599
1749265501,3.27010000,2.40000000,3.2599
1749265501,3.27020000,311.50000000,3.2599
1749265501,3.27030000,4738.20000000,3.2599
1749265803,3.27010000,540.70000000,3.27
1749265803,3.27020000,78.70000000,3.27
1749265803,3.27030000,993.20000000,3.27
1749265803,3.27040000,79.50000000,3.27
1749265803,3.27050000,1341.70000000,3.27
1749265803,3.27060000,625.30000000,3.27
1749265803,3.27070000,6.60000000,3.27
1749265803,3.27080000,1437.40000000,3.27
1749265803,3.27090000,88.50000000,3.27
1749265803,3.27100000,1532.60000000,3.27
1749265803,3.27110000,7.00000000,3.27
1749265803,3.27120000,478.60000000,3.27
1749265803,3.27130000,1273.10000000,3.27
1749265803,3.27140000,826.10000000,3.27
1749265803,3.27150000,228.80000000,3.27
1749265803,3.27160000,3.10000000,3.27
1749265803,3.27170000,812.20000000,3.27
1749265803,3.27180000,1874.70000000,3.27
1749265803,3.27190000,317.80000000,3.27
1749265803,3.27200000,747.30000000,3.27
1749265803,3.27210000,1998.40000000,3.27
1749265803,3.27220000,628.00000000,3.27
1749265803,3.27230000,328.10000000,3.27
1749265803,3.27240000,664.40000000,3.27
1749265803,3.27250000,1856.80000000,3.27
1749265803,3.27260000,623.70000000,3.27
1749265803,3.27270000,206.40000000,3.27
1749265803,3.27280000,403.10000000,3.27
1749265803,3.27290000,393.60000000,3.27
1749265803,3.27300000,292.80000000,3.27
1749265803,3.27310000,657.40000000,3.27
1749265803,3.27320000,2245.60000000,3.27
1749265803,3.27330000,628.00000000,3.27
1749265803,3.27340000,919.80000000,3.27
1749265803,3.27350000,5.40000000,3.27
1749265803,3.27360000,450.00000000,3.27
1749265803,3.27370000,235.50000000,3.27
1749265803,3.27380000,744.00000000,3.27
1749265803,3.27390000,1529.60000000,3.27
1749265803,3.27400000,3.10000000,3.27
1749265803,3.27410000,35.90000000,3.27
1749265803,3.27420000,439.60000000,3.27
1749265803,3.27430000,1125.10000000,3.27
1749265803,3.27440000,2057.50000000,3.27
1749265803,3.27450000,1268.70000000,3.27
1749265803,3.27460000,1553.20000000,3.27
1749265803,3.27470000,293.40000000,3.27
1749265803,3.27480000,2909.10000000,3.27
1749265803,3.27490000,4229.70000000,3.27
1749265803,3.27500000,337.30000000,3.27
1749265803,3.27510000,291.10000000,3.27
1749265803,3.27520000,3.10000000,3.27
1749265803,3.27530000,897.00000000,3.27
1749265803,3.27540000,247.60000000,3.27
1749265803,3.27550000,2372.80000000,3.27
1749265803,3.27560000,5.40000000,3.27
1749265803,3.27570000,308.40000000,3.27
1749265803,3.27580000,717.90000000,3.27
1749265803,3.27590000,398.70000000,3.27
1749265803,3.27600000,11.20000000,3.27
1749265803,3.27610000,1877.20000000,3.27
1749265803,3.27620000,1629.30000000,3.27
1749265803,3.27630000,1447.60000000,3.27
1749265803,3.27640000,3.10000000,3.27
1749265803,3.27650000,5.40000000,3.27
1749265803,3.27660000,3.10000000,3.27
1749265803,3.27670000,313.20000000,3.27
1749265803,3.27680000,3.10000000,3.27
1749265803,3.27690000,5874.90000000,3.27
1749265803,3.27700000,1529.60000000,3.27
1749265803,3.27710000,3.10000000,3.27
1749265803,3.27720000,3.10000000,3.27
1749265803,3.27730000,3.10000000,3.27
1749265803,3.27740000,437.10000000,3.27
1749265803,3.27760000,1550.10000000,3.27
1749265803,3.27770000,305.30000000,3.27
1749265803,3.27780000,27.50000000,3.27
1749265803,3.27810000,459.50000000,3.27
1749265803,3.27840000,2252.00000000,3.27
1749265803,3.27860000,434.00000000,3.27
1749265803,3.27870000,1482.30000000,3.27
1749265803,3.27900000,1550.10000000,3.27
1749265803,3.27910000,484.00000000,3.27
1749265803,3.27920000,305.60000000,3.27
1749265803,3.27930000,2201.60000000,3.27
1749265803,3.27940000,1531.70000000,3.27
1749265803,3.27960000,495.10000000,3.27
1749265803,3.27970000,4017.50000000,3.27
1749265803,3.27980000,78.00000000,3.27
1749265803,3.28000000,7.10000000,3.27
1749265803,3.28010000,2531.70000000,3.27
1749265803,3.28020000,4965.40000000,3.27
1749265803,3.28030000,1118.70000000,3.27
1749265803,3.28040000,1550.10000000,3.27
1749265803,3.28060000,404.10000000,3.27
1749265803,3.28070000,434.00000000,3.27
1749265803,3.28080000,5334.20000000,3.27
1749265803,3.28090000,1023.60000000,3.27
1749265803,3.28110000,1.80000000,3.27
1749265803,3.28130000,2.30000000,3.27
1749266104,3.28440000,87.40000000,3.2849
1749266104,3.28450000,5.40000000,3.2849
1749266104,3.28460000,51.50000000,3.2849
1749266104,3.28470000,321.30000000,3.2849
1749266104,3.28480000,6.10000000,3.2849
1749266104,3.28490000,33.60000000,3.2849
1749266104,3.28500000,891.70000000,3.2849
1749266104,3.28510000,323.90000000,3.2849
1749266104,3.28520000,185.50000000,3.2849
1749266104,3.28530000,235.50000000,3.2849
1749266104,3.28540000,184.70000000,3.2849
1749266104,3.28550000,391.00000000,3.2849
1749266104,3.28560000,8.00000000,3.2849
1749266104,3.28570000,76.50000000,3.2849
1749266104,3.28580000,871.50000000,3.2849
1749266104,3.28590000,338.10000000,3.2849
1749266104,3.28600000,1466.60000000,3.2849
1749266104,3.28610000,91.10000000,3.2849
1749266104,3.28620000,785.90000000,3.2849
1749266104,3.28630000,875.20000000,3.2849
1749266104,3.28640000,898.00000000,3.2849
1749266104,3.28650000,393.10000000,3.2849
1749266104,3.28660000,2499.00000000,3.2849
1749266104,3.28670000,1379.10000000,3.2849
1749266104,3.28680000,627.10000000,3.2849
1749266104,3.28690000,795.70000000,3.2849
1749266104,3.28700000,1288.50000000,3.2849
1749266104,3.28710000,1009.30000000,3.2849
1749266104,3.28720000,648.40000000,3.2849
1749266104,3.28730000,1161.80000000,3.2849
1749266104,3.28740000,1356.30000000,3.2849
1749266104,3.28750000,505.80000000,3.2849
1749266104,3.28760000,1533.70000000,3.2849
1749266104,3.28770000,11.30000000,3.2849
1749266104,3.28780000,404.40000000,3.2849
1749266104,3.28790000,6468.70000000,3.2849
1749266104,3.28800000,16992.90000000,3.2849
1749266104,3.28810000,1565.90000000,3.2849
1749266104,3.28820000,648.80000000,3.2849
1749266104,3.28830000,294.20000000,3.2849
1749266104,3.28840000,314.30000000,3.2849
1749266104,3.28850000,564.30000000,3.2849
1749266104,3.28860000,1617.10000000,3.2849
1749266104,3.28870000,1613.70000000,3.2849
1749266104,3.28880000,4357.60000000,3.2849
1749266104,3.28890000,4581.50000000,3.2849
1749266104,3.28900000,12660.10000000,3.2849
1749266104,3.28910000,601.70000000,3.2849
1749266104,3.28920000,105.70000000,3.2849
1749266104,3.28930000,223.10000000,3.2849
1749266104,3.28940000,408.40000000,3.2849
1749266104,3.28950000,1019.40000000,3.2849
1749266104,3.28960000,256.10000000,3.2849
1749266104,3.28970000,211.60000000,3.2849
1749266104,3.28980000,396.90000000,3.2849
1749266104,3.28990000,2253.90000000,3.2849
1749266104,3.29000000,12810.20000000,3.2849
1749266104,3.29010000,4842.50000000,3.2849
1749266104,3.29020000,733.80000000,3.2849
1749266104,3.29030000,791.20000000,3.2849
1749266104,3.29040000,188.70000000,3.2849
1749266104,3.29050000,3.10000000,3.2849
1749266104,3.29060000,1531.20000000,3.2849
1749266104,3.29070000,5.10000000,3.2849
1749266104,3.29080000,2753.20000000,3.2849
1749266104,3.29090000,22.10000000,3.2849
1749266104,3.29100000,6.10000000,3.2849
1749266104,3.29110000,5.00000000,3.2849
1749266104,3.29120000,5.10000000,3.2849
1749266104,3.29130000,1535.00000000,3.2849
1749266104,3.29140000,1225.10000000,3.2849
1749266104,3.29150000,3.10000000,3.2849
1749266104,3.29160000,3.10000000,3.2849
1749266104,3.29170000,3.10000000,3.2849
1749266104,3.29180000,3.10000000,3.2849
1749266104,3.29190000,937.10000000,3.2849
1749266104,3.29200000,10.90000000,3.2849
1749266104,3.29210000,32.00000000,3.2849
1749266104,3.29220000,6.10000000,3.2849
1749266104,3.29230000,1529.80000000,3.2849
1749266104,3.29240000,3799.00000000,3.2849
1749266104,3.29250000,2.40000000,3.2849
1749266104,3.29270000,26.20000000,3.2849
1749266104,3.29280000,8.10000000,3.2849
1749266104,3.29300000,3585.10000000,3.2849
1749266104,3.29310000,77.10000000,3.2849
1749266104,3.29320000,38.50000000,3.2849
1749266104,3.29330000,146.90000000,3.2849
1749266104,3.29340000,5144.20000000,3.2849
1749266104,3.29350000,2320.70000000,3.2849
1749266104,3.29360000,8782.10000000,3.2849
1749266104,3.29370000,1526.50000000,3.2849
1749266104,3.29390000,434.00000000,3.2849
1749266104,3.29410000,14256.70000000,3.2849
1749266104,3.29420000,295.20000000,3.2849
1749266104,3.29430000,41139.00000000,3.2849
1749266104,3.29460000,3.40000000,3.2849
1749266104,3.29480000,21.70000000,3.2849
1749266104,3.29490000,111.80000000,3.2849
1749266104,3.29500000,1834.60000000,3.2849
1749266406,3.27390000,3885.20000000,3.2738
1749266406,3.27400000,32.50000000,3.2738
1749266406,3.27410000,328.30000000,3.2738
1749266406,3.27420000,1723.60000000,3.2738
1749266406,3.27430000,3351.40000000,3.2738
1749266406,3.27440000,2287.70000000,3.2738
1749266406,3.27450000,19.90000000,3.2738
1749266406,3.27460000,307.70000000,3.2738
1749266406,3.27470000,81.70000000,3.2738
1749266406,3.27480000,3.10000000,3.2738
1749266406,3.27490000,90.80000000,3.2738
1749266406,3.27500000,212.00000000,3.2738
1749266406,3.27510000,631.10000000,3.2738
1749266406,3.27520000,2314.70000000,3.2738
1749266406,3.27530000,635.70000000,3.2738
1749266406,3.27540000,427.50000000,3.2738
1749266406,3.27550000,186.70000000,3.2738
1749266406,3.27560000,887.80000000,3.2738
1749266406,3.27570000,292.80000000,3.2738
1749266406,3.27580000,611.30000000,3.2738
1749266406,3.27590000,236.70000000,3.2738
1749266406,3.27600000,1320.30000000,3.2738
1749266406,3.27610000,383.50000000,3.2738
1749266406,3.27620000,880.30000000,3.2738
1749266406,3.27630000,791.20000000,3.2738
1749266406,3.27640000,2066.10000000,3.2738
1749266406,3.27650000,1221.40000000,3.2738
1749266406,3.27660000,399.50000000,3.2738
1749266406,3.27670000,610.10000000,3.2738
1749266406,3.27680000,729.40000000,3.2738
1749266406,3.27690000,948.00000000,3.2738
1749266406,3.27700000,372.40000000,3.2738
1749266406,3.27710000,1024.30000000,3.2738
1749266406,3.27720000,339.50000000,3.2738
1749266406,3.27730000,4.70000000,3.2738
1749266406,3.27740000,1413.80000000,3.2738
1749266406,3.27750000,443.60000000,3.2738
1749266406,3.27760000,1010.30000000,3.2738
1749266406,3.27770000,615.80000000,3.2738
1749266406,3.27780000,2688.70000000,3.2738
1749266406,3.27790000,6530.70000000,3.2738
1749266406,3.27800000,1500.20000000,3.2738
1749266406,3.27810000,1557.10000000,3.2738
1749266406,3.27820000,1178.50000000,3.2738
1749266406,3.27830000,291.10000000,3.2738
1749266406,3.27840000,682.10000000,3.2738
1749266406,3.27850000,381.80000000,3.2738
1749266406,3.27860000,976.90000000,3.2738
1749266406,3.27870000,291.10000000,3.2738
1749266406,3.27880000,1366.40000000,3.2738
1749266406,3.27890000,234.70000000,3.2738
1749266406,3.27900000,1662.90000000,3.2738
1749266406,3.27910000,2348.50000000,3.2738
1749266406,3.27920000,1068.50000000,3.2738
1749266406,3.27930000,707.30000000,3.2738
1749266406,3.27940000,799.70000000,3.2738
1749266406,3.27950000,2450.90000000,3.2738
1749266406,3.27960000,110.90000000,3.2738
1749266406,3.27970000,190.80000000,3.2738
1749266406,3.27980000,1469.30000000,3.2738
1749266406,3.27990000,2653.60000000,3.2738
1749266406,3.28000000,10.20000000,3.2738
1749266406,3.28010000,2466.00000000,3.2738
1749266406,3.28020000,4998.40000000,3.2738
1749266406,3.28030000,291.10000000,3.2738
1749266406,3.28040000,612.70000000,3.2738
1749266406,3.28050000,307.00000000,3.2738
1749266406,3.28060000,646.60000000,3.2738
1749266406,3.28070000,612.70000000,3.2738
1749266406,3.28080000,2635.10000000,3.2738
1749266406,3.28090000,2146.50000000,3.2738
1749266406,3.28100000,613.40000000,3.2738
1749266406,3.28110000,219.70000000,3.2738
1749266406,3.28120000,722.10000000,3.2738
1749266406,3.28130000,423.50000000,3.2738
1749266406,3.28140000,404.30000000,3.2738
1749266406,3.28150000,1332.60000000,3.2738
1749266406,3.28160000,1.60000000,3.2738
1749266406,3.28170000,639.00000000,3.2738
1749266406,3.28180000,2127.00000000,3.2738
1749266406,3.28190000,288.00000000,3.2738
1749266406,3.28200000,608.90000000,3.2738
1749266406,3.28210000,305.30000000,3.2738
1749266406,3.28220000,607.40000000,3.2738
1749266406,3.28230000,2507.20000000,3.2738
1749266406,3.28240000,5688.20000000,3.2738
1749266406,3.28250000,2410.10000000,3.2738
1749266406,3.28260000,3581.20000000,3.2738
1749266406,3.28270000,607.20000000,3.2738
1749266406,3.28280000,6.10000000,3.2738
1749266406,3.28290000,918.30000000,3.2738
1749266406,3.28300000,684.60000000,3.2738
1749266406,3.28310000,593.30000000,3.2738
1749266406,3.28320000,2134.80000000,3.2738
1749266406,3.28340000,607.20000000,3.2738
1749266406,3.28350000,5444.50000000,3.2738
1749266406,3.28360000,1.60000000,3.2738
1749266406,3.28370000,3948.00000000,3.2738
1749266406,3.28390000,288.00000000,3.2738
1749266406,3.28400000,1807.20000000,3.2738
1749266707,3.27690000,1117.30000000,3.2769
1749266707,3.27700000,18.40000000,3.2769
1749266707,3.27720000,398.90000000,3.2769
1749266707,3.27730000,320.90000000,3.2769
1749266707,3.27740000,5.40000000,3.2769
1749266707,3.27750000,33.00000000,3.2769
1749266707,3.27760000,606.30000000,3.2769
1749266707,3.27770000,433.60000000,3.2769
1749266707,3.27780000,614.00000000,3.2769
1749266707,3.27790000,291.10000000,3.2769
1749266707,3.27800000,904.10000000,3.2769
1749266707,3.27810000,2674.40000000,3.2769
1749266707,3.27820000,1490.60000000,3.2769
1749266707,3.27830000,899.50000000,3.2769
1749266707,3.27840000,230.50000000,3.2769
1749266707,3.27850000,635.40000000,3.2769
1749266707,3.27860000,657.40000000,3.2769
1749266707,3.27870000,601.00000000,3.2769
1749266707,3.27880000,2394.10000000,3.2769
1749266707,3.27890000,4824.20000000,3.2769
1749266707,3.27900000,449.90000000,3.2769
1749266707,3.27910000,897.00000000,3.2769
1749266707,3.27920000,450.60000000,3.2769
1749266707,3.27930000,2164.20000000,3.2769
1749266707,3.27940000,1851.00000000,3.2769
1749266707,3.27950000,1480.20000000,3.2769
1749266707,3.27960000,114.60000000,3.2769
1749266707,3.27970000,190.90000000,3.2769
1749266707,3.27980000,1149.10000000,3.2769
1749266707,3.27990000,850.30000000,3.2769
1749266707,3.28000000,2018.90000000,3.2769
1749266707,3.28010000,1526.50000000,3.2769
1749266707,3.28020000,1235.20000000,3.2769
1749266707,3.28030000,1074.90000000,3.2769
1749266707,3.28040000,220.40000000,3.2769
1749266707,3.28050000,612.10000000,3.2769
1749266707,3.28060000,216.50000000,3.2769
1749266707,3.28070000,647.30000000,3.2769
1749266707,3.28080000,2921.70000000,3.2769
1749266707,3.28090000,2964.60000000,3.2769
1749266707,3.28100000,190.00000000,3.2769
1749266707,3.28110000,610.60000000,3.2769
1749266707,3.28120000,336.00000000,3.2769
1749266707,3.28130000,394.20000000,3.2769
1749266707,3.28140000,1378.40000000,3.2769
1749266707,3.28150000,1731.80000000,3.2769
1749266707,3.28160000,2268.50000000,3.2769
1749266707,3.28170000,2708.80000000,3.2769
1749266707,3.28180000,2510.10000000,3.2769
1749266707,3.28190000,1333.60000000,3.2769
1749266707,3.28200000,282.00000000,3.2769
1749266707,3.28210000,915.70000000,3.2769
1749266707,3.28220000,740.20000000,3.2769
1749266707,3.28230000,2799.00000000,3.2769
1749266707,3.28240000,1679.10000000,3.2769
1749266707,3.28250000,3254.20000000,3.2769
1749266707,3.28260000,884.20000000,3.2769
1749266707,3.28270000,492.00000000,3.2769
1749266707,3.28280000,616.40000000,3.2769
1749266707,3.28290000,188.50000000,3.2769
1749266707,3.28300000,1248.90000000,3.2769
1749266707,3.28310000,596.40000000,3.2769
1749266707,3.28320000,1716.20000000,3.2769
1749266707,3.28330000,610.00000000,3.2769
1749266707,3.28340000,1820.90000000,3.2769
1749266707,3.28350000,5447.60000000,3.2769
1749266707,3.28360000,1796.50000000,3.2769
1749266707,3.28370000,1553.20000000,3.2769
1749266707,3.28380000,410.80000000,3.2769
1749266707,3.28390000,1354.40000000,3.2769
1749266707,3.28400000,1718.80000000,3.2769
1749266707,3.28410000,2129.40000000,3.2769
1749266707,3.28420000,3584.30000000,3.2769
1749266707,3.28430000,2097.90000000,3.2769
1749266707,3.28440000,7.10000000,3.2769
1749266707,3.28450000,1046.30000000,3.2769
1749266707,3.28460000,818.20000000,3.2769
1749266707,3.28470000,1201.70000000,3.2769
1749266707,3.28480000,1519.50000000,3.2769
1749266707,3.28490000,916.00000000,3.2769
1749266707,3.28500000,606.80000000,3.2769
1749266707,3.28510000,289.60000000,3.2769
1749266707,3.28520000,111.40000000,3.2769
1749266707,3.28530000,611.10000000,3.2769
1749266707,3.28540000,1.60000000,3.2769
1749266707,3.28550000,11031.70000000,3.2769
1749266707,3.28560000,2372.30000000,3.2769
1749266707,3.28570000,1855.40000000,3.2769
1749266707,3.28580000,13706.00000000,3.2769
1749266707,3.28590000,896.40000000,3.2769
1749266707,3.28600000,35.20000000,3.2769
1749266707,3.28610000,608.90000000,3.2769
1749266707,3.28620000,1597.60000000,3.2769
1749266707,3.28630000,899.50000000,3.2769
1749266707,3.28640000,1.60000000,3.2769
1749266707,3.28650000,4871.10000000,3.2769
1749266707,3.28660000,3.70000000,3.2769
1749266707,3.28670000,593.30000000,3.2769
1749266707,3.28680000,5329.00000000,3.2769
1749266707,3.28690000,760.00000000,3.2769
1749267009,3.27710000,1543.40000000,3.277
1749267009,3.27720000,88.30000000,3.277
1749267009,3.27730000,85.00000000,3.277
1749267009,3.27740000,235.80000000,3.277
1749267009,3.27750000,115.20000000,3.277
1749267009,3.27760000,439.70000000,3.277
1749267009,3.27770000,33.60000000,3.277
1749267009,3.27780000,1398.30000000,3.277
1749267009,3.27790000,1297.40000000,3.277
1749267009,3.27800000,1919.60000000,3.277
1749267009,3.27810000,541.20000000,3.277
1749267009,3.27820000,755.80000000,3.277
1749267009,3.27830000,405.40000000,3.277
1749267009,3.27840000,2989.30000000,3.277
1749267009,3.27850000,529.10000000,3.277
1749267009,3.27860000,1354.90000000,3.277
1749267009,3.27870000,319.10000000,3.277
1749267009,3.27880000,1451.70000000,3.277
1749267009,3.27890000,475.00000000,3.277
1749267009,3.27900000,1865.40000000,3.277
1749267009,3.27910000,887.10000000,3.277
1749267009,3.27920000,883.20000000,3.277
1749267009,3.27930000,627.30000000,3.277
1749267009,3.27940000,481.50000000,3.277
1749267009,3.27950000,626.80000000,3.277
1749267009,3.27960000,460.40000000,3.277
1749267009,3.27970000,31.50000000,3.277
1749267009,3.27980000,1844.20000000,3.277
1749267009,3.27990000,2004.10000000,3.277
1749267009,3.28000000,1388.60000000,3.277
1749267009,3.28010000,1678.90000000,3.277
1749267009,3.28020000,1110.30000000,3.277
1749267009,3.28030000,3.10000000,3.277
1749267009,3.28040000,1231.40000000,3.277
1749267009,3.28050000,377.20000000,3.277
1749267009,3.28060000,1157.30000000,3.277
1749267009,3.28070000,341.30000000,3.277
1749267009,3.28080000,2973.80000000,3.277
1749267009,3.28090000,1869.30000000,3.277
1749267009,3.28100000,1942.50000000,3.277
1749267009,3.28110000,4852.20000000,3.277
1749267009,3.28120000,895.30000000,3.277
1749267009,3.28130000,2018.60000000,3.277
1749267009,3.28140000,1739.40000000,3.277
1749267009,3.28150000,1644.00000000,3.277
1749267009,3.28160000,2134.00000000,3.277
1749267009,3.28170000,418.80000000,3.277
1749267009,3.28180000,1699.20000000,3.277
1749267009,3.28190000,293.40000000,3.277
1749267009,3.28200000,1203.60000000,3.277
1749267009,3.28210000,1159.40000000,3.277
1749267009,3.28220000,1094.80000000,3.277
1749267009,3.28230000,2363.30000000,3.277
1749267009,3.28240000,1387.20000000,3.277
1749267009,3.28250000,744.70000000,3.277
1749267009,3.28260000,2924.20000000,3.277
1749267009,3.28270000,2998.80000000,3.277
1749267009,3.28280000,1166.40000000,3.277
1749267009,3.28290000,188.30000000,3.277
1749267009,3.28300000,1157.30000000,3.277
1749267009,3.28310000,293.40000000,3.277
1749267009,3.28320000,2090.20000000,3.277
1749267009,3.28330000,1856.60000000,3.277
1749267009,3.28340000,2030.10000000,3.277
1749267009,3.28350000,6154.60000000,3.277
1749267009,3.28360000,1190.30000000,3.277
1749267009,3.28370000,1392.10000000,3.277
1749267009,3.28380000,1165.00000000,3.277
1749267009,3.28390000,1112.80000000,3.277
1749267009,3.28400000,736.00000000,3.277
1749267009,3.28410000,609.90000000,3.277
1749267009,3.28420000,2983.10000000,3.277
1749267009,3.28430000,2396.70000000,3.277
1749267009,3.28440000,625.70000000,3.277
1749267009,3.28450000,612.30000000,3.277
1749267009,3.28460000,1100.30000000,3.277
1749267009,3.28470000,591.50000000,3.277
1749267009,3.28480000,474.90000000,3.277
1749267009,3.28500000,239.60000000,3.277
1749267009,3.28510000,792.50000000,3.277
1749267009,3.28530000,1726.60000000,3.277
1749267009,3.28540000,6688.80000000,3.277
1749267009,3.28550000,2548.40000000,3.277
1749267009,3.28560000,614.80000000,3.277
1749267009,3.28570000,111.40000000,3.277
1749267009,3.28580000,378.10000000,3.277
1749267009,3.28590000,914.40000000,3.277
1749267009,3.28600000,35.20000000,3.277
1749267009,3.28610000,483.00000000,3.277
1749267009,3.28620000,1599.30000000,3.277
1749267009,3.28630000,293.00000000,3.277
1749267009,3.28640000,191.60000000,3.277
1749267009,3.28650000,628.60000000,3.277
1749267009,3.28660000,3.70000000,3.277
1749267009,3.28670000,1809.10000000,3.277
1749267009,3.28680000,5328.80000000,3.277
1749267009,3.28700000,606.70000000,3.277
1749267009,3.28710000,289.60000000,3.277
1749267009,3.28720000,608.60000000,3.277
1749267009,3.28730000,494.00000000,3.277
1749267310,3.27490000,581.00000000,3.2749
1749267310,3.27500000,91.00000000,3.2749
1749267310,3.27510000,95.90000000,3.2749
1749267310,3.27520000,213.90000000,3.2749
1749267310,3.27530000,293.40000000,3.2749
1749267310,3.27540000,409.40000000,3.2749
1749267310,3.27550000,3.10000000,3.2749
1749267310,3.27560000,347.50000000,3.2749
1749267310,3.27570000,6.50000000,3.2749
1749267310,3.27580000,1179.80000000,3.2749
1749267310,3.27590000,2207.80000000,3.2749
1749267310,3.27600000,335.00000000,3.2749
1749267310,3.27610000,1090.90000000,3.2749
1749267310,3.27620000,574.90000000,3.2749
1749267310,3.27630000,899.50000000,3.2749
1749267310,3.27640000,679.40000000,3.2749
1749267310,3.27650000,766.70000000,3.2749
1749267310,3.27660000,451.00000000,3.2749
1749267310,3.27670000,609.40000000,3.2749
1749267310,3.27680000,1129.50000000,3.2749
1749267310,3.27690000,1503.30000000,3.2749
1749267310,3.27700000,443.30000000,3.2749
1749267310,3.27710000,1147.90000000,3.2749
1749267310,3.27720000,611.80000000,3.2749
1749267310,3.27730000,611.00000000,3.2749
1749267310,3.27740000,645.90000000,3.2749
1749267310,3.27750000,1172.00000000,3.2749
1749267310,3.27760000,2325.30000000,3.2749
1749267310,3.27770000,4834.50000000,3.2749
1749267310,3.27780000,1191.80000000,3.2749
1749267310,3.27790000,1443.30000000,3.2749
1749267310,3.27800000,2308.20000000,3.2749
1749267310,3.27810000,979.70000000,3.2749
1749267310,3.27820000,860.00000000,3.2749
1749267310,3.27830000,1478.30000000,3.2749
1749267310,3.27840000,1578.60000000,3.2749
1749267310,3.27850000,307.10000000,3.2749
1749267310,3.27860000,1203.20000000,3.2749
1749267310,3.27870000,339.20000000,3.2749
1749267310,3.27880000,1873.60000000,3.2749
1749267310,3.27890000,1047.30000000,3.2749
1749267310,3.27900000,509.90000000,3.2749
1749267310,3.27910000,1066.70000000,3.2749
1749267310,3.27920000,1512.00000000,3.2749
1749267310,3.27930000,2239.30000000,3.2749
1749267310,3.27940000,481.50000000,3.2749
1749267310,3.27950000,699.50000000,3.2749
1749267310,3.27960000,1126.10000000,3.2749
1749267310,3.27970000,1557.10000000,3.2749
1749267310,3.27980000,2135.20000000,3.2749
1749267310,3.27990000,437.10000000,3.2749
1749267310,3.28000000,2138.40000000,3.2749
1749267310,3.28010000,2195.20000000,3.2749
1749267310,3.28020000,5571.50000000,3.2749
1749267310,3.28030000,549.20000000,3.2749
1749267310,3.28040000,2247.20000000,3.2749
1749267310,3.28050000,310.00000000,3.2749
1749267310,3.28060000,1316.80000000,3.2749
1749267310,3.28070000,1578.90000000,3.2749
1749267310,3.28080000,1053.90000000,3.2749
1749267310,3.28090000,349.80000000,3.2749
1749267310,3.28100000,1095.50000000,3.2749
1749267310,3.28110000,170.80000000,3.2749
1749267310,3.28120000,1347.10000000,3.2749
1749267310,3.28130000,2473.00000000,3.2749
1749267310,3.28140000,610.30000000,3.2749
1749267310,3.28150000,2310.20000000,3.2749
1749267310,3.28160000,5712.60000000,3.2749
1749267310,3.28170000,3.10000000,3.2749
1749267310,3.28180000,1496.20000000,3.2749
1749267310,3.28190000,897.90000000,3.2749
1749267310,3.28200000,4.70000000,3.2749
1749267310,3.28210000,3.10000000,3.2749
1749267310,3.28220000,610.30000000,3.2749
1749267310,3.28230000,1810.60000000,3.2749
1749267310,3.28240000,615.60000000,3.2749
1749267310,3.28250000,742.40000000,3.2749
1749267310,3.28260000,948.10000000,3.2749
1749267310,3.28270000,3361.10000000,3.2749
1749267310,3.28280000,6.10000000,3.2749
1749267310,3.28290000,609.20000000,3.2749
1749267310,3.28300000,111.50000000,3.2749
1749267310,3.28310000,894.90000000,3.2749
1749267310,3.28320000,1529.20000000,3.2749
1749267310,3.28330000,1554.70000000,3.2749
1749267310,3.28350000,5929.20000000,3.2749
1749267310,3.28360000,79.80000000,3.2749
1749267310,3.28370000,94.80000000,3.2749
1749267310,3.28380000,4425.50000000,3.2749
1749267310,3.28390000,288.00000000,3.2749
1749267310,3.28400000,638.20000000,3.2749
1749267310,3.28410000,1255.20000000,3.2749
1749267310,3.28420000,11321.90000000,3.2749
1749267310,3.28430000,1488.00000000,3.2749
1749267310,3.28440000,438.00000000,3.2749
1749267310,3.28450000,608.90000000,3.2749
1749267310,3.28470000,9370.50000000,3.2749
1749267310,3.28500000,494.40000000,3.2749
1749267310,3.28510000,2132.10000000,3.2749
1749267310,3.28530000,4.30000000,3.2749
1749267612,3.29200000,3850.90000000,3.292
1749267612,3.29210000,1913.10000000,3.292
1749267612,3.29220000,1257.50000000,3.292
1749267612,3.29230000,613.80000000,3.292
1749267612,3.29240000,399.50000000,3.292
1749267612,3.29250000,1007.80000000,3.292
1749267612,3.29260000,161.70000000,3.292
1749267612,3.29270000,523.80000000,3.292
1749267612,3.29280000,19.90000000,3.292
1749267612,3.29290000,648.60000000,3.292
1749267612,3.29300000,2753.30000000,3.292
