timestamp,price,volume,current_price
1749254473,3.19650000,936.90000000,3.1965
1749254473,3.19660000,17.40000000,3.1965
1749254473,3.19670000,291.20000000,3.1965
1749254473,3.19680000,260.60000000,3.1965
1749254473,3.19690000,505.60000000,3.1965
1749254473,3.19700000,472.40000000,3.1965
1749254473,3.19710000,693.00000000,3.1965
1749254473,3.19720000,196.10000000,3.1965
1749254473,3.19730000,624.70000000,3.1965
1749254473,3.19740000,758.50000000,3.1965
1749254473,3.19750000,627.00000000,3.1965
1749254473,3.19760000,292.80000000,3.1965
1749254473,3.19770000,193.00000000,3.1965
1749254473,3.19780000,1237.20000000,3.1965
1749254473,3.19790000,1242.00000000,3.1965
1749254473,3.19800000,915.80000000,3.1965
1749254473,3.19810000,8.00000000,3.1965
1749254473,3.19820000,857.90000000,3.1965
1749254473,3.19830000,626.20000000,3.1965
1749254473,3.19840000,1993.40000000,3.1965
1749254473,3.19850000,2447.00000000,3.1965
1749254473,3.19860000,468.70000000,3.1965
1749254473,3.19870000,612.60000000,3.1965
1749254473,3.19880000,912.40000000,3.1965
1749254473,3.19890000,193.30000000,3.1965
1749254473,3.19900000,2917.60000000,3.1965
1749254473,3.19910000,6643.90000000,3.1965
1749254473,3.19920000,2529.90000000,3.1965
1749254473,3.19930000,1567.90000000,3.1965
1749254473,3.19940000,2012.30000000,3.1965
1749254473,3.19950000,4.80000000,3.1965
1749254473,3.19960000,666.80000000,3.1965
1749254473,3.19970000,1288.90000000,3.1965
1749254473,3.19980000,1185.30000000,3.1965
1749254473,3.19990000,1571.20000000,3.1965
1749254473,3.20000000,2791.10000000,3.1965
1749254473,3.20010000,1542.60000000,3.1965
1749254473,3.20020000,3474.00000000,3.1965
1749254473,3.20030000,1222.40000000,3.1965
1749254473,3.20040000,4736.80000000,3.1965
1749254473,3.20050000,3404.20000000,3.1965
1749254473,3.20060000,1877.00000000,3.1965
1749254473,3.20070000,2662.60000000,3.1965
1749254473,3.20080000,3643.60000000,3.1965
1749254473,3.20090000,5905.50000000,3.1965
1749254473,3.20100000,612.00000000,3.1965
1749254473,3.20110000,1141.10000000,3.1965
1749254473,3.20120000,1220.60000000,3.1965
1749254473,3.20130000,568.80000000,3.1965
1749254473,3.20140000,1085.10000000,3.1965
1749254473,3.20150000,1400.30000000,3.1965
1749254473,3.20160000,1358.50000000,3.1965
1749254473,3.20170000,5107.70000000,3.1965
1749254473,3.20180000,965.40000000,3.1965
1749254473,3.20190000,2093.70000000,3.1965
1749254473,3.20200000,985.20000000,3.1965
1749254473,3.20210000,665.70000000,3.1965
1749254473,3.20220000,3097.20000000,3.1965
1749254473,3.20230000,1878.10000000,3.1965
1749254473,3.20240000,6589.30000000,3.1965
1749254473,3.20250000,1604.90000000,3.1965
1749254473,3.20260000,2626.00000000,3.1965
1749254473,3.20270000,5362.70000000,3.1965
1749254473,3.20280000,224.90000000,3.1965
1749254473,3.20290000,757.10000000,3.1965
1749254473,3.20300000,3070.60000000,3.1965
1749254473,3.20310000,4272.20000000,3.1965
1749254473,3.20320000,4992.30000000,3.1965
1749254473,3.20330000,422.40000000,3.1965
1749254473,3.20340000,1391.90000000,3.1965
1749254473,3.20350000,129.90000000,3.1965
1749254473,3.20360000,747.30000000,3.1965
1749254473,3.20370000,626.80000000,3.1965
1749254473,3.20380000,1853.50000000,3.1965
1749254473,3.20390000,2900.60000000,3.1965
1749254473,3.20400000,9658.10000000,3.1965
1749254473,3.20410000,81.50000000,3.1965
1749254473,3.20420000,1699.00000000,3.1965
1749254473,3.20430000,437.80000000,3.1965
1749254473,3.20440000,496.90000000,3.1965
1749254473,3.20450000,3193.40000000,3.1965
1749254473,3.20460000,288.00000000,3.1965
1749254473,3.20470000,648.80000000,3.1965
1749254473,3.20480000,6.20000000,3.1965
1749254473,3.20500000,1260.00000000,3.1965
1749254473,3.20510000,456.00000000,3.1965
1749254473,3.20520000,1.60000000,3.1965
1749254473,3.20530000,622.00000000,3.1965
1749254473,3.20540000,288.00000000,3.1965
1749254473,3.20550000,1873.40000000,3.1965
1749254473,3.20560000,622.00000000,3.1965
1749254473,3.20570000,78.80000000,3.1965
1749254473,3.20580000,2412.20000000,3.1965
1749254473,3.20590000,126.20000000,3.1965
1749254473,3.20600000,788.50000000,3.1965
1749254473,3.20610000,665.80000000,3.1965
1749254473,3.20620000,288.00000000,3.1965
1749254473,3.20640000,5193.10000000,3.1965
1749254473,3.20660000,783.30000000,3.1965
1749254473,3.20670000,2074.70000000,3.1965
1749254775,3.18460000,394.60000000,3.1845
1749254775,3.18470000,930.00000000,3.1845
1749254775,3.18480000,1489.20000000,3.1845
1749254775,3.18490000,1106.70000000,3.1845
1749254775,3.18500000,3333.90000000,3.1845
1749254775,3.18510000,2133.70000000,3.1845
1749254775,3.18520000,2504.90000000,3.1845
1749254775,3.18530000,2663.00000000,3.1845
1749254775,3.18540000,207.20000000,3.1845
1749254775,3.18550000,171.40000000,3.1845
1749254775,3.18560000,801.50000000,3.1845
1749254775,3.18570000,700.80000000,3.1845
1749254775,3.18580000,869.30000000,3.1845
1749254775,3.18590000,253.20000000,3.1845
1749254775,3.18600000,814.50000000,3.1845
1749254775,3.18610000,1452.70000000,3.1845
1749254775,3.18620000,1089.90000000,3.1845
1749254775,3.18630000,1369.70000000,3.1845
1749254775,3.18640000,871.00000000,3.1845
1749254775,3.18650000,3000.80000000,3.1845
1749254775,3.18660000,2697.00000000,3.1845
1749254775,3.18670000,7192.20000000,3.1845
1749254775,3.18680000,1916.20000000,3.1845
1749254775,3.18690000,1114.10000000,3.1845
1749254775,3.18700000,1918.50000000,3.1845
1749254775,3.18710000,937.80000000,3.1845
1749254775,3.18720000,6565.30000000,3.1845
1749254775,3.18730000,918.60000000,3.1845
1749254775,3.18740000,919.00000000,3.1845
1749254775,3.18750000,1475.20000000,3.1845
1749254775,3.18760000,2493.70000000,3.1845
1749254775,3.18770000,1360.80000000,3.1845
1749254775,3.18780000,1631.10000000,3.1845
1749254775,3.18790000,2191.30000000,3.1845
1749254775,3.18800000,656.00000000,3.1845
1749254775,3.18810000,754.60000000,3.1845
1749254775,3.18820000,2722.50000000,3.1845
1749254775,3.18830000,1611.20000000,3.1845
1749254775,3.18840000,5659.00000000,3.1845
1749254775,3.18850000,3289.90000000,3.1845
1749254775,3.18860000,3534.60000000,3.1845
1749254775,3.18870000,2339.60000000,3.1845
1749254775,3.18880000,5147.20000000,3.1845
1749254775,3.18890000,7461.90000000,3.1845
1749254775,3.18900000,1666.60000000,3.1845
1749254775,3.18910000,292.30000000,3.1845
1749254775,3.18920000,1334.10000000,3.1845
1749254775,3.18930000,65.80000000,3.1845
1749254775,3.18940000,2083.10000000,3.1845
1749254775,3.18950000,314.30000000,3.1845
1749254775,3.18960000,3166.90000000,3.1845
1749254775,3.18970000,617.90000000,3.1845
1749254775,3.18980000,3459.10000000,3.1845
1749254775,3.18990000,159.80000000,3.1845
1749254775,3.19000000,4371.30000000,3.1845
1749254775,3.19010000,330.20000000,3.1845
1749254775,3.19020000,3745.70000000,3.1845
1749254775,3.19030000,3194.20000000,3.1845
1749254775,3.19040000,6672.60000000,3.1845
1749254775,3.19050000,1278.60000000,3.1845
1749254775,3.19060000,2947.10000000,3.1845
1749254775,3.19070000,1005.50000000,3.1845
1749254775,3.19080000,629.30000000,3.1845
1749254775,3.19090000,466.30000000,3.1845
1749254775,3.19100000,2013.30000000,3.1845
1749254775,3.19110000,4.80000000,3.1845
1749254775,3.19120000,949.10000000,3.1845
1749254775,3.19130000,627.50000000,3.1845
1749254775,3.19140000,4784.90000000,3.1845
1749254775,3.19150000,9360.00000000,3.1845
1749254775,3.19160000,1371.40000000,3.1845
1749254775,3.19170000,1328.40000000,3.1845
1749254775,3.19180000,627.40000000,3.1845
1749254775,3.19190000,4.80000000,3.1845
1749254775,3.19200000,311.80000000,3.1845
1749254775,3.19210000,2189.70000000,3.1845
1749254775,3.19220000,1631.90000000,3.1845
1749254775,3.19230000,625.80000000,3.1845
1749254775,3.19240000,288.00000000,3.1845
1749254775,3.19250000,916.50000000,3.1845
1749254775,3.19260000,1081.70000000,3.1845
1749254775,3.19280000,2474.30000000,3.1845
1749254775,3.19310000,624.20000000,3.1845
1749254775,3.19320000,288.00000000,3.1845
1749254775,3.19330000,784.60000000,3.1845
1749254775,3.19340000,623.80000000,3.1845
1749254775,3.19350000,1799.90000000,3.1845
1749254775,3.19360000,9516.00000000,3.1845
1749254775,3.19380000,78.10000000,3.1845
1749254775,3.19390000,623.60000000,3.1845
1749254775,3.19400000,295.80000000,3.1845
1749254775,3.19410000,623.80000000,3.1845
1749254775,3.19430000,661.80000000,3.1845
1749254775,3.19440000,1858.50000000,3.1845
1749254775,3.19450000,3946.90000000,3.1845
1749254775,3.19480000,303.70000000,3.1845
1749254775,3.19490000,769.50000000,3.1845
1749254775,3.19500000,35.20000000,3.1845
1749254775,3.19510000,3191.00000000,3.1845
1749254775,3.19520000,290.50000000,3.1845
