timestamp,price,volume,current_price
1749258414,0.01910000,48284.00000000,0.01911
1749258414,0.01911000,153956.00000000,0.01911
1749258414,0.01912000,252571.00000000,0.01911
1749258414,0.01913000,383631.00000000,0.01911
1749258414,0.01914000,185980.00000000,0.01911
1749258414,0.01915000,212673.00000000,0.01911
1749258414,0.01916000,48368.00000000,0.01911
1749258414,0.01917000,145681.00000000,0.01911
1749258414,0.01918000,27305.00000000,0.01911
1749258414,0.01919000,42342.00000000,0.01911
1749258414,0.01920000,41799.00000000,0.01911
1749258414,0.01921000,12150.00000000,0.01911
1749258414,0.01922000,30997.00000000,0.01911
1749258414,0.01923000,30797.00000000,0.01911
1749258414,0.01924000,54252.00000000,0.01911
1749258414,0.01925000,597277.00000000,0.01911
1749258414,0.01926000,13723.00000000,0.01911
1749258414,0.01927000,27969.00000000,0.01911
1749258414,0.01928000,575043.00000000,0.01911
1749258414,0.01929000,127508.00000000,0.01911
1749258414,0.01930000,580343.00000000,0.01911
1749258414,0.01931000,1144362.00000000,0.01911
1749258414,0.01932000,12150.00000000,0.01911
1749258414,0.01933000,27969.00000000,0.01911
1749258414,0.01934000,1233737.00000000,0.01911
1749258414,0.01935000,16839.00000000,0.01911
1749258414,0.01936000,27969.00000000,0.01911
1749258414,0.01937000,1053913.00000000,0.01911
1749258414,0.01938000,15819.00000000,0.01911
1749258414,0.01939000,1235626.00000000,0.01911
1749258414,0.01940000,1346.00000000,0.01911
1749258414,0.01941000,15819.00000000,0.01911
1749258414,0.01942000,1527464.00000000,0.01911
1749258414,0.01943000,1605.00000000,0.01911
1749258414,0.01944000,65611.00000000,0.01911
1749258414,0.01945000,1211190.00000000,0.01911
1749258414,0.01946000,2899.00000000,0.01911
1749258414,0.01947000,1100459.00000000,0.01911
1749258414,0.01949000,2810.00000000,0.01911
1749258414,0.01950000,1314373.00000000,0.01911
1749258414,0.01953000,1139658.00000000,0.01911
1749258414,0.01955000,1260064.00000000,0.01911
1749258414,0.01957000,261.00000000,0.01911
1749258414,0.01959000,52286.00000000,0.01911
1749258414,0.01960000,1679.00000000,0.01911
1749258414,0.01961000,510.00000000,0.01911
1749258414,0.01965000,484.00000000,0.01911
1749258414,0.01967000,68136.00000000,0.01911
1749258414,0.01968000,458.00000000,0.01911
1749258414,0.01970000,4429.00000000,0.01911
1749258414,0.01972000,338.00000000,0.01911
1749258414,0.01975000,1976.00000000,0.01911
1749258414,0.01980000,2349.00000000,0.01911
1749258414,0.01985000,479.00000000,0.01911
1749258414,0.01990000,788.00000000,0.01911
1749258414,0.01992000,1217.00000000,0.01911
1749258414,0.01995000,477.00000000,0.01911
1749258414,0.01998000,1501.00000000,0.01911
1749258414,0.02000000,20283.00000000,0.01911
1749258414,0.02001000,1813.00000000,0.01911
1749258414,0.02005000,7093.00000000,0.01911
1749258414,0.02010000,473.00000000,0.01911
1749258414,0.02014000,300.00000000,0.01911
1749258414,0.02015000,472.00000000,0.01911
1749258414,0.02016000,758.00000000,0.01911
1749258414,0.02019000,300.00000000,0.01911
1749258414,0.02020000,35808.00000000,0.01911
1749258414,0.02022000,300.00000000,0.01911
1749258414,0.02025000,469.00000000,0.01911
1749258414,0.02026000,560.00000000,0.01911
1749258414,0.02028000,1112.00000000,0.01911
1749258414,0.02029000,1475.00000000,0.01911
1749258414,0.02030000,712.00000000,0.01911
1749258414,0.02031000,1816.00000000,0.01911
1749258414,0.02032000,272.00000000,0.01911
1749258414,0.02033000,531.00000000,0.01911
1749258414,0.02036000,9740.00000000,0.01911
1749258414,0.02040000,6470.00000000,0.01911
1749258414,0.02042000,3496.00000000,0.01911
1749258414,0.02045000,635.00000000,0.01911
1749258414,0.02047000,350.00000000,0.01911
1749258414,0.02050000,244.00000000,0.01911
1749258414,0.02051000,301.00000000,0.01911
1749258414,0.02053000,260.00000000,0.01911
1749258414,0.02058000,254.00000000,0.01911
1749258414,0.02060000,508.00000000,0.01911
1749258414,0.02064000,458.00000000,0.01911
1749258414,0.02067000,1680.00000000,0.01911
1749258414,0.02070000,2509.00000000,0.01911
1749258414,0.02073000,296.00000000,0.01911
1749258414,0.02075000,3501.00000000,0.01911
1749258414,0.02080000,4948.00000000,0.01911
1749258414,0.02088000,26528.00000000,0.01911
1749258414,0.02095000,3481.00000000,0.01911
1749258414,0.02100000,12265.00000000,0.01911
1749258414,0.02101000,7545.00000000,0.01911
1749258414,0.02106000,260.00000000,0.01911
1749258414,0.02110000,65219.00000000,0.01911
1749258414,0.02112000,458.00000000,0.01911
1749258414,0.02117000,3635.00000000,0.01911
1749258750,0.01910000,20227.00000000,0.0191
1749258750,0.01911000,189807.00000000,0.0191
1749258750,0.01912000,308739.00000000,0.0191
1749258750,0.01913000,543274.00000000,0.0191
1749258750,0.01914000,109450.00000000,0.0191
1749258750,0.01915000,74404.00000000,0.0191
1749258750,0.01916000,54652.00000000,0.0191
1749258750,0.01917000,146990.00000000,0.0191
1749258750,0.01918000,33589.00000000,0.0191
1749258750,0.01919000,49935.00000000,0.0191
1749258750,0.01920000,41799.00000000,0.0191
1749258750,0.01921000,19743.00000000,0.0191
1749258750,0.01922000,37281.00000000,0.0191
1749258750,0.01923000,32106.00000000,0.0191
1749258750,0.01924000,52923.00000000,0.0191
1749258750,0.01925000,565920.00000000,0.0191
1749258750,0.01926000,13733.00000000,0.0191
1749258750,0.01927000,27969.00000000,0.0191
1749258750,0.01928000,573734.00000000,0.0191
1749258750,0.01929000,153759.00000000,0.0191
1749258750,0.01930000,579035.00000000,0.0191
1749258750,0.01931000,1119420.00000000,0.0191
1749258750,0.01932000,13459.00000000,0.0191
1749258750,0.01933000,27969.00000000,0.0191
1749258750,0.01934000,1233737.00000000,0.0191
1749258750,0.01935000,18148.00000000,0.0191
1749258750,0.01936000,27969.00000000,0.0191
1749258750,0.01937000,1053913.00000000,0.0191
1749258750,0.01938000,17118.00000000,0.0191
1749258750,0.01939000,1235626.00000000,0.0191
1749258750,0.01940000,1346.00000000,0.0191
1749258750,0.01941000,15819.00000000,0.0191
1749258750,0.01942000,1527464.00000000,0.0191
1749258750,0.01943000,1605.00000000,0.0191
1749258750,0.01944000,65611.00000000,0.0191
1749258750,0.01945000,1211190.00000000,0.0191
1749258750,0.01946000,2899.00000000,0.0191
1749258750,0.01947000,1100459.00000000,0.0191
1749258750,0.01949000,2810.00000000,0.0191
1749258750,0.01950000,1314373.00000000,0.0191
1749258750,0.01955000,1260064.00000000,0.0191
1749258750,0.01957000,1134574.00000000,0.0191
1749258750,0.01959000,52286.00000000,0.0191
1749258750,0.01960000,1679.00000000,0.0191
1749258750,0.01961000,510.00000000,0.0191
1749258750,0.01965000,484.00000000,0.0191
1749258750,0.01967000,68136.00000000,0.0191
1749258750,0.01968000,458.00000000,0.0191
1749258750,0.01970000,4429.00000000,0.0191
1749258750,0.01972000,338.00000000,0.0191
1749258750,0.01975000,1976.00000000,0.0191
1749258750,0.01980000,2349.00000000,0.0191
1749258750,0.01985000,479.00000000,0.0191
1749258750,0.01990000,788.00000000,0.0191
1749258750,0.01992000,1217.00000000,0.0191
1749258750,0.01995000,477.00000000,0.0191
1749258750,0.01998000,1501.00000000,0.0191
1749258750,0.02000000,20283.00000000,0.0191
1749258750,0.02001000,1813.00000000,0.0191
1749258750,0.02005000,7093.00000000,0.0191
1749258750,0.02010000,473.00000000,0.0191
1749258750,0.02014000,300.00000000,0.0191
1749258750,0.02015000,472.00000000,0.0191
1749258750,0.02016000,758.00000000,0.0191
1749258750,0.02019000,300.00000000,0.0191
1749258750,0.02020000,35808.00000000,0.0191
1749258750,0.02022000,300.00000000,0.0191
1749258750,0.02025000,469.00000000,0.0191
1749258750,0.02026000,560.00000000,0.0191
1749258750,0.02028000,1112.00000000,0.0191
1749258750,0.02029000,1475.00000000,0.0191
1749258750,0.02030000,712.00000000,0.0191
1749258750,0.02031000,1816.00000000,0.0191
1749258750,0.02032000,272.00000000,0.0191
1749258750,0.02033000,531.00000000,0.0191
1749258750,0.02036000,9740.00000000,0.0191
1749258750,0.02040000,6470.00000000,0.0191
1749258750,0.02042000,3496.00000000,0.0191
1749258750,0.02045000,635.00000000,0.0191
1749258750,0.02047000,350.00000000,0.0191
1749258750,0.02050000,244.00000000,0.0191
1749258750,0.02051000,301.00000000,0.0191
1749258750,0.02053000,260.00000000,0.0191
1749258750,0.02058000,254.00000000,0.0191
1749258750,0.02060000,508.00000000,0.0191
1749258750,0.02064000,458.00000000,0.0191
1749258750,0.02067000,1680.00000000,0.0191
1749258750,0.02070000,2509.00000000,0.0191
1749258750,0.02073000,296.00000000,0.0191
1749258750,0.02075000,3501.00000000,0.0191
1749258750,0.02080000,4948.00000000,0.0191
1749258750,0.02088000,26528.00000000,0.0191
1749258750,0.02095000,3481.00000000,0.0191
1749258750,0.02100000,12265.00000000,0.0191
1749258750,0.02101000,7545.00000000,0.0191
1749258750,0.02106000,260.00000000,0.0191
1749258750,0.02110000,65219.00000000,0.0191
1749258750,0.02112000,458.00000000,0.0191
1749258750,0.02117000,3635.00000000,0.0191
1749258750,0.02120000,502.00000000,0.0191
1749259052,0.01911000,61487.00000000,0.01911
1749259052,0.01912000,309266.00000000,0.01911
1749259052,0.01913000,396929.00000000,0.01911
1749259052,0.01914000,356153.00000000,0.01911
1749259052,0.01915000,78060.00000000,0.01911
1749259052,0.01916000,47059.00000000,0.01911
1749259052,0.01917000,146990.00000000,0.01911
1749259052,0.01918000,25996.00000000,0.01911
1749259052,0.01919000,42342.00000000,0.01911
1749259052,0.01920000,41799.00000000,0.01911
1749259052,0.01921000,12150.00000000,0.01911
1749259052,0.01922000,29688.00000000,0.01911
1749259052,0.01923000,32106.00000000,0.01911
1749259052,0.01924000,52923.00000000,0.01911
1749259052,0.01925000,28463.00000000,0.01911
1749259052,0.01926000,13733.00000000,0.01911
1749259052,0.01927000,52911.00000000,0.01911
1749259052,0.01928000,573734.00000000,0.01911
1749259052,0.01929000,204676.00000000,0.01911
1749259052,0.01930000,579035.00000000,0.01911
1749259052,0.01931000,1119420.00000000,0.01911
1749259052,0.01932000,497946.00000000,0.01911
1749259052,0.01933000,27969.00000000,0.01911
1749259052,0.01934000,1157878.00000000,0.01911
1749259052,0.01935000,18148.00000000,0.01911
1749259052,0.01936000,27969.00000000,0.01911
1749259052,0.01937000,1053913.00000000,0.01911
1749259052,0.01938000,29268.00000000,0.01911
1749259052,0.01939000,1235626.00000000,0.01911
1749259052,0.01940000,1346.00000000,0.01911
1749259052,0.01941000,15819.00000000,0.01911
1749259052,0.01942000,1527464.00000000,0.01911
1749259052,0.01943000,1605.00000000,0.01911
1749259052,0.01944000,65611.00000000,0.01911
1749259052,0.01945000,1211190.00000000,0.01911
1749259052,0.01946000,2899.00000000,0.01911
1749259052,0.01947000,1100459.00000000,0.01911
1749259052,0.01949000,2810.00000000,0.01911
1749259052,0.01950000,1314373.00000000,0.01911
1749259052,0.01955000,1260064.00000000,0.01911
1749259052,0.01957000,1134574.00000000,0.01911
1749259052,0.01959000,52286.00000000,0.01911
1749259052,0.01960000,1679.00000000,0.01911
1749259052,0.01961000,510.00000000,0.01911
1749259052,0.01965000,484.00000000,0.01911
1749259052,0.01967000,68136.00000000,0.01911
1749259052,0.01968000,458.00000000,0.01911
1749259052,0.01970000,4429.00000000,0.01911
1749259052,0.01972000,338.00000000,0.01911
1749259052,0.01975000,1976.00000000,0.01911
1749259052,0.01980000,2349.00000000,0.01911
1749259052,0.01985000,479.00000000,0.01911
1749259052,0.01990000,788.00000000,0.01911
1749259052,0.01992000,1217.00000000,0.01911
1749259052,0.01995000,477.00000000,0.01911
1749259052,0.01998000,1501.00000000,0.01911
1749259052,0.02000000,20283.00000000,0.01911
1749259052,0.02001000,1813.00000000,0.01911
1749259052,0.02005000,7093.00000000,0.01911
1749259052,0.02010000,473.00000000,0.01911
1749259052,0.02014000,300.00000000,0.01911
1749259052,0.02015000,472.00000000,0.01911
1749259052,0.02016000,758.00000000,0.01911
1749259052,0.02019000,300.00000000,0.01911
1749259052,0.02020000,35808.00000000,0.01911
1749259052,0.02022000,300.00000000,0.01911
1749259052,0.02025000,469.00000000,0.01911
1749259052,0.02026000,560.00000000,0.01911
1749259052,0.02028000,1112.00000000,0.01911
1749259052,0.02029000,1475.00000000,0.01911
1749259052,0.02030000,712.00000000,0.01911
1749259052,0.02031000,1816.00000000,0.01911
1749259052,0.02032000,272.00000000,0.01911
1749259052,0.02033000,531.00000000,0.01911
1749259052,0.02036000,9740.00000000,0.01911
1749259052,0.02040000,6470.00000000,0.01911
1749259052,0.02042000,3496.00000000,0.01911
1749259052,0.02045000,635.00000000,0.01911
1749259052,0.02047000,350.00000000,0.01911
1749259052,0.02050000,244.00000000,0.01911
1749259052,0.02051000,301.00000000,0.01911
1749259052,0.02053000,260.00000000,0.01911
1749259052,0.02058000,254.00000000,0.01911
1749259052,0.02060000,508.00000000,0.01911
1749259052,0.02064000,458.00000000,0.01911
1749259052,0.02067000,1680.00000000,0.01911
1749259052,0.02070000,2509.00000000,0.01911
1749259052,0.02073000,296.00000000,0.01911
1749259052,0.02075000,3501.00000000,0.01911
1749259052,0.02080000,4948.00000000,0.01911
1749259052,0.02088000,26528.00000000,0.01911
1749259052,0.02095000,3481.00000000,0.01911
1749259052,0.02100000,12265.00000000,0.01911
1749259052,0.02101000,7545.00000000,0.01911
1749259052,0.02106000,260.00000000,0.01911
1749259052,0.02110000,65219.00000000,0.01911
1749259052,0.02112000,458.00000000,0.01911
1749259052,0.02117000,3635.00000000,0.01911
1749259052,0.02120000,502.00000000,0.01911
1749259052,0.02129000,235.00000000,0.01911
