timestamp,price,volume,current_price
1749260798,0.01912000,148977.00000000,0.01911
1749260798,0.01913000,216259.00000000,0.01911
1749260798,0.01914000,272940.00000000,0.01911
1749260798,0.01915000,404404.00000000,0.01911
1749260798,0.01916000,78389.00000000,0.01911
1749260798,0.01917000,104753.00000000,0.01911
1749260798,0.01918000,34045.00000000,0.01911
1749260798,0.01919000,84192.00000000,0.01911
1749260798,0.01920000,40490.00000000,0.01911
1749260798,0.01921000,12150.00000000,0.01911
1749260798,0.01922000,29688.00000000,0.01911
1749260798,0.01923000,30797.00000000,0.01911
1749260798,0.01924000,128782.00000000,0.01911
1749260798,0.01925000,53405.00000000,0.01911
1749260798,0.01926000,12424.00000000,0.01911
1749260798,0.01927000,546432.00000000,0.01911
1749260798,0.01928000,12150.00000000,0.01911
1749260798,0.01929000,665474.00000000,0.01911
1749260798,0.01930000,28462.00000000,0.01911
1749260798,0.01931000,1797415.00000000,0.01911
1749260798,0.01932000,12150.00000000,0.01911
1749260798,0.01933000,27969.00000000,0.01911
1749260798,0.01934000,1246817.00000000,0.01911
1749260798,0.01935000,16839.00000000,0.01911
1749260798,0.01936000,27969.00000000,0.01911
1749260798,0.01937000,1136046.00000000,0.01911
1749260798,0.01938000,27969.00000000,0.01911
1749260798,0.01939000,1193969.00000000,0.01911
1749260798,0.01940000,1346.00000000,0.01911
1749260798,0.01941000,15819.00000000,0.01911
1749260798,0.01942000,1520581.00000000,0.01911
1749260798,0.01943000,1605.00000000,0.01911
1749260798,0.01944000,65611.00000000,0.01911
1749260798,0.01945000,1095803.00000000,0.01911
1749260798,0.01947000,437.00000000,0.01911
1749260798,0.01948000,1093600.00000000,0.01911
1749260798,0.01949000,2810.00000000,0.01911
1749260798,0.01950000,188330.00000000,0.01911
1749260798,0.01951000,1158687.00000000,0.01911
1749260798,0.01954000,1098098.00000000,0.01911
1749260798,0.01955000,4486.00000000,0.01911
1749260798,0.01956000,1143833.00000000,0.01911
1749260798,0.01957000,261.00000000,0.01911
1749260798,0.01959000,52286.00000000,0.01911
1749260798,0.01960000,1679.00000000,0.01911
1749260798,0.01961000,510.00000000,0.01911
1749260798,0.01965000,484.00000000,0.01911
1749260798,0.01967000,68136.00000000,0.01911
1749260798,0.01968000,458.00000000,0.01911
1749260798,0.01970000,4429.00000000,0.01911
1749260798,0.01972000,338.00000000,0.01911
1749260798,0.01975000,1976.00000000,0.01911
1749260798,0.01980000,2349.00000000,0.01911
1749260798,0.01985000,479.00000000,0.01911
1749260798,0.01990000,788.00000000,0.01911
1749260798,0.01992000,1217.00000000,0.01911
1749260798,0.01995000,477.00000000,0.01911
1749260798,0.01998000,1501.00000000,0.01911
1749260798,0.02000000,20283.00000000,0.01911
1749260798,0.02001000,1813.00000000,0.01911
1749260798,0.02005000,7093.00000000,0.01911
1749260798,0.02010000,473.00000000,0.01911
1749260798,0.02014000,300.00000000,0.01911
1749260798,0.02015000,472.00000000,0.01911
1749260798,0.02016000,758.00000000,0.01911
1749260798,0.02019000,300.00000000,0.01911
1749260798,0.02020000,35808.00000000,0.01911
1749260798,0.02022000,300.00000000,0.01911
1749260798,0.02025000,469.00000000,0.01911
1749260798,0.02026000,560.00000000,0.01911
1749260798,0.02028000,1112.00000000,0.01911
1749260798,0.02029000,1475.00000000,0.01911
1749260798,0.02030000,712.00000000,0.01911
1749260798,0.02031000,1816.00000000,0.01911
1749260798,0.02032000,272.00000000,0.01911
1749260798,0.02033000,531.00000000,0.01911
1749260798,0.02036000,9740.00000000,0.01911
1749260798,0.02040000,6470.00000000,0.01911
1749260798,0.02042000,3496.00000000,0.01911
1749260798,0.02045000,635.00000000,0.01911
1749260798,0.02047000,350.00000000,0.01911
1749260798,0.02050000,244.00000000,0.01911
1749260798,0.02051000,301.00000000,0.01911
1749260798,0.02053000,260.00000000,0.01911
1749260798,0.02058000,254.00000000,0.01911
1749260798,0.02060000,508.00000000,0.01911
1749260798,0.02064000,458.00000000,0.01911
1749260798,0.02067000,1680.00000000,0.01911
1749260798,0.02070000,2509.00000000,0.01911
1749260798,0.02073000,296.00000000,0.01911
1749260798,0.02075000,3501.00000000,0.01911
1749260798,0.02080000,4948.00000000,0.01911
1749260798,0.02088000,26528.00000000,0.01911
1749260798,0.02095000,3481.00000000,0.01911
1749260798,0.02100000,12265.00000000,0.01911
1749260798,0.02101000,7545.00000000,0.01911
1749260798,0.02106000,260.00000000,0.01911
1749260798,0.02110000,65219.00000000,0.01911
1749260798,0.02112000,458.00000000,0.01911
1749260798,0.02117000,3635.00000000,0.01911
1749261118,0.01912000,57222.00000000,0.01912
1749261118,0.01913000,262306.00000000,0.01912
1749261118,0.01914000,237142.00000000,0.01912
1749261118,0.01915000,335459.00000000,0.01912
1749261118,0.01916000,246550.00000000,0.01912
1749261118,0.01917000,112338.00000000,0.01912
1749261118,0.01918000,41630.00000000,0.01912
1749261118,0.01919000,91777.00000000,0.01912
1749261118,0.01920000,54204.00000000,0.01912
1749261118,0.01921000,19735.00000000,0.01912
1749261118,0.01922000,37273.00000000,0.01912
1749261118,0.01923000,38382.00000000,0.01912
1749261118,0.01924000,49087.00000000,0.01912
1749261118,0.01925000,53405.00000000,0.01912
1749261118,0.01926000,16260.00000000,0.01912
1749261118,0.01927000,593793.00000000,0.01912
1749261118,0.01928000,12150.00000000,0.01912
1749261118,0.01929000,741333.00000000,0.01912
1749261118,0.01930000,28462.00000000,0.01912
1749261118,0.01931000,1730306.00000000,0.01912
1749261118,0.01932000,12150.00000000,0.01912
1749261118,0.01933000,27969.00000000,0.01912
1749261118,0.01934000,1246817.00000000,0.01912
1749261118,0.01935000,16839.00000000,0.01912
1749261118,0.01936000,27969.00000000,0.01912
1749261118,0.01937000,1136046.00000000,0.01912
1749261118,0.01938000,27969.00000000,0.01912
1749261118,0.01939000,1206119.00000000,0.01912
1749261118,0.01940000,1346.00000000,0.01912
1749261118,0.01941000,15819.00000000,0.01912
1749261118,0.01942000,1520581.00000000,0.01912
1749261118,0.01943000,1605.00000000,0.01912
1749261118,0.01944000,65611.00000000,0.01912
1749261118,0.01945000,1095803.00000000,0.01912
1749261118,0.01947000,437.00000000,0.01912
1749261118,0.01948000,1093600.00000000,0.01912
1749261118,0.01949000,2810.00000000,0.01912
1749261118,0.01950000,188330.00000000,0.01912
1749261118,0.01951000,1158687.00000000,0.01912
1749261118,0.01954000,1098098.00000000,0.01912
1749261118,0.01955000,4486.00000000,0.01912
1749261118,0.01956000,1143833.00000000,0.01912
1749261118,0.01957000,261.00000000,0.01912
1749261118,0.01959000,52286.00000000,0.01912
1749261118,0.01960000,1679.00000000,0.01912
1749261118,0.01961000,510.00000000,0.01912
1749261118,0.01965000,484.00000000,0.01912
1749261118,0.01967000,68136.00000000,0.01912
1749261118,0.01968000,458.00000000,0.01912
1749261118,0.01970000,4429.00000000,0.01912
1749261118,0.01972000,338.00000000,0.01912
1749261118,0.01975000,1976.00000000,0.01912
1749261118,0.01980000,2349.00000000,0.01912
1749261118,0.01985000,479.00000000,0.01912
1749261118,0.01990000,788.00000000,0.01912
1749261118,0.01992000,1217.00000000,0.01912
1749261118,0.01995000,477.00000000,0.01912
1749261118,0.01998000,1501.00000000,0.01912
1749261118,0.02000000,20283.00000000,0.01912
1749261118,0.02001000,1813.00000000,0.01912
1749261118,0.02005000,7093.00000000,0.01912
1749261118,0.02010000,473.00000000,0.01912
1749261118,0.02014000,300.00000000,0.01912
1749261118,0.02015000,472.00000000,0.01912
1749261118,0.02016000,758.00000000,0.01912
1749261118,0.02019000,300.00000000,0.01912
1749261118,0.02020000,35808.00000000,0.01912
1749261118,0.02022000,300.00000000,0.01912
1749261118,0.02025000,469.00000000,0.01912
1749261118,0.02026000,560.00000000,0.01912
1749261118,0.02028000,1112.00000000,0.01912
1749261118,0.02029000,1475.00000000,0.01912
1749261118,0.02030000,712.00000000,0.01912
1749261118,0.02031000,1816.00000000,0.01912
1749261118,0.02032000,272.00000000,0.01912
1749261118,0.02033000,531.00000000,0.01912
1749261118,0.02036000,9740.00000000,0.01912
1749261118,0.02040000,6470.00000000,0.01912
1749261118,0.02042000,3496.00000000,0.01912
1749261118,0.02045000,635.00000000,0.01912
1749261118,0.02047000,350.00000000,0.01912
1749261118,0.02050000,244.00000000,0.01912
1749261118,0.02051000,301.00000000,0.01912
1749261118,0.02053000,260.00000000,0.01912
1749261118,0.02058000,254.00000000,0.01912
1749261118,0.02060000,508.00000000,0.01912
1749261118,0.02064000,458.00000000,0.01912
1749261118,0.02067000,1680.00000000,0.01912
1749261118,0.02070000,2509.00000000,0.01912
1749261118,0.02073000,296.00000000,0.01912
1749261118,0.02075000,3501.00000000,0.01912
1749261118,0.02080000,4948.00000000,0.01912
1749261118,0.02088000,26528.00000000,0.01912
1749261118,0.02095000,3481.00000000,0.01912
1749261118,0.02100000,12265.00000000,0.01912
1749261118,0.02101000,7545.00000000,0.01912
1749261118,0.02106000,260.00000000,0.01912
1749261118,0.02110000,65219.00000000,0.01912
1749261118,0.02112000,458.00000000,0.01912
1749261118,0.02117000,3635.00000000,0.01912
1749261436,0.01911000,17150.00000000,0.01911
1749261436,0.01912000,119530.00000000,0.01911
1749261436,0.01913000,265214.00000000,0.01911
1749261436,0.01914000,426107.00000000,0.01911
1749261436,0.01915000,324623.00000000,0.01911
1749261436,0.01916000,46420.00000000,0.01911
1749261436,0.01917000,104753.00000000,0.01911
1749261436,0.01918000,34045.00000000,0.01911
1749261436,0.01919000,84192.00000000,0.01911
1749261436,0.01920000,54204.00000000,0.01911
1749261436,0.01921000,12150.00000000,0.01911
1749261436,0.01922000,29688.00000000,0.01911
1749261436,0.01923000,30797.00000000,0.01911
1749261436,0.01924000,49087.00000000,0.01911
1749261436,0.01925000,53405.00000000,0.01911
1749261436,0.01926000,16260.00000000,0.01911
1749261436,0.01927000,593793.00000000,0.01911
1749261436,0.01928000,12150.00000000,0.01911
1749261436,0.01929000,741333.00000000,0.01911
1749261436,0.01930000,28462.00000000,0.01911
1749261436,0.01931000,1730306.00000000,0.01911
1749261436,0.01932000,12150.00000000,0.01911
1749261436,0.01933000,27969.00000000,0.01911
1749261436,0.01934000,1246817.00000000,0.01911
1749261436,0.01935000,16839.00000000,0.01911
1749261436,0.01936000,27969.00000000,0.01911
1749261436,0.01937000,1136046.00000000,0.01911
1749261436,0.01938000,27969.00000000,0.01911
1749261436,0.01939000,1206119.00000000,0.01911
1749261436,0.01940000,1346.00000000,0.01911
1749261436,0.01941000,15819.00000000,0.01911
1749261436,0.01942000,1520581.00000000,0.01911
1749261436,0.01943000,1605.00000000,0.01911
1749261436,0.01944000,65611.00000000,0.01911
1749261436,0.01945000,1095803.00000000,0.01911
1749261436,0.01947000,437.00000000,0.01911
1749261436,0.01948000,1093600.00000000,0.01911
1749261436,0.01949000,2810.00000000,0.01911
1749261436,0.01950000,188330.00000000,0.01911
1749261436,0.01951000,1158687.00000000,0.01911
1749261436,0.01954000,1098098.00000000,0.01911
1749261436,0.01955000,4486.00000000,0.01911
1749261436,0.01956000,1143833.00000000,0.01911
1749261436,0.01957000,261.00000000,0.01911
1749261436,0.01959000,52286.00000000,0.01911
1749261436,0.01960000,1679.00000000,0.01911
1749261436,0.01961000,510.00000000,0.01911
1749261436,0.01965000,484.00000000,0.01911
1749261436,0.01967000,68136.00000000,0.01911
1749261436,0.01968000,458.00000000,0.01911
1749261436,0.01970000,4429.00000000,0.01911
1749261436,0.01972000,338.00000000,0.01911
1749261436,0.01975000,1976.00000000,0.01911
1749261436,0.01980000,2349.00000000,0.01911
1749261436,0.01985000,479.00000000,0.01911
1749261436,0.01990000,788.00000000,0.01911
1749261436,0.01992000,1217.00000000,0.01911
1749261436,0.01995000,477.00000000,0.01911
1749261436,0.01998000,1501.00000000,0.01911
1749261436,0.02000000,20283.00000000,0.01911
1749261436,0.02001000,1813.00000000,0.01911
1749261436,0.02005000,7093.00000000,0.01911
1749261436,0.02010000,473.00000000,0.01911
1749261436,0.02014000,300.00000000,0.01911
1749261436,0.02015000,472.00000000,0.01911
1749261436,0.02016000,758.00000000,0.01911
1749261436,0.02019000,300.00000000,0.01911
1749261436,0.02020000,35808.00000000,0.01911
1749261436,0.02022000,300.00000000,0.01911
1749261436,0.02025000,469.00000000,0.01911
1749261436,0.02026000,560.00000000,0.01911
1749261436,0.02028000,1112.00000000,0.01911
1749261436,0.02029000,1475.00000000,0.01911
1749261436,0.02030000,712.00000000,0.01911
1749261436,0.02031000,1816.00000000,0.01911
1749261436,0.02032000,272.00000000,0.01911
1749261436,0.02033000,531.00000000,0.01911
1749261436,0.02036000,9740.00000000,0.01911
1749261436,0.02040000,6470.00000000,0.01911
1749261436,0.02042000,3496.00000000,0.01911
1749261436,0.02045000,635.00000000,0.01911
1749261436,0.02047000,350.00000000,0.01911
1749261436,0.02050000,244.00000000,0.01911
1749261436,0.02051000,301.00000000,0.01911
1749261436,0.02053000,260.00000000,0.01911
1749261436,0.02058000,254.00000000,0.01911
1749261436,0.02060000,508.00000000,0.01911
1749261436,0.02064000,458.00000000,0.01911
1749261436,0.02067000,1680.00000000,0.01911
1749261436,0.02070000,2509.00000000,0.01911
1749261436,0.02073000,296.00000000,0.01911
1749261436,0.02075000,3501.00000000,0.01911
1749261436,0.02080000,4948.00000000,0.01911
1749261436,0.02088000,26528.00000000,0.01911
1749261436,0.02095000,3481.00000000,0.01911
1749261436,0.02100000,12265.00000000,0.01911
1749261436,0.02101000,7545.00000000,0.01911
1749261436,0.02106000,260.00000000,0.01911
1749261436,0.02110000,65219.00000000,0.01911
1749261436,0.02112000,458.00000000,0.01911
1749261747,0.01910000,32878.00000000,0.01909
1749261747,0.01911000,148768.00000000,0.01909
1749261747,0.01912000,233257.00000000,0.01909
1749261747,0.01913000,549632.00000000,0.01909
1749261747,0.01914000,273787.00000000,0.01909
1749261747,0.01915000,75937.00000000,0.01909
1749261747,0.01916000,59009.00000000,0.01909
1749261747,0.01917000,145874.00000000,0.01909
1749261747,0.01918000,33585.00000000,0.01909
1749261747,0.01919000,49931.00000000,0.01909
1749261747,0.01920000,54204.00000000,0.01909
1749261747,0.01921000,19739.00000000,0.01909
1749261747,0.01922000,37277.00000000,0.01909
1749261747,0.01923000,55739.00000000,0.01909
1749261747,0.01924000,49087.00000000,0.01909
1749261747,0.01925000,28463.00000000,0.01909
1749261747,0.01926000,16260.00000000,0.01909
1749261747,0.01927000,593793.00000000,0.01909
1749261747,0.01928000,12150.00000000,0.01909
1749261747,0.01929000,203367.00000000,0.01909
1749261747,0.01930000,28462.00000000,0.01909
1749261747,0.01931000,1730306.00000000,0.01909
1749261747,0.01932000,12150.00000000,0.01909
1749261747,0.01933000,502284.00000000,0.01909
1749261747,0.01934000,1246817.00000000,0.01909
1749261747,0.01935000,16839.00000000,0.01909
1749261747,0.01936000,27969.00000000,0.01909
1749261747,0.01937000,1136046.00000000,0.01909
1749261747,0.01938000,27969.00000000,0.01909
1749261747,0.01939000,1206119.00000000,0.01909
1749261747,0.01940000,1346.00000000,0.01909
1749261747,0.01941000,15819.00000000,0.01909
1749261747,0.01942000,1520581.00000000,0.01909
1749261747,0.01943000,1605.00000000,0.01909
1749261747,0.01944000,65611.00000000,0.01909
1749261747,0.01945000,1098702.00000000,0.01909
1749261747,0.01947000,437.00000000,0.01909
1749261747,0.01948000,1093600.00000000,0.01909
1749261747,0.01949000,2810.00000000,0.01909
1749261747,0.01950000,188330.00000000,0.01909
1749261747,0.01951000,1155788.00000000,0.01909
1749261747,0.01954000,1098098.00000000,0.01909
1749261747,0.01955000,4486.00000000,0.01909
1749261747,0.01956000,1143833.00000000,0.01909
1749261747,0.01957000,261.00000000,0.01909
1749261747,0.01959000,52286.00000000,0.01909
1749261747,0.01960000,1679.00000000,0.01909
1749261747,0.01961000,510.00000000,0.01909
1749261747,0.01965000,484.00000000,0.01909
1749261747,0.01967000,68136.00000000,0.01909
1749261747,0.01968000,458.00000000,0.01909
1749261747,0.01970000,4429.00000000,0.01909
1749261747,0.01972000,338.00000000,0.01909
1749261747,0.01975000,1976.00000000,0.01909
1749261747,0.01980000,2349.00000000,0.01909
1749261747,0.01985000,479.00000000,0.01909
1749261747,0.01990000,788.00000000,0.01909
1749261747,0.01992000,1217.00000000,0.01909
1749261747,0.01995000,477.00000000,0.01909
1749261747,0.01998000,1501.00000000,0.01909
1749261747,0.02000000,20283.00000000,0.01909
1749261747,0.02001000,1813.00000000,0.01909
1749261747,0.02005000,7093.00000000,0.01909
1749261747,0.02010000,473.00000000,0.01909
1749261747,0.02014000,300.00000000,0.01909
1749261747,0.02015000,472.00000000,0.01909
1749261747,0.02016000,758.00000000,0.01909
1749261747,0.02019000,300.00000000,0.01909
1749261747,0.02020000,35808.00000000,0.01909
1749261747,0.02022000,300.00000000,0.01909
1749261747,0.02025000,469.00000000,0.01909
1749261747,0.02026000,560.00000000,0.01909
1749261747,0.02028000,1112.00000000,0.01909
1749261747,0.02029000,1475.00000000,0.01909
1749261747,0.02030000,712.00000000,0.01909
1749261747,0.02031000,1816.00000000,0.01909
1749261747,0.02032000,272.00000000,0.01909
1749261747,0.02033000,531.00000000,0.01909
1749261747,0.02036000,9740.00000000,0.01909
1749261747,0.02040000,6470.00000000,0.01909
1749261747,0.02042000,3496.00000000,0.01909
1749261747,0.02045000,635.00000000,0.01909
1749261747,0.02047000,350.00000000,0.01909
1749261747,0.02050000,244.00000000,0.01909
1749261747,0.02051000,301.00000000,0.01909
1749261747,0.02053000,260.00000000,0.01909
1749261747,0.02058000,254.00000000,0.01909
1749261747,0.02060000,508.00000000,0.01909
1749261747,0.02064000,458.00000000,0.01909
1749261747,0.02067000,1680.00000000,0.01909
1749261747,0.02070000,2509.00000000,0.01909
1749261747,0.02073000,296.00000000,0.01909
1749261747,0.02075000,3501.00000000,0.01909
1749261747,0.02080000,4948.00000000,0.01909
1749261747,0.02088000,26528.00000000,0.01909
1749261747,0.02095000,3481.00000000,0.01909
1749261747,0.02100000,12265.00000000,0.01909
1749261747,0.02101000,7545.00000000,0.01909
1749261747,0.02106000,260.00000000,0.01909
1749261747,0.02110000,65219.00000000,0.01909
1749262054,0.01909000,96334.00000000,0.01908
1749262054,0.01910000,175120.00000000,0.01908
1749262054,0.01911000,278507.00000000,0.01908
1749262054,0.01912000,341239.00000000,0.01908
1749262054,0.01913000,461734.00000000,0.01908
1749262054,0.01914000,46364.00000000,0.01908
1749262054,0.01915000,68525.00000000,0.01908
1749262054,0.01916000,51420.00000000,0.01908
1749262054,0.01917000,104753.00000000,0.01908
1749262054,0.01918000,25996.00000000,0.01908
1749262054,0.01919000,42342.00000000,0.01908
1749262054,0.01920000,54204.00000000,0.01908
1749262054,0.01921000,37092.00000000,0.01908
1749262054,0.01922000,29688.00000000,0.01908
1749262054,0.01923000,34633.00000000,0.01908
1749262054,0.01924000,667902.00000000,0.01908
1749262054,0.01925000,28463.00000000,0.01908
1749262054,0.01926000,12424.00000000,0.01908
1749262054,0.01927000,593793.00000000,0.01908
1749262054,0.01928000,1214302.00000000,0.01908
1749262054,0.01929000,127508.00000000,0.01908
1749262054,0.01930000,28462.00000000,0.01908
1749262054,0.01931000,1730306.00000000,0.01908
1749262054,0.01932000,12150.00000000,0.01908
1749262054,0.01933000,27969.00000000,0.01908
1749262054,0.01934000,669.00000000,0.01908
1749262054,0.01935000,16839.00000000,0.01908
1749262054,0.01936000,27969.00000000,0.01908
1749262054,0.01937000,12150.00000000,0.01908
1749262054,0.01938000,27969.00000000,0.01908
1749262054,0.01939000,17659.00000000,0.01908
1749262054,0.01940000,1346.00000000,0.01908
1749262054,0.01941000,15819.00000000,0.01908
1749262054,0.01942000,427007.00000000,0.01908
1749262054,0.01943000,1605.00000000,0.01908
1749262054,0.01944000,65611.00000000,0.01908
1749262054,0.01945000,3388.00000000,0.01908
1749262054,0.01947000,437.00000000,0.01908
1749262054,0.01949000,2810.00000000,0.01908
1749262054,0.01950000,188330.00000000,0.01908
1749262054,0.01955000,4486.00000000,0.01908
1749262054,0.01956000,1143833.00000000,0.01908
1749262054,0.01957000,261.00000000,0.01908
1749262054,0.01958000,1099164.00000000,0.01908
1749262054,0.01959000,52286.00000000,0.01908
1749262054,0.01960000,1171343.00000000,0.01908
1749262054,0.01961000,510.00000000,0.01908
1749262054,0.01962000,1146324.00000000,0.01908
1749262054,0.01964000,1170837.00000000,0.01908
1749262054,0.01965000,484.00000000,0.01908
1749262054,0.01966000,1093716.00000000,0.01908
1749262054,0.01967000,68136.00000000,0.01908
1749262054,0.01968000,1230784.00000000,0.01908
1749262054,0.01970000,1238754.00000000,0.01908
1749262054,0.01972000,338.00000000,0.01908
1749262054,0.01975000,1976.00000000,0.01908
1749262054,0.01980000,2349.00000000,0.01908
1749262054,0.01985000,479.00000000,0.01908
1749262054,0.01990000,788.00000000,0.01908
1749262054,0.01992000,1217.00000000,0.01908
1749262054,0.01995000,477.00000000,0.01908
1749262054,0.01998000,1501.00000000,0.01908
1749262054,0.02000000,20283.00000000,0.01908
1749262054,0.02001000,1813.00000000,0.01908
1749262054,0.02005000,7093.00000000,0.01908
1749262054,0.02010000,473.00000000,0.01908
1749262054,0.02014000,300.00000000,0.01908
1749262054,0.02015000,472.00000000,0.01908
1749262054,0.02016000,758.00000000,0.01908
1749262054,0.02019000,300.00000000,0.01908
1749262054,0.02020000,35808.00000000,0.01908
1749262054,0.02022000,300.00000000,0.01908
1749262054,0.02025000,469.00000000,0.01908
1749262054,0.02026000,560.00000000,0.01908
1749262054,0.02028000,1112.00000000,0.01908
1749262054,0.02029000,1475.00000000,0.01908
1749262054,0.02030000,712.00000000,0.01908
1749262054,0.02031000,1816.00000000,0.01908
1749262054,0.02032000,272.00000000,0.01908
1749262054,0.02033000,531.00000000,0.01908
1749262054,0.02036000,9740.00000000,0.01908
1749262054,0.02040000,6470.00000000,0.01908
1749262054,0.02042000,3496.00000000,0.01908
1749262054,0.02045000,635.00000000,0.01908
1749262054,0.02047000,350.00000000,0.01908
1749262054,0.02050000,244.00000000,0.01908
1749262054,0.02051000,301.00000000,0.01908
1749262054,0.02053000,260.00000000,0.01908
1749262054,0.02058000,254.00000000,0.01908
1749262054,0.02060000,508.00000000,0.01908
1749262054,0.02064000,458.00000000,0.01908
1749262054,0.02067000,1680.00000000,0.01908
1749262054,0.02070000,2509.00000000,0.01908
1749262054,0.02073000,296.00000000,0.01908
1749262054,0.02075000,3501.00000000,0.01908
1749262054,0.02080000,4948.00000000,0.01908
1749262054,0.02088000,26528.00000000,0.01908
1749262054,0.02095000,3481.00000000,0.01908
1749262054,0.02100000,12265.00000000,0.01908
1749262054,0.02101000,7545.00000000,0.01908
1749262361,0.01909000,77992.00000000,0.01908
1749262361,0.01910000,286534.00000000,0.01908
1749262361,0.01911000,345691.00000000,0.01908
1749262361,0.01912000,375107.00000000,0.01908
1749262361,0.01913000,207548.00000000,0.01908
1749262361,0.01914000,53961.00000000,0.01908
1749262361,0.01915000,76122.00000000,0.01908
1749262361,0.01916000,59017.00000000,0.01908
1749262361,0.01917000,104753.00000000,0.01908
1749262361,0.01918000,33593.00000000,0.01908
1749262361,0.01919000,49939.00000000,0.01908
1749262361,0.01920000,61801.00000000,0.01908
1749262361,0.01921000,19747.00000000,0.01908
1749262361,0.01922000,29688.00000000,0.01908
1749262361,0.01923000,59575.00000000,0.01908
1749262361,0.01924000,646425.00000000,0.01908
1749262361,0.01925000,28463.00000000,0.01908
1749262361,0.01926000,12424.00000000,0.01908
1749262361,0.01927000,593793.00000000,0.01908
1749262361,0.01928000,1115676.00000000,0.01908
1749262361,0.01929000,127508.00000000,0.01908
1749262361,0.01930000,28462.00000000,0.01908
1749262361,0.01931000,1730306.00000000,0.01908
1749262361,0.01932000,12150.00000000,0.01908
1749262361,0.01933000,27969.00000000,0.01908
1749262361,0.01934000,669.00000000,0.01908
1749262361,0.01935000,16839.00000000,0.01908
1749262361,0.01936000,27969.00000000,0.01908
1749262361,0.01937000,12150.00000000,0.01908
1749262361,0.01938000,27969.00000000,0.01908
1749262361,0.01939000,17659.00000000,0.01908
1749262361,0.01940000,1346.00000000,0.01908
1749262361,0.01941000,15819.00000000,0.01908
1749262361,0.01942000,427007.00000000,0.01908
1749262361,0.01943000,1605.00000000,0.01908
1749262361,0.01944000,65611.00000000,0.01908
1749262361,0.01945000,3388.00000000,0.01908
1749262361,0.01947000,437.00000000,0.01908
1749262361,0.01949000,2810.00000000,0.01908
1749262361,0.01950000,188330.00000000,0.01908
1749262361,0.01955000,4486.00000000,0.01908
1749262361,0.01957000,261.00000000,0.01908
1749262361,0.01958000,1099164.00000000,0.01908
1749262361,0.01959000,52286.00000000,0.01908
1749262361,0.01960000,1171343.00000000,0.01908
1749262361,0.01961000,510.00000000,0.01908
1749262361,0.01962000,1146324.00000000,0.01908
1749262361,0.01964000,1170837.00000000,0.01908
1749262361,0.01965000,484.00000000,0.01908
1749262361,0.01966000,1093716.00000000,0.01908
1749262361,0.01967000,68136.00000000,0.01908
1749262361,0.01968000,1230784.00000000,0.01908
1749262361,0.01970000,1238754.00000000,0.01908
1749262361,0.01972000,1255983.00000000,0.01908
1749262361,0.01975000,1976.00000000,0.01908
1749262361,0.01980000,2349.00000000,0.01908
1749262361,0.01985000,479.00000000,0.01908
1749262361,0.01990000,788.00000000,0.01908
1749262361,0.01992000,1217.00000000,0.01908
1749262361,0.01995000,477.00000000,0.01908
1749262361,0.01998000,1501.00000000,0.01908
1749262361,0.02000000,20283.00000000,0.01908
1749262361,0.02001000,1813.00000000,0.01908
1749262361,0.02005000,7093.00000000,0.01908
1749262361,0.02010000,473.00000000,0.01908
1749262361,0.02014000,300.00000000,0.01908
1749262361,0.02015000,472.00000000,0.01908
1749262361,0.02016000,758.00000000,0.01908
1749262361,0.02019000,300.00000000,0.01908
1749262361,0.02020000,35808.00000000,0.01908
1749262361,0.02022000,300.00000000,0.01908
1749262361,0.02025000,469.00000000,0.01908
1749262361,0.02026000,560.00000000,0.01908
1749262361,0.02028000,1112.00000000,0.01908
1749262361,0.02029000,1475.00000000,0.01908
1749262361,0.02030000,712.00000000,0.01908
1749262361,0.02031000,1816.00000000,0.01908
1749262361,0.02032000,272.00000000,0.01908
1749262361,0.02033000,531.00000000,0.01908
1749262361,0.02036000,9740.00000000,0.01908
1749262361,0.02040000,6470.00000000,0.01908
1749262361,0.02042000,3496.00000000,0.01908
1749262361,0.02045000,635.00000000,0.01908
1749262361,0.02047000,350.00000000,0.01908
1749262361,0.02050000,244.00000000,0.01908
1749262361,0.02051000,301.00000000,0.01908
1749262361,0.02053000,260.00000000,0.01908
1749262361,0.02058000,254.00000000,0.01908
1749262361,0.02060000,508.00000000,0.01908
1749262361,0.02064000,458.00000000,0.01908
1749262361,0.02067000,1680.00000000,0.01908
1749262361,0.02070000,2509.00000000,0.01908
1749262361,0.02073000,296.00000000,0.01908
1749262361,0.02075000,3501.00000000,0.01908
1749262361,0.02080000,4948.00000000,0.01908
1749262361,0.02088000,26528.00000000,0.01908
1749262361,0.02095000,3481.00000000,0.01908
1749262361,0.02100000,12265.00000000,0.01908
1749262361,0.02101000,7545.00000000,0.01908
1749262361,0.02106000,260.00000000,0.01908
1749262662,0.01909000,71421.00000000,0.01909
1749262662,0.01910000,267575.00000000,0.01909
1749262662,0.01911000,282129.00000000,0.01909
1749262662,0.01912000,338561.00000000,0.01909
1749262662,0.01913000,206979.00000000,0.01909
1749262662,0.01914000,53961.00000000,0.01909
1749262662,0.01915000,76122.00000000,0.01909
1749262662,0.01916000,51420.00000000,0.01909
1749262662,0.01917000,104753.00000000,0.01909
1749262662,0.01918000,25996.00000000,0.01909
1749262662,0.01919000,42342.00000000,0.01909
1749262662,0.01920000,54204.00000000,0.01909
1749262662,0.01921000,12150.00000000,0.01909
1749262662,0.01922000,29688.00000000,0.01909
1749262662,0.01923000,34633.00000000,0.01909
1749262662,0.01924000,660077.00000000,0.01909
1749262662,0.01925000,28463.00000000,0.01909
1749262662,0.01926000,12424.00000000,0.01909
1749262662,0.01927000,593793.00000000,0.01909
1749262662,0.01928000,1227311.00000000,0.01909
1749262662,0.01929000,127508.00000000,0.01909
1749262662,0.01930000,28462.00000000,0.01909
1749262662,0.01932000,12150.00000000,0.01909
1749262662,0.01933000,535742.00000000,0.01909
1749262662,0.01934000,669.00000000,0.01909
1749262662,0.01935000,16839.00000000,0.01909
1749262662,0.01936000,27969.00000000,0.01909
1749262662,0.01937000,12150.00000000,0.01909
1749262662,0.01938000,27969.00000000,0.01909
1749262662,0.01939000,17659.00000000,0.01909
1749262662,0.01940000,1346.00000000,0.01909
1749262662,0.01941000,15819.00000000,0.01909
1749262662,0.01942000,427007.00000000,0.01909
1749262662,0.01943000,1605.00000000,0.01909
1749262662,0.01944000,65611.00000000,0.01909
1749262662,0.01945000,3388.00000000,0.01909
1749262662,0.01947000,437.00000000,0.01909
1749262662,0.01949000,2810.00000000,0.01909
1749262662,0.01950000,188330.00000000,0.01909
1749262662,0.01955000,4486.00000000,0.01909
1749262662,0.01957000,261.00000000,0.01909
1749262662,0.01958000,1099164.00000000,0.01909
1749262662,0.01959000,52286.00000000,0.01909
1749262662,0.01960000,1171343.00000000,0.01909
1749262662,0.01961000,510.00000000,0.01909
1749262662,0.01962000,1146324.00000000,0.01909
1749262662,0.01964000,1170837.00000000,0.01909
1749262662,0.01965000,484.00000000,0.01909
1749262662,0.01966000,1093716.00000000,0.01909
1749262662,0.01967000,68136.00000000,0.01909
1749262662,0.01968000,1230784.00000000,0.01909
1749262662,0.01970000,1238754.00000000,0.01909
1749262662,0.01972000,1255983.00000000,0.01909
1749262662,0.01975000,1976.00000000,0.01909
1749262662,0.01980000,2349.00000000,0.01909
1749262662,0.01985000,479.00000000,0.01909
1749262662,0.01990000,788.00000000,0.01909
1749262662,0.01992000,1217.00000000,0.01909
1749262662,0.01995000,477.00000000,0.01909
1749262662,0.01998000,1501.00000000,0.01909
1749262662,0.02000000,20283.00000000,0.01909
1749262662,0.02001000,1813.00000000,0.01909
1749262662,0.02005000,7093.00000000,0.01909
1749262662,0.02010000,473.00000000,0.01909
1749262662,0.02014000,300.00000000,0.01909
1749262662,0.02015000,472.00000000,0.01909
1749262662,0.02016000,758.00000000,0.01909
1749262662,0.02019000,300.00000000,0.01909
1749262662,0.02020000,35808.00000000,0.01909
1749262662,0.02022000,300.00000000,0.01909
1749262662,0.02025000,469.00000000,0.01909
1749262662,0.02026000,560.00000000,0.01909
1749262662,0.02028000,1112.00000000,0.01909
1749262662,0.02029000,1475.00000000,0.01909
1749262662,0.02030000,712.00000000,0.01909
1749262662,0.02031000,1816.00000000,0.01909
1749262662,0.02032000,272.00000000,0.01909
1749262662,0.02033000,531.00000000,0.01909
1749262662,0.02036000,9740.00000000,0.01909
1749262662,0.02040000,6470.00000000,0.01909
1749262662,0.02042000,3496.00000000,0.01909
1749262662,0.02045000,635.00000000,0.01909
1749262662,0.02047000,350.00000000,0.01909
1749262662,0.02050000,244.00000000,0.01909
1749262662,0.02051000,301.00000000,0.01909
1749262662,0.02053000,260.00000000,0.01909
1749262662,0.02058000,254.00000000,0.01909
1749262662,0.02060000,508.00000000,0.01909
1749262662,0.02064000,458.00000000,0.01909
1749262662,0.02067000,1680.00000000,0.01909
1749262662,0.02070000,2509.00000000,0.01909
1749262662,0.02073000,296.00000000,0.01909
1749262662,0.02075000,3501.00000000,0.01909
1749262662,0.02080000,4948.00000000,0.01909
1749262662,0.02088000,26528.00000000,0.01909
1749262662,0.02095000,3481.00000000,0.01909
1749262662,0.02100000,12265.00000000,0.01909
1749262662,0.02101000,7545.00000000,0.01909
1749262662,0.02106000,260.00000000,0.01909
1749262662,0.02110000,65219.00000000,0.01909
1749262964,0.01909000,71160.00000000,0.01908
1749262964,0.01910000,283765.00000000,0.01908
1749262964,0.01911000,299253.00000000,0.01908
1749262964,0.01912000,440567.00000000,0.01908
1749262964,0.01913000,224775.00000000,0.01908
1749262964,0.01914000,53961.00000000,0.01908
1749262964,0.01915000,76122.00000000,0.01908
1749262964,0.01916000,54656.00000000,0.01908
1749262964,0.01917000,104753.00000000,0.01908
1749262964,0.01918000,33593.00000000,0.01908
1749262964,0.01919000,49939.00000000,0.01908
1749262964,0.01920000,54204.00000000,0.01908
1749262964,0.01921000,12150.00000000,0.01908
1749262964,0.01922000,54630.00000000,0.01908
1749262964,0.01923000,34633.00000000,0.01908
1749262964,0.01924000,635135.00000000,0.01908
1749262964,0.01925000,28463.00000000,0.01908
1749262964,0.01926000,12424.00000000,0.01908
1749262964,0.01927000,27969.00000000,0.01908
1749262964,0.01928000,1227311.00000000,0.01908
1749262964,0.01929000,127508.00000000,0.01908
1749262964,0.01930000,28462.00000000,0.01908
1749262964,0.01932000,12150.00000000,0.01908
1749262964,0.01933000,535742.00000000,0.01908
1749262964,0.01934000,669.00000000,0.01908
1749262964,0.01935000,538339.00000000,0.01908
1749262964,0.01936000,27969.00000000,0.01908
1749262964,0.01937000,12150.00000000,0.01908
1749262964,0.01938000,27969.00000000,0.01908
1749262964,0.01939000,17659.00000000,0.01908
1749262964,0.01940000,1346.00000000,0.01908
1749262964,0.01941000,15819.00000000,0.01908
1749262964,0.01942000,427007.00000000,0.01908
1749262964,0.01943000,1605.00000000,0.01908
1749262964,0.01944000,65611.00000000,0.01908
1749262964,0.01945000,3388.00000000,0.01908
1749262964,0.01947000,437.00000000,0.01908
1749262964,0.01949000,2810.00000000,0.01908
1749262964,0.01950000,188330.00000000,0.01908
1749262964,0.01955000,4486.00000000,0.01908
1749262964,0.01957000,261.00000000,0.01908
1749262964,0.01958000,1099164.00000000,0.01908
1749262964,0.01959000,52286.00000000,0.01908
1749262964,0.01960000,1171343.00000000,0.01908
1749262964,0.01961000,510.00000000,0.01908
1749262964,0.01962000,1146324.00000000,0.01908
1749262964,0.01964000,1170837.00000000,0.01908
1749262964,0.01965000,484.00000000,0.01908
1749262964,0.01966000,1093716.00000000,0.01908
1749262964,0.01967000,68136.00000000,0.01908
1749262964,0.01968000,1230784.00000000,0.01908
1749262964,0.01970000,1238754.00000000,0.01908
1749262964,0.01972000,1255983.00000000,0.01908
1749262964,0.01974000,1079967.00000000,0.01908
1749262964,0.01975000,1976.00000000,0.01908
1749262964,0.01980000,2349.00000000,0.01908
1749262964,0.01985000,479.00000000,0.01908
1749262964,0.01990000,788.00000000,0.01908
1749262964,0.01992000,1217.00000000,0.01908
1749262964,0.01995000,477.00000000,0.01908
1749262964,0.01998000,1501.00000000,0.01908
1749262964,0.02000000,20283.00000000,0.01908
1749262964,0.02001000,1813.00000000,0.01908
1749262964,0.02005000,7093.00000000,0.01908
1749262964,0.02010000,473.00000000,0.01908
1749262964,0.02014000,300.00000000,0.01908
1749262964,0.02015000,472.00000000,0.01908
1749262964,0.02016000,758.00000000,0.01908
1749262964,0.02019000,300.00000000,0.01908
1749262964,0.02020000,35808.00000000,0.01908
1749262964,0.02022000,300.00000000,0.01908
1749262964,0.02025000,469.00000000,0.01908
1749262964,0.02026000,560.00000000,0.01908
1749262964,0.02028000,1112.00000000,0.01908
1749262964,0.02029000,1475.00000000,0.01908
1749262964,0.02030000,712.00000000,0.01908
1749262964,0.02031000,1816.00000000,0.01908
1749262964,0.02032000,272.00000000,0.01908
1749262964,0.02033000,531.00000000,0.01908
1749262964,0.02036000,9740.00000000,0.01908
1749262964,0.02040000,6470.00000000,0.01908
1749262964,0.02042000,3496.00000000,0.01908
1749262964,0.02045000,635.00000000,0.01908
1749262964,0.02047000,350.00000000,0.01908
1749262964,0.02050000,244.00000000,0.01908
1749262964,0.02051000,301.00000000,0.01908
1749262964,0.02053000,260.00000000,0.01908
1749262964,0.02058000,254.00000000,0.01908
1749262964,0.02060000,508.00000000,0.01908
1749262964,0.02064000,458.00000000,0.01908
1749262964,0.02067000,1680.00000000,0.01908
1749262964,0.02070000,2509.00000000,0.01908
1749262964,0.02073000,296.00000000,0.01908
1749262964,0.02075000,3501.00000000,0.01908
1749262964,0.02080000,4948.00000000,0.01908
1749262964,0.02088000,26528.00000000,0.01908
1749262964,0.02095000,3481.00000000,0.01908
1749262964,0.02100000,12265.00000000,0.01908
1749262964,0.02101000,7545.00000000,0.01908
1749262964,0.02106000,260.00000000,0.01908
1749263272,0.01909000,61160.00000000,0.01908
1749263272,0.01910000,203125.00000000,0.01908
1749263272,0.01911000,292840.00000000,0.01908
1749263272,0.01912000,216657.00000000,0.01908
1749263272,0.01913000,208322.00000000,0.01908
1749263272,0.01914000,46364.00000000,0.01908
1749263272,0.01915000,68525.00000000,0.01908
1749263272,0.01916000,51420.00000000,0.01908
1749263272,0.01917000,104753.00000000,0.01908
1749263272,0.01918000,25996.00000000,0.01908
1749263272,0.01919000,42342.00000000,0.01908
1749263272,0.01920000,54204.00000000,0.01908
1749263272,0.01921000,12150.00000000,0.01908
1749263272,0.01922000,54630.00000000,0.01908
1749263272,0.01923000,34633.00000000,0.01908
1749263272,0.01924000,635135.00000000,0.01908
1749263272,0.01925000,28463.00000000,0.01908
1749263272,0.01926000,12424.00000000,0.01908
1749263272,0.01927000,27969.00000000,0.01908
1749263272,0.01928000,1227311.00000000,0.01908
1749263272,0.01929000,127508.00000000,0.01908
1749263272,0.01930000,28462.00000000,0.01908
1749263272,0.01932000,12150.00000000,0.01908
1749263272,0.01933000,535742.00000000,0.01908
1749263272,0.01934000,669.00000000,0.01908
1749263272,0.01935000,538339.00000000,0.01908
1749263272,0.01936000,27969.00000000,0.01908
1749263272,0.01937000,12150.00000000,0.01908
1749263272,0.01938000,27969.00000000,0.01908
1749263272,0.01939000,17659.00000000,0.01908
1749263272,0.01940000,1346.00000000,0.01908
1749263272,0.01941000,15819.00000000,0.01908
1749263272,0.01942000,427007.00000000,0.01908
1749263272,0.01943000,1605.00000000,0.01908
1749263272,0.01944000,65611.00000000,0.01908
1749263272,0.01945000,3388.00000000,0.01908
1749263272,0.01947000,437.00000000,0.01908
1749263272,0.01949000,2810.00000000,0.01908
1749263272,0.01950000,188330.00000000,0.01908
1749263272,0.01955000,4486.00000000,0.01908
1749263272,0.01957000,261.00000000,0.01908
1749263272,0.01958000,1099164.00000000,0.01908
1749263272,0.01959000,52286.00000000,0.01908
1749263272,0.01960000,1171343.00000000,0.01908
1749263272,0.01961000,510.00000000,0.01908
1749263272,0.01962000,1146324.00000000,0.01908
1749263272,0.01964000,1170837.00000000,0.01908
1749263272,0.01965000,484.00000000,0.01908
1749263272,0.01966000,1093716.00000000,0.01908
1749263272,0.01967000,68136.00000000,0.01908
1749263272,0.01968000,1230784.00000000,0.01908
1749263272,0.01970000,1238754.00000000,0.01908
1749263272,0.01972000,1255983.00000000,0.01908
1749263272,0.01974000,1079967.00000000,0.01908
1749263272,0.01975000,1976.00000000,0.01908
1749263272,0.01980000,2349.00000000,0.01908
1749263272,0.01985000,479.00000000,0.01908
1749263272,0.01990000,788.00000000,0.01908
1749263272,0.01992000,1217.00000000,0.01908
1749263272,0.01995000,477.00000000,0.01908
1749263272,0.01998000,1501.00000000,0.01908
1749263272,0.02000000,20283.00000000,0.01908
1749263272,0.02001000,1813.00000000,0.01908
1749263272,0.02005000,7093.00000000,0.01908
1749263272,0.02010000,473.00000000,0.01908
1749263272,0.02014000,300.00000000,0.01908
1749263272,0.02015000,472.00000000,0.01908
1749263272,0.02016000,758.00000000,0.01908
1749263272,0.02019000,300.00000000,0.01908
1749263272,0.02020000,35808.00000000,0.01908
1749263272,0.02022000,300.00000000,0.01908
1749263272,0.02025000,469.00000000,0.01908
1749263272,0.02026000,560.00000000,0.01908
1749263272,0.02028000,1112.00000000,0.01908
1749263272,0.02029000,1475.00000000,0.01908
1749263272,0.02030000,712.00000000,0.01908
1749263272,0.02031000,1816.00000000,0.01908
1749263272,0.02032000,272.00000000,0.01908
1749263272,0.02033000,531.00000000,0.01908
1749263272,0.02036000,9740.00000000,0.01908
1749263272,0.02040000,6470.00000000,0.01908
1749263272,0.02042000,3496.00000000,0.01908
1749263272,0.02045000,635.00000000,0.01908
1749263272,0.02047000,350.00000000,0.01908
1749263272,0.02050000,244.00000000,0.01908
1749263272,0.02051000,301.00000000,0.01908
1749263272,0.02053000,260.00000000,0.01908
1749263272,0.02058000,254.00000000,0.01908
1749263272,0.02060000,508.00000000,0.01908
1749263272,0.02064000,458.00000000,0.01908
1749263272,0.02067000,1680.00000000,0.01908
1749263272,0.02070000,2509.00000000,0.01908
1749263272,0.02073000,296.00000000,0.01908
1749263272,0.02075000,3501.00000000,0.01908
1749263272,0.02080000,4948.00000000,0.01908
1749263272,0.02088000,26528.00000000,0.01908
1749263272,0.02095000,3481.00000000,0.01908
1749263272,0.02100000,12265.00000000,0.01908
1749263272,0.02101000,7545.00000000,0.01908
1749263272,0.02106000,260.00000000,0.01908
1749263573,0.01908000,96491.00000000,0.01908
1749263573,0.01909000,355950.00000000,0.01908
1749263573,0.01910000,207604.00000000,0.01908
1749263573,0.01911000,174624.00000000,0.01908
1749263573,0.01912000,258616.00000000,0.01908
1749263573,0.01913000,140982.00000000,0.01908
1749263573,0.01914000,58968.00000000,0.01908
1749263573,0.01915000,76122.00000000,0.01908
1749263573,0.01916000,52695.00000000,0.01908
1749263573,0.01917000,104753.00000000,0.01908
1749263573,0.01918000,33593.00000000,0.01908
1749263573,0.01919000,49939.00000000,0.01908
1749263573,0.01920000,40490.00000000,0.01908
1749263573,0.01921000,12150.00000000,0.01908
1749263573,0.01922000,54630.00000000,0.01908
1749263573,0.01923000,34633.00000000,0.01908
1749263573,0.01924000,635135.00000000,0.01908
1749263573,0.01925000,28463.00000000,0.01908
1749263573,0.01926000,12424.00000000,0.01908
1749263573,0.01927000,27969.00000000,0.01908
1749263573,0.01928000,1227311.00000000,0.01908
1749263573,0.01929000,127508.00000000,0.01908
1749263573,0.01930000,28462.00000000,0.01908
1749263573,0.01932000,12150.00000000,0.01908
1749263573,0.01933000,535742.00000000,0.01908
1749263573,0.01934000,669.00000000,0.01908
1749263573,0.01935000,538339.00000000,0.01908
1749263573,0.01936000,27969.00000000,0.01908
1749263573,0.01937000,12150.00000000,0.01908
1749263573,0.01938000,27969.00000000,0.01908
1749263573,0.01939000,17659.00000000,0.01908
1749263573,0.01940000,1346.00000000,0.01908
1749263573,0.01941000,15819.00000000,0.01908
1749263573,0.01942000,427007.00000000,0.01908
1749263573,0.01943000,1605.00000000,0.01908
1749263573,0.01944000,68421.00000000,0.01908
1749263573,0.01945000,3388.00000000,0.01908
1749263573,0.01947000,437.00000000,0.01908
1749263573,0.01950000,188330.00000000,0.01908
1749263573,0.01955000,4486.00000000,0.01908
1749263573,0.01957000,261.00000000,0.01908
1749263573,0.01958000,1099164.00000000,0.01908
1749263573,0.01959000,52286.00000000,0.01908
1749263573,0.01960000,1171343.00000000,0.01908
1749263573,0.01961000,510.00000000,0.01908
1749263573,0.01962000,1146324.00000000,0.01908
1749263573,0.01964000,1170837.00000000,0.01908
1749263573,0.01965000,484.00000000,0.01908
1749263573,0.01966000,1093716.00000000,0.01908
1749263573,0.01967000,68136.00000000,0.01908
1749263573,0.01968000,1230784.00000000,0.01908
1749263573,0.01970000,1238754.00000000,0.01908
1749263573,0.01972000,1255983.00000000,0.01908
1749263573,0.01974000,1079967.00000000,0.01908
1749263573,0.01975000,1976.00000000,0.01908
1749263573,0.01980000,2349.00000000,0.01908
1749263573,0.01985000,479.00000000,0.01908
1749263573,0.01990000,788.00000000,0.01908
1749263573,0.01992000,1217.00000000,0.01908
1749263573,0.01995000,477.00000000,0.01908
1749263573,0.01998000,1501.00000000,0.01908
1749263573,0.02000000,20283.00000000,0.01908
1749263573,0.02001000,1813.00000000,0.01908
1749263573,0.02005000,7093.00000000,0.01908
1749263573,0.02010000,473.00000000,0.01908
1749263573,0.02014000,300.00000000,0.01908
1749263573,0.02015000,472.00000000,0.01908
1749263573,0.02016000,758.00000000,0.01908
1749263573,0.02019000,300.00000000,0.01908
1749263573,0.02020000,35808.00000000,0.01908
1749263573,0.02022000,300.00000000,0.01908
1749263573,0.02025000,469.00000000,0.01908
1749263573,0.02026000,560.00000000,0.01908
1749263573,0.02028000,1112.00000000,0.01908
1749263573,0.02029000,1475.00000000,0.01908
1749263573,0.02030000,712.00000000,0.01908
1749263573,0.02031000,1816.00000000,0.01908
1749263573,0.02032000,272.00000000,0.01908
1749263573,0.02033000,531.00000000,0.01908
1749263573,0.02036000,9740.00000000,0.01908
1749263573,0.02040000,6470.00000000,0.01908
1749263573,0.02042000,3496.00000000,0.01908
1749263573,0.02045000,635.00000000,0.01908
1749263573,0.02047000,350.00000000,0.01908
1749263573,0.02050000,244.00000000,0.01908
1749263573,0.02051000,301.00000000,0.01908
1749263573,0.02053000,260.00000000,0.01908
1749263573,0.02058000,254.00000000,0.01908
1749263573,0.02060000,508.00000000,0.01908
1749263573,0.02064000,458.00000000,0.01908
1749263573,0.02067000,1680.00000000,0.01908
1749263573,0.02070000,2509.00000000,0.01908
1749263573,0.02073000,296.00000000,0.01908
1749263573,0.02075000,3501.00000000,0.01908
1749263573,0.02080000,4948.00000000,0.01908
1749263573,0.02088000,26528.00000000,0.01908
1749263573,0.02095000,3481.00000000,0.01908
1749263573,0.02100000,12265.00000000,0.01908
1749263573,0.02101000,7545.00000000,0.01908
1749263573,0.02106000,260.00000000,0.01908
1749263875,0.01906000,82614.00000000,0.01906
1749263875,0.01907000,103347.00000000,0.01906
1749263875,0.01908000,275528.00000000,0.01906
1749263875,0.01909000,287861.00000000,0.01906
1749263875,0.01910000,149063.00000000,0.01906
1749263875,0.01911000,25882.00000000,0.01906
1749263875,0.01912000,152780.00000000,0.01906
1749263875,0.01913000,195956.00000000,0.01906
1749263875,0.01914000,42005.00000000,0.01906
1749263875,0.01915000,26710.00000000,0.01906
1749263875,0.01916000,79857.00000000,0.01906
1749263875,0.01917000,117706.00000000,0.01906
1749263875,0.01918000,12150.00000000,0.01906
1749263875,0.01919000,28492.00000000,0.01906
1749263875,0.01920000,13455.00000000,0.01906
1749263875,0.01921000,537215.00000000,0.01906
1749263875,0.01922000,54318.00000000,0.01906
1749263875,0.01923000,34321.00000000,0.01906
1749263875,0.01924000,598198.00000000,0.01906
1749263875,0.01925000,1268742.00000000,0.01906
1749263875,0.01926000,12424.00000000,0.01906
1749263875,0.01927000,27969.00000000,0.01906
1749263875,0.01928000,1227311.00000000,0.01906
1749263875,0.01929000,25189.00000000,0.01906
1749263875,0.01930000,28462.00000000,0.01906
1749263875,0.01932000,12150.00000000,0.01906
1749263875,0.01933000,535742.00000000,0.01906
1749263875,0.01934000,6178.00000000,0.01906
1749263875,0.01935000,16839.00000000,0.01906
1749263875,0.01936000,27969.00000000,0.01906
1749263875,0.01937000,438745.00000000,0.01906
1749263875,0.01938000,15819.00000000,0.01906
1749263875,0.01940000,4245.00000000,0.01906
1749263875,0.01941000,15819.00000000,0.01906
1749263875,0.01943000,1605.00000000,0.01906
1749263875,0.01944000,68421.00000000,0.01906
1749263875,0.01945000,489.00000000,0.01906
1749263875,0.01947000,437.00000000,0.01906
1749263875,0.01950000,188330.00000000,0.01906
1749263875,0.01955000,4486.00000000,0.01906
1749263875,0.01957000,261.00000000,0.01906
1749263875,0.01959000,52286.00000000,0.01906
1749263875,0.01960000,1271.00000000,0.01906
1749263875,0.01965000,484.00000000,0.01906
1749263875,0.01967000,68136.00000000,0.01906
1749263875,0.01968000,458.00000000,0.01906
1749263875,0.01970000,4429.00000000,0.01906
1749263875,0.01972000,1255983.00000000,0.01906
1749263875,0.01974000,1079967.00000000,0.01906
1749263875,0.01975000,1976.00000000,0.01906
1749263875,0.01976000,1110023.00000000,0.01906
1749263875,0.01978000,1153993.00000000,0.01906
1749263875,0.01980000,1225000.00000000,0.01906
1749263875,0.01982000,1080622.00000000,0.01906
1749263875,0.01984000,1060046.00000000,0.01906
1749263875,0.01985000,479.00000000,0.01906
1749263875,0.01986000,1063857.00000000,0.01906
1749263875,0.01990000,788.00000000,0.01906
1749263875,0.01992000,1217.00000000,0.01906
1749263875,0.01995000,477.00000000,0.01906
1749263875,0.01998000,1000.00000000,0.01906
1749263875,0.02000000,20283.00000000,0.01906
1749263875,0.02001000,1813.00000000,0.01906
1749263875,0.02005000,7093.00000000,0.01906
1749263875,0.02010000,473.00000000,0.01906
1749263875,0.02014000,300.00000000,0.01906
1749263875,0.02015000,472.00000000,0.01906
1749263875,0.02016000,758.00000000,0.01906
1749263875,0.02019000,300.00000000,0.01906
1749263875,0.02020000,35808.00000000,0.01906
1749263875,0.02022000,300.00000000,0.01906
1749263875,0.02025000,469.00000000,0.01906
1749263875,0.02026000,560.00000000,0.01906
1749263875,0.02028000,1112.00000000,0.01906
1749263875,0.02029000,1475.00000000,0.01906
1749263875,0.02030000,712.00000000,0.01906
1749263875,0.02031000,1816.00000000,0.01906
1749263875,0.02032000,272.00000000,0.01906
1749263875,0.02033000,531.00000000,0.01906
1749263875,0.02036000,9740.00000000,0.01906
1749263875,0.02040000,6470.00000000,0.01906
1749263875,0.02042000,3496.00000000,0.01906
1749263875,0.02045000,635.00000000,0.01906
1749263875,0.02047000,350.00000000,0.01906
1749263875,0.02050000,244.00000000,0.01906
1749263875,0.02051000,301.00000000,0.01906
1749263875,0.02053000,260.00000000,0.01906
1749263875,0.02058000,254.00000000,0.01906
1749263875,0.02060000,508.00000000,0.01906
1749263875,0.02064000,458.00000000,0.01906
1749263875,0.02067000,1680.00000000,0.01906
1749263875,0.02070000,2509.00000000,0.01906
1749263875,0.02073000,296.00000000,0.01906
1749263875,0.02075000,3501.00000000,0.01906
1749263875,0.02080000,4948.00000000,0.01906
1749263875,0.02088000,26528.00000000,0.01906
1749263875,0.02095000,3481.00000000,0.01906
1749263875,0.02100000,12265.00000000,0.01906
1749263875,0.02101000,7545.00000000,0.01906
1749263875,0.02106000,260.00000000,0.01906
1749264177,0.01903000,92077.00000000,0.01903
1749264177,0.01904000,173346.00000000,0.01903
1749264177,0.01905000,297614.00000000,0.01903
1749264177,0.01906000,383941.00000000,0.01903
1749264177,0.01907000,145399.00000000,0.01903
1749264177,0.01908000,155930.00000000,0.01903
1749264177,0.01909000,80527.00000000,0.01903
1749264177,0.01910000,52973.00000000,0.01903
1749264177,0.01911000,33491.00000000,0.01903
1749264177,0.01912000,49310.00000000,0.01903
1749264177,0.01913000,155012.00000000,0.01903
1749264177,0.01914000,76649.00000000,0.01903
1749264177,0.01915000,20255.00000000,0.01903
1749264177,0.01916000,73376.00000000,0.01903
1749264177,0.01917000,90671.00000000,0.01903
1749264177,0.01918000,15986.00000000,0.01903
1749264177,0.01919000,553711.00000000,0.01903
1749264177,0.01920000,38397.00000000,0.01903
1749264177,0.01921000,639958.00000000,0.01903
1749264177,0.01922000,1287632.00000000,0.01903
1749264177,0.01923000,30485.00000000,0.01903
1749264177,0.01924000,598198.00000000,0.01903
1749264177,0.01925000,1164486.00000000,0.01903
1749264177,0.01926000,12424.00000000,0.01903
1749264177,0.01927000,27969.00000000,0.01903
1749264177,0.01928000,1227311.00000000,0.01903
1749264177,0.01929000,27898.00000000,0.01903
1749264177,0.01930000,28462.00000000,0.01903
1749264177,0.01932000,12150.00000000,0.01903
1749264177,0.01933000,27969.00000000,0.01903
1749264177,0.01934000,3469.00000000,0.01903
1749264177,0.01935000,16839.00000000,0.01903
1749264177,0.01936000,15819.00000000,0.01903
1749264177,0.01937000,426595.00000000,0.01903
1749264177,0.01938000,15819.00000000,0.01903
1749264177,0.01939000,66730.00000000,0.01903
1749264177,0.01940000,4245.00000000,0.01903
1749264177,0.01941000,15819.00000000,0.01903
1749264177,0.01943000,1605.00000000,0.01903
1749264177,0.01944000,1691.00000000,0.01903
1749264177,0.01945000,489.00000000,0.01903
1749264177,0.01947000,437.00000000,0.01903
1749264177,0.01950000,188330.00000000,0.01903
1749264177,0.01954000,52286.00000000,0.01903
1749264177,0.01955000,4486.00000000,0.01903
1749264177,0.01957000,261.00000000,0.01903
1749264177,0.01960000,1271.00000000,0.01903
1749264177,0.01965000,484.00000000,0.01903
1749264177,0.01967000,68136.00000000,0.01903
1749264177,0.01968000,458.00000000,0.01903
1749264177,0.01970000,4429.00000000,0.01903
1749264177,0.01972000,338.00000000,0.01903
1749264177,0.01974000,1079967.00000000,0.01903
1749264177,0.01975000,1976.00000000,0.01903
1749264177,0.01976000,1110023.00000000,0.01903
1749264177,0.01978000,1153993.00000000,0.01903
1749264177,0.01980000,1225000.00000000,0.01903
1749264177,0.01982000,1080622.00000000,0.01903
1749264177,0.01984000,1060046.00000000,0.01903
1749264177,0.01985000,479.00000000,0.01903
1749264177,0.01986000,1087989.00000000,0.01903
1749264177,0.01990000,788.00000000,0.01903
1749264177,0.01992000,1217.00000000,0.01903
1749264177,0.01995000,477.00000000,0.01903
1749264177,0.01998000,1000.00000000,0.01903
1749264177,0.02000000,20283.00000000,0.01903
1749264177,0.02001000,1813.00000000,0.01903
1749264177,0.02005000,7093.00000000,0.01903
1749264177,0.02010000,473.00000000,0.01903
1749264177,0.02014000,300.00000000,0.01903
1749264177,0.02015000,472.00000000,0.01903
1749264177,0.02016000,758.00000000,0.01903
1749264177,0.02019000,300.00000000,0.01903
1749264177,0.02020000,35808.00000000,0.01903
1749264177,0.02022000,300.00000000,0.01903
1749264177,0.02025000,469.00000000,0.01903
1749264177,0.02026000,560.00000000,0.01903
1749264177,0.02028000,1112.00000000,0.01903
1749264177,0.02029000,1475.00000000,0.01903
1749264177,0.02030000,712.00000000,0.01903
1749264177,0.02031000,1816.00000000,0.01903
1749264177,0.02032000,272.00000000,0.01903
1749264177,0.02033000,531.00000000,0.01903
1749264177,0.02036000,9740.00000000,0.01903
1749264177,0.02040000,6470.00000000,0.01903
1749264177,0.02042000,3496.00000000,0.01903
1749264177,0.02045000,635.00000000,0.01903
1749264177,0.02047000,350.00000000,0.01903
1749264177,0.02050000,244.00000000,0.01903
1749264177,0.02051000,301.00000000,0.01903
1749264177,0.02053000,260.00000000,0.01903
1749264177,0.02058000,254.00000000,0.01903
1749264177,0.02060000,508.00000000,0.01903
1749264177,0.02064000,458.00000000,0.01903
1749264177,0.02067000,1680.00000000,0.01903
1749264177,0.02070000,2509.00000000,0.01903
1749264177,0.02073000,296.00000000,0.01903
1749264177,0.02075000,3501.00000000,0.01903
1749264177,0.02080000,4948.00000000,0.01903
1749264177,0.02088000,26528.00000000,0.01903
1749264478,0.01903000,165306.00000000,0.01902
1749264478,0.01904000,188869.00000000,0.01902
1749264478,0.01905000,348878.00000000,0.01902
1749264478,0.01906000,398711.00000000,0.01902
1749264478,0.01907000,107033.00000000,0.01902
1749264478,0.01908000,148335.00000000,0.01902
1749264478,0.01909000,80539.00000000,0.01902
1749264478,0.01910000,45332.00000000,0.01902
1749264478,0.01911000,33503.00000000,0.01902
1749264478,0.01912000,49322.00000000,0.01902
1749264478,0.01913000,155012.00000000,0.01902
1749264478,0.01914000,69040.00000000,0.01902
1749264478,0.01915000,12646.00000000,0.01902
1749264478,0.01916000,65767.00000000,0.01902
1749264478,0.01917000,90671.00000000,0.01902
1749264478,0.01918000,40928.00000000,0.01902
1749264478,0.01919000,553711.00000000,0.01902
1749264478,0.01920000,13455.00000000,0.01902
1749264478,0.01921000,639958.00000000,0.01902
1749264478,0.01922000,1287632.00000000,0.01902
1749264478,0.01923000,508211.00000000,0.01902
1749264478,0.01924000,88009.00000000,0.01902
1749264478,0.01925000,1164486.00000000,0.01902
1749264478,0.01926000,12424.00000000,0.01902
1749264478,0.01927000,27969.00000000,0.01902
1749264478,0.01928000,12150.00000000,0.01902
1749264478,0.01929000,30698.00000000,0.01902
1749264478,0.01930000,28462.00000000,0.01902
1749264478,0.01932000,12150.00000000,0.01902
1749264478,0.01933000,27969.00000000,0.01902
1749264478,0.01934000,669.00000000,0.01902
1749264478,0.01935000,16839.00000000,0.01902
1749264478,0.01936000,15819.00000000,0.01902
1749264478,0.01937000,426595.00000000,0.01902
1749264478,0.01938000,15819.00000000,0.01902
1749264478,0.01939000,66730.00000000,0.01902
1749264478,0.01940000,4245.00000000,0.01902
1749264478,0.01941000,15819.00000000,0.01902
1749264478,0.01943000,1605.00000000,0.01902
1749264478,0.01944000,1691.00000000,0.01902
1749264478,0.01945000,489.00000000,0.01902
1749264478,0.01947000,437.00000000,0.01902
1749264478,0.01950000,188330.00000000,0.01902
1749264478,0.01954000,52286.00000000,0.01902
1749264478,0.01955000,4486.00000000,0.01902
1749264478,0.01957000,261.00000000,0.01902
1749264478,0.01960000,1271.00000000,0.01902
1749264478,0.01965000,484.00000000,0.01902
1749264478,0.01967000,68136.00000000,0.01902
1749264478,0.01968000,458.00000000,0.01902
1749264478,0.01970000,4429.00000000,0.01902
1749264478,0.01972000,338.00000000,0.01902
1749264478,0.01975000,1976.00000000,0.01902
1749264478,0.01976000,1110023.00000000,0.01902
1749264478,0.01978000,1153993.00000000,0.01902
1749264478,0.01980000,1225000.00000000,0.01902
1749264478,0.01982000,1080622.00000000,0.01902
1749264478,0.01984000,1060046.00000000,0.01902
1749264478,0.01985000,479.00000000,0.01902
1749264478,0.01986000,1087989.00000000,0.01902
1749264478,0.01988000,1057182.00000000,0.01902
1749264478,0.01990000,788.00000000,0.01902
1749264478,0.01992000,1217.00000000,0.01902
1749264478,0.01995000,477.00000000,0.01902
1749264478,0.01998000,1000.00000000,0.01902
1749264478,0.02000000,20283.00000000,0.01902
1749264478,0.02001000,1813.00000000,0.01902
1749264478,0.02005000,7093.00000000,0.01902
1749264478,0.02010000,473.00000000,0.01902
1749264478,0.02014000,300.00000000,0.01902
1749264478,0.02015000,472.00000000,0.01902
1749264478,0.02016000,758.00000000,0.01902
1749264478,0.02019000,300.00000000,0.01902
1749264478,0.02020000,35808.00000000,0.01902
1749264478,0.02022000,300.00000000,0.01902
1749264478,0.02025000,469.00000000,0.01902
1749264478,0.02026000,560.00000000,0.01902
1749264478,0.02028000,1112.00000000,0.01902
1749264478,0.02029000,1475.00000000,0.01902
1749264478,0.02030000,712.00000000,0.01902
1749264478,0.02031000,1816.00000000,0.01902
1749264478,0.02032000,272.00000000,0.01902
1749264478,0.02033000,531.00000000,0.01902
1749264478,0.02036000,9740.00000000,0.01902
1749264478,0.02040000,6470.00000000,0.01902
1749264478,0.02042000,3496.00000000,0.01902
1749264478,0.02045000,635.00000000,0.01902
1749264478,0.02047000,350.00000000,0.01902
1749264478,0.02050000,244.00000000,0.01902
1749264478,0.02051000,301.00000000,0.01902
1749264478,0.02053000,260.00000000,0.01902
1749264478,0.02058000,254.00000000,0.01902
1749264478,0.02060000,508.00000000,0.01902
1749264478,0.02064000,458.00000000,0.01902
1749264478,0.02067000,1680.00000000,0.01902
1749264478,0.02070000,2509.00000000,0.01902
1749264478,0.02073000,296.00000000,0.01902
1749264478,0.02075000,3501.00000000,0.01902
1749264478,0.02080000,4948.00000000,0.01902
1749264478,0.02088000,26528.00000000,0.01902
1749264780,0.01903000,95829.00000000,0.01902
1749264780,0.01904000,194272.00000000,0.01902
1749264780,0.01905000,409118.00000000,0.01902
1749264780,0.01906000,414010.00000000,0.01902
1749264780,0.01907000,103143.00000000,0.01902
1749264780,0.01908000,54064.00000000,0.01902
1749264780,0.01909000,80539.00000000,0.01902
1749264780,0.01910000,52953.00000000,0.01902
1749264780,0.01911000,33503.00000000,0.01902
1749264780,0.01912000,49322.00000000,0.01902
1749264780,0.01913000,155012.00000000,0.01902
1749264780,0.01914000,69040.00000000,0.01902
1749264780,0.01915000,20267.00000000,0.01902
1749264780,0.01916000,65767.00000000,0.01902
1749264780,0.01917000,90671.00000000,0.01902
1749264780,0.01918000,15986.00000000,0.01902
1749264780,0.01919000,553711.00000000,0.01902
1749264780,0.01920000,38397.00000000,0.01902
1749264780,0.01921000,639958.00000000,0.01902
1749264780,0.01922000,1287632.00000000,0.01902
1749264780,0.01923000,508211.00000000,0.01902
1749264780,0.01924000,88009.00000000,0.01902
1749264780,0.01925000,1164486.00000000,0.01902
1749264780,0.01926000,12424.00000000,0.01902
1749264780,0.01927000,27969.00000000,0.01902
1749264780,0.01928000,12150.00000000,0.01902
1749264780,0.01929000,30698.00000000,0.01902
1749264780,0.01930000,28462.00000000,0.01902
1749264780,0.01932000,12150.00000000,0.01902
1749264780,0.01933000,27969.00000000,0.01902
1749264780,0.01934000,669.00000000,0.01902
1749264780,0.01935000,16839.00000000,0.01902
1749264780,0.01936000,15819.00000000,0.01902
1749264780,0.01937000,426595.00000000,0.01902
1749264780,0.01938000,15819.00000000,0.01902
1749264780,0.01939000,66730.00000000,0.01902
1749264780,0.01940000,4245.00000000,0.01902
1749264780,0.01941000,15819.00000000,0.01902
1749264780,0.01943000,1605.00000000,0.01902
1749264780,0.01944000,1691.00000000,0.01902
1749264780,0.01945000,489.00000000,0.01902
1749264780,0.01947000,437.00000000,0.01902
1749264780,0.01950000,188330.00000000,0.01902
1749264780,0.01954000,52286.00000000,0.01902
1749264780,0.01955000,4486.00000000,0.01902
1749264780,0.01957000,261.00000000,0.01902
1749264780,0.01960000,1271.00000000,0.01902
1749264780,0.01965000,484.00000000,0.01902
1749264780,0.01967000,68136.00000000,0.01902
1749264780,0.01968000,458.00000000,0.01902
1749264780,0.01970000,4429.00000000,0.01902
1749264780,0.01972000,338.00000000,0.01902
1749264780,0.01975000,1976.00000000,0.01902
1749264780,0.01976000,1110023.00000000,0.01902
1749264780,0.01978000,1153993.00000000,0.01902
1749264780,0.01980000,1225000.00000000,0.01902
1749264780,0.01982000,1080622.00000000,0.01902
1749264780,0.01984000,1060046.00000000,0.01902
1749264780,0.01985000,479.00000000,0.01902
1749264780,0.01986000,1087989.00000000,0.01902
1749264780,0.01988000,1057182.00000000,0.01902
1749264780,0.01990000,1157437.00000000,0.01902
1749264780,0.01992000,1217.00000000,0.01902
1749264780,0.01995000,477.00000000,0.01902
1749264780,0.01998000,1000.00000000,0.01902
1749264780,0.02000000,20283.00000000,0.01902
1749264780,0.02001000,1813.00000000,0.01902
1749264780,0.02005000,7093.00000000,0.01902
1749264780,0.02010000,473.00000000,0.01902
1749264780,0.02014000,300.00000000,0.01902
1749264780,0.02015000,472.00000000,0.01902
1749264780,0.02016000,758.00000000,0.01902
1749264780,0.02019000,300.00000000,0.01902
1749264780,0.02020000,35808.00000000,0.01902
1749264780,0.02022000,300.00000000,0.01902
1749264780,0.02025000,469.00000000,0.01902
1749264780,0.02026000,560.00000000,0.01902
1749264780,0.02028000,1112.00000000,0.01902
1749264780,0.02029000,1475.00000000,0.01902
1749264780,0.02030000,712.00000000,0.01902
1749264780,0.02031000,1816.00000000,0.01902
1749264780,0.02032000,272.00000000,0.01902
1749264780,0.02033000,531.00000000,0.01902
1749264780,0.02036000,9740.00000000,0.01902
1749264780,0.02040000,6470.00000000,0.01902
1749264780,0.02042000,3496.00000000,0.01902
1749264780,0.02045000,635.00000000,0.01902
1749264780,0.02047000,350.00000000,0.01902
1749264780,0.02050000,244.00000000,0.01902
1749264780,0.02051000,301.00000000,0.01902
1749264780,0.02053000,260.00000000,0.01902
1749264780,0.02058000,254.00000000,0.01902
1749264780,0.02060000,508.00000000,0.01902
1749264780,0.02064000,458.00000000,0.01902
1749264780,0.02067000,1680.00000000,0.01902
1749264780,0.02070000,2509.00000000,0.01902
1749264780,0.02073000,296.00000000,0.01902
1749264780,0.02075000,3501.00000000,0.01902
1749264780,0.02080000,4948.00000000,0.01902
1749264780,0.02088000,26528.00000000,0.01902
1749265082,0.01904000,83559.00000000,0.01903
1749265082,0.01905000,311767.00000000,0.01903
1749265082,0.01906000,303698.00000000,0.01903
1749265082,0.01907000,320280.00000000,0.01903
1749265082,0.01908000,94007.00000000,0.01903
1749265082,0.01909000,38861.00000000,0.01903
1749265082,0.01910000,52949.00000000,0.01903
1749265082,0.01911000,74357.00000000,0.01903
1749265082,0.01912000,49318.00000000,0.01903
1749265082,0.01913000,155012.00000000,0.01903
1749265082,0.01914000,69040.00000000,0.01903
1749265082,0.01915000,20263.00000000,0.01903
1749265082,0.01916000,65767.00000000,0.01903
1749265082,0.01917000,90671.00000000,0.01903
1749265082,0.01918000,15986.00000000,0.01903
1749265082,0.01919000,553711.00000000,0.01903
1749265082,0.01920000,13455.00000000,0.01903
1749265082,0.01921000,639958.00000000,0.01903
1749265082,0.01922000,54318.00000000,0.01903
1749265082,0.01923000,508211.00000000,0.01903
1749265082,0.01924000,88009.00000000,0.01903
1749265082,0.01925000,1164486.00000000,0.01903
1749265082,0.01926000,12424.00000000,0.01903
1749265082,0.01927000,27969.00000000,0.01903
1749265082,0.01928000,12150.00000000,0.01903
1749265082,0.01929000,30698.00000000,0.01903
1749265082,0.01930000,28462.00000000,0.01903
1749265082,0.01932000,12150.00000000,0.01903
1749265082,0.01933000,27969.00000000,0.01903
1749265082,0.01934000,669.00000000,0.01903
1749265082,0.01935000,16839.00000000,0.01903
1749265082,0.01936000,15819.00000000,0.01903
1749265082,0.01937000,426595.00000000,0.01903
1749265082,0.01938000,15819.00000000,0.01903
1749265082,0.01939000,66730.00000000,0.01903
1749265082,0.01940000,4245.00000000,0.01903
1749265082,0.01941000,15819.00000000,0.01903
1749265082,0.01943000,1605.00000000,0.01903
1749265082,0.01944000,1691.00000000,0.01903
1749265082,0.01945000,489.00000000,0.01903
1749265082,0.01947000,437.00000000,0.01903
1749265082,0.01950000,188330.00000000,0.01903
1749265082,0.01954000,52286.00000000,0.01903
1749265082,0.01955000,4486.00000000,0.01903
1749265082,0.01957000,261.00000000,0.01903
1749265082,0.01960000,1271.00000000,0.01903
1749265082,0.01965000,484.00000000,0.01903
1749265082,0.01967000,68136.00000000,0.01903
1749265082,0.01968000,458.00000000,0.01903
1749265082,0.01970000,4429.00000000,0.01903
1749265082,0.01972000,338.00000000,0.01903
1749265082,0.01975000,1976.00000000,0.01903
1749265082,0.01976000,1110023.00000000,0.01903
1749265082,0.01978000,1153993.00000000,0.01903
1749265082,0.01980000,1225000.00000000,0.01903
1749265082,0.01982000,1080622.00000000,0.01903
1749265082,0.01984000,1060046.00000000,0.01903
1749265082,0.01985000,479.00000000,0.01903
1749265082,0.01986000,1087989.00000000,0.01903
1749265082,0.01988000,1057182.00000000,0.01903
1749265082,0.01990000,1157437.00000000,0.01903
1749265082,0.01992000,1265577.00000000,0.01903
1749265082,0.01995000,477.00000000,0.01903
1749265082,0.01998000,1000.00000000,0.01903
1749265082,0.02000000,20283.00000000,0.01903
1749265082,0.02001000,1813.00000000,0.01903
1749265082,0.02005000,7093.00000000,0.01903
1749265082,0.02010000,473.00000000,0.01903
1749265082,0.02014000,300.00000000,0.01903
1749265082,0.02015000,472.00000000,0.01903
1749265082,0.02016000,758.00000000,0.01903
1749265082,0.02019000,300.00000000,0.01903
1749265082,0.02020000,35808.00000000,0.01903
1749265082,0.02022000,300.00000000,0.01903
1749265082,0.02025000,469.00000000,0.01903
1749265082,0.02026000,560.00000000,0.01903
1749265082,0.02028000,1112.00000000,0.01903
1749265082,0.02029000,1475.00000000,0.01903
1749265082,0.02030000,712.00000000,0.01903
1749265082,0.02031000,1816.00000000,0.01903
1749265082,0.02032000,272.00000000,0.01903
1749265082,0.02033000,531.00000000,0.01903
1749265082,0.02036000,9740.00000000,0.01903
1749265082,0.02040000,6470.00000000,0.01903
1749265082,0.02042000,3496.00000000,0.01903
1749265082,0.02045000,635.00000000,0.01903
1749265082,0.02047000,350.00000000,0.01903
1749265082,0.02050000,244.00000000,0.01903
1749265082,0.02051000,301.00000000,0.01903
1749265082,0.02053000,260.00000000,0.01903
1749265082,0.02058000,254.00000000,0.01903
1749265082,0.02060000,508.00000000,0.01903
1749265082,0.02064000,458.00000000,0.01903
1749265082,0.02067000,1680.00000000,0.01903
1749265082,0.02070000,2509.00000000,0.01903
1749265082,0.02073000,296.00000000,0.01903
1749265082,0.02075000,3501.00000000,0.01903
1749265082,0.02080000,4948.00000000,0.01903
1749265082,0.02088000,26528.00000000,0.01903
1749265082,0.02095000,3481.00000000,0.01903
1749265386,0.01903000,135567.00000000,0.01902
1749265386,0.01904000,203543.00000000,0.01902
1749265386,0.01905000,408677.00000000,0.01902
1749265386,0.01906000,355500.00000000,0.01902
1749265386,0.01907000,50079.00000000,0.01902
1749265386,0.01908000,49680.00000000,0.01902
1749265386,0.01909000,80369.00000000,0.01902
1749265386,0.01910000,49938.00000000,0.01902
1749265386,0.01911000,33499.00000000,0.01902
1749265386,0.01912000,49318.00000000,0.01902
1749265386,0.01913000,155012.00000000,0.01902
1749265386,0.01914000,55004.00000000,0.01902
1749265386,0.01915000,20263.00000000,0.01902
1749265386,0.01916000,65767.00000000,0.01902
1749265386,0.01917000,90671.00000000,0.01902
1749265386,0.01918000,15986.00000000,0.01902
1749265386,0.01919000,553711.00000000,0.01902
1749265386,0.01920000,38397.00000000,0.01902
1749265386,0.01921000,639958.00000000,0.01902
1749265386,0.01922000,1133243.00000000,0.01902
1749265386,0.01923000,508211.00000000,0.01902
1749265386,0.01924000,88009.00000000,0.01902
1749265386,0.01925000,1164486.00000000,0.01902
1749265386,0.01926000,12424.00000000,0.01902
1749265386,0.01927000,27969.00000000,0.01902
1749265386,0.01928000,12150.00000000,0.01902
1749265386,0.01929000,30698.00000000,0.01902
1749265386,0.01930000,28462.00000000,0.01902
1749265386,0.01932000,12150.00000000,0.01902
1749265386,0.01933000,27969.00000000,0.01902
1749265386,0.01934000,669.00000000,0.01902
1749265386,0.01935000,4689.00000000,0.01902
1749265386,0.01936000,15819.00000000,0.01902
1749265386,0.01937000,426595.00000000,0.01902
1749265386,0.01938000,15819.00000000,0.01902
1749265386,0.01939000,66730.00000000,0.01902
1749265386,0.01940000,4245.00000000,0.01902
1749265386,0.01941000,15819.00000000,0.01902
1749265386,0.01943000,1605.00000000,0.01902
1749265386,0.01944000,1691.00000000,0.01902
1749265386,0.01945000,489.00000000,0.01902
1749265386,0.01947000,437.00000000,0.01902
1749265386,0.01950000,188330.00000000,0.01902
1749265386,0.01954000,52286.00000000,0.01902
1749265386,0.01955000,4486.00000000,0.01902
1749265386,0.01957000,261.00000000,0.01902
1749265386,0.01960000,1271.00000000,0.01902
1749265386,0.01965000,484.00000000,0.01902
1749265386,0.01967000,68136.00000000,0.01902
1749265386,0.01968000,458.00000000,0.01902
1749265386,0.01970000,4429.00000000,0.01902
1749265386,0.01972000,338.00000000,0.01902
1749265386,0.01975000,1976.00000000,0.01902
1749265386,0.01976000,1110023.00000000,0.01902
1749265386,0.01978000,1153993.00000000,0.01902
1749265386,0.01980000,1225000.00000000,0.01902
1749265386,0.01982000,1080622.00000000,0.01902
1749265386,0.01984000,1060046.00000000,0.01902
1749265386,0.01985000,479.00000000,0.01902
1749265386,0.01986000,1087989.00000000,0.01902
1749265386,0.01988000,1057182.00000000,0.01902
1749265386,0.01990000,1157437.00000000,0.01902
1749265386,0.01992000,1217.00000000,0.01902
1749265386,0.01995000,477.00000000,0.01902
1749265386,0.01998000,1000.00000000,0.01902
1749265386,0.01999000,500.00000000,0.01902
1749265386,0.02000000,20283.00000000,0.01902
1749265386,0.02001000,1813.00000000,0.01902
1749265386,0.02005000,6594.00000000,0.01902
1749265386,0.02010000,473.00000000,0.01902
1749265386,0.02014000,300.00000000,0.01902
1749265386,0.02015000,472.00000000,0.01902
1749265386,0.02016000,758.00000000,0.01902
1749265386,0.02019000,300.00000000,0.01902
1749265386,0.02020000,35808.00000000,0.01902
1749265386,0.02022000,300.00000000,0.01902
1749265386,0.02025000,469.00000000,0.01902
1749265386,0.02026000,560.00000000,0.01902
1749265386,0.02028000,1112.00000000,0.01902
1749265386,0.02029000,1475.00000000,0.01902
1749265386,0.02030000,712.00000000,0.01902
1749265386,0.02031000,1816.00000000,0.01902
1749265386,0.02032000,272.00000000,0.01902
1749265386,0.02033000,531.00000000,0.01902
1749265386,0.02036000,9740.00000000,0.01902
1749265386,0.02040000,6470.00000000,0.01902
1749265386,0.02042000,3496.00000000,0.01902
1749265386,0.02045000,635.00000000,0.01902
1749265386,0.02047000,350.00000000,0.01902
1749265386,0.02050000,244.00000000,0.01902
1749265386,0.02051000,301.00000000,0.01902
1749265386,0.02053000,260.00000000,0.01902
1749265386,0.02058000,254.00000000,0.01902
1749265386,0.02060000,508.00000000,0.01902
1749265386,0.02064000,458.00000000,0.01902
1749265386,0.02067000,1680.00000000,0.01902
1749265386,0.02070000,2509.00000000,0.01902
1749265386,0.02073000,296.00000000,0.01902
1749265386,0.02075000,3501.00000000,0.01902
1749265386,0.02080000,4948.00000000,0.01902
1749265688,0.01904000,938.00000000,0.01903
1749265688,0.01905000,156324.00000000,0.01903
1749265688,0.01906000,322882.00000000,0.01903
1749265688,0.01907000,300755.00000000,0.01903
1749265688,0.01908000,65718.00000000,0.01903
1749265688,0.01909000,76413.00000000,0.01903
1749265688,0.01910000,52949.00000000,0.01903
1749265688,0.01911000,74519.00000000,0.01903
1749265688,0.01912000,53695.00000000,0.01903
1749265688,0.01913000,155012.00000000,0.01903
1749265688,0.01914000,55004.00000000,0.01903
1749265688,0.01915000,20263.00000000,0.01903
1749265688,0.01916000,73384.00000000,0.01903
1749265688,0.01917000,90671.00000000,0.01903
1749265688,0.01918000,15986.00000000,0.01903
1749265688,0.01919000,28492.00000000,0.01903
1749265688,0.01920000,497108.00000000,0.01903
1749265688,0.01921000,114893.00000000,0.01903
1749265688,0.01922000,54318.00000000,0.01903
1749265688,0.01923000,508211.00000000,0.01903
1749265688,0.01924000,88009.00000000,0.01903
1749265688,0.01925000,503213.00000000,0.01903
1749265688,0.01926000,12424.00000000,0.01903
1749265688,0.01927000,27969.00000000,0.01903
1749265688,0.01928000,12150.00000000,0.01903
1749265688,0.01929000,30698.00000000,0.01903
1749265688,0.01930000,28462.00000000,0.01903
1749265688,0.01932000,12150.00000000,0.01903
1749265688,0.01933000,27969.00000000,0.01903
1749265688,0.01934000,669.00000000,0.01903
1749265688,0.01935000,7588.00000000,0.01903
1749265688,0.01936000,15819.00000000,0.01903
1749265688,0.01937000,426595.00000000,0.01903
1749265688,0.01938000,15819.00000000,0.01903
1749265688,0.01939000,66730.00000000,0.01903
1749265688,0.01940000,1346.00000000,0.01903
1749265688,0.01941000,15819.00000000,0.01903
1749265688,0.01943000,1605.00000000,0.01903
1749265688,0.01944000,1691.00000000,0.01903
1749265688,0.01945000,489.00000000,0.01903
1749265688,0.01947000,437.00000000,0.01903
1749265688,0.01950000,188330.00000000,0.01903
1749265688,0.01954000,52286.00000000,0.01903
1749265688,0.01955000,4486.00000000,0.01903
1749265688,0.01957000,261.00000000,0.01903
1749265688,0.01960000,1271.00000000,0.01903
1749265688,0.01965000,484.00000000,0.01903
1749265688,0.01967000,68136.00000000,0.01903
1749265688,0.01968000,458.00000000,0.01903
1749265688,0.01970000,4429.00000000,0.01903
1749265688,0.01972000,1079150.00000000,0.01903
1749265688,0.01975000,1170911.00000000,0.01903
1749265688,0.01978000,1167186.00000000,0.01903
1749265688,0.01980000,1253949.00000000,0.01903
1749265688,0.01983000,1051404.00000000,0.01903
1749265688,0.01985000,479.00000000,0.01903
1749265688,0.01986000,1087989.00000000,0.01903
1749265688,0.01988000,1057182.00000000,0.01903
1749265688,0.01990000,1157437.00000000,0.01903
1749265688,0.01992000,1253486.00000000,0.01903
1749265688,0.01994000,1078522.00000000,0.01903
1749265688,0.01995000,477.00000000,0.01903
1749265688,0.01996000,1237356.00000000,0.01903
1749265688,0.01998000,1000.00000000,0.01903
1749265688,0.01999000,500.00000000,0.01903
1749265688,0.02000000,20283.00000000,0.01903
1749265688,0.02001000,1813.00000000,0.01903
1749265688,0.02005000,6594.00000000,0.01903
1749265688,0.02010000,473.00000000,0.01903
1749265688,0.02014000,300.00000000,0.01903
1749265688,0.02015000,472.00000000,0.01903
1749265688,0.02016000,758.00000000,0.01903
1749265688,0.02019000,300.00000000,0.01903
1749265688,0.02020000,35808.00000000,0.01903
1749265688,0.02022000,300.00000000,0.01903
1749265688,0.02025000,469.00000000,0.01903
1749265688,0.02026000,560.00000000,0.01903
1749265688,0.02028000,1112.00000000,0.01903
1749265688,0.02029000,1475.00000000,0.01903
1749265688,0.02030000,712.00000000,0.01903
1749265688,0.02031000,1816.00000000,0.01903
1749265688,0.02032000,272.00000000,0.01903
1749265688,0.02033000,531.00000000,0.01903
1749265688,0.02036000,9740.00000000,0.01903
1749265688,0.02040000,6470.00000000,0.01903
1749265688,0.02042000,3496.00000000,0.01903
1749265688,0.02045000,635.00000000,0.01903
1749265688,0.02047000,350.00000000,0.01903
1749265688,0.02050000,244.00000000,0.01903
1749265688,0.02051000,301.00000000,0.01903
1749265688,0.02053000,260.00000000,0.01903
1749265688,0.02058000,254.00000000,0.01903
1749265688,0.02060000,508.00000000,0.01903
1749265688,0.02064000,458.00000000,0.01903
1749265688,0.02067000,1680.00000000,0.01903
1749265688,0.02070000,2509.00000000,0.01903
1749265688,0.02073000,296.00000000,0.01903
1749265688,0.02075000,3501.00000000,0.01903
1749265688,0.02080000,4948.00000000,0.01903
1749265688,0.02088000,26528.00000000,0.01903
1749265989,0.01907000,96719.00000000,0.01907
1749265989,0.01908000,237336.00000000,0.01907
1749265989,0.01909000,379601.00000000,0.01907
1749265989,0.01910000,176656.00000000,0.01907
1749265989,0.01911000,89605.00000000,0.01907
1749265989,0.01912000,54318.00000000,0.01907
1749265989,0.01913000,196143.00000000,0.01907
1749265989,0.01914000,69392.00000000,0.01907
1749265989,0.01915000,72609.00000000,0.01907
1749265989,0.01916000,73384.00000000,0.01907
1749265989,0.01917000,90671.00000000,0.01907
1749265989,0.01918000,19759.00000000,0.01907
1749265989,0.01919000,28492.00000000,0.01907
1749265989,0.01920000,13455.00000000,0.01907
1749265989,0.01921000,12150.00000000,0.01907
1749265989,0.01922000,33212.00000000,0.01907
1749265989,0.01923000,508211.00000000,0.01907
1749265989,0.01924000,12150.00000000,0.01907
1749265989,0.01925000,607438.00000000,0.01907
1749265989,0.01926000,37366.00000000,0.01907
1749265989,0.01927000,511419.00000000,0.01907
1749265989,0.01928000,1221991.00000000,0.01907
1749265989,0.01929000,106557.00000000,0.01907
1749265989,0.01930000,28462.00000000,0.01907
1749265989,0.01931000,1141842.00000000,0.01907
1749265989,0.01932000,12150.00000000,0.01907
1749265989,0.01933000,27969.00000000,0.01907
1749265989,0.01934000,1122220.00000000,0.01907
1749265989,0.01935000,7588.00000000,0.01907
1749265989,0.01936000,15819.00000000,0.01907
1749265989,0.01937000,1667760.00000000,0.01907
1749265989,0.01938000,15819.00000000,0.01907
1749265989,0.01939000,1229337.00000000,0.01907
1749265989,0.01940000,1346.00000000,0.01907
1749265989,0.01941000,15819.00000000,0.01907
1749265989,0.01942000,1151344.00000000,0.01907
1749265989,0.01943000,1605.00000000,0.01907
1749265989,0.01944000,1691.00000000,0.01907
1749265989,0.01945000,1047688.00000000,0.01907
1749265989,0.01947000,437.00000000,0.01907
1749265989,0.01948000,1261428.00000000,0.01907
1749265989,0.01950000,188330.00000000,0.01907
1749265989,0.01951000,1194652.00000000,0.01907
1749265989,0.01953000,1082026.00000000,0.01907
1749265989,0.01954000,52286.00000000,0.01907
1749265989,0.01955000,4486.00000000,0.01907
1749265989,0.01957000,261.00000000,0.01907
1749265989,0.01960000,1271.00000000,0.01907
1749265989,0.01965000,484.00000000,0.01907
1749265989,0.01967000,68136.00000000,0.01907
1749265989,0.01968000,458.00000000,0.01907
1749265989,0.01970000,4429.00000000,0.01907
1749265989,0.01972000,338.00000000,0.01907
1749265989,0.01975000,1976.00000000,0.01907
1749265989,0.01980000,2349.00000000,0.01907
1749265989,0.01985000,479.00000000,0.01907
1749265989,0.01990000,788.00000000,0.01907
1749265989,0.01992000,1217.00000000,0.01907
1749265989,0.01995000,477.00000000,0.01907
1749265989,0.01998000,1000.00000000,0.01907
1749265989,0.01999000,500.00000000,0.01907
1749265989,0.02000000,20283.00000000,0.01907
1749265989,0.02001000,1813.00000000,0.01907
1749265989,0.02005000,6594.00000000,0.01907
1749265989,0.02010000,473.00000000,0.01907
1749265989,0.02014000,300.00000000,0.01907
1749265989,0.02015000,472.00000000,0.01907
1749265989,0.02016000,758.00000000,0.01907
1749265989,0.02019000,300.00000000,0.01907
1749265989,0.02020000,35808.00000000,0.01907
1749265989,0.02022000,300.00000000,0.01907
1749265989,0.02025000,469.00000000,0.01907
1749265989,0.02026000,560.00000000,0.01907
1749265989,0.02028000,1112.00000000,0.01907
1749265989,0.02029000,1475.00000000,0.01907
1749265989,0.02030000,712.00000000,0.01907
1749265989,0.02031000,1816.00000000,0.01907
1749265989,0.02032000,272.00000000,0.01907
1749265989,0.02033000,531.00000000,0.01907
1749265989,0.02036000,9740.00000000,0.01907
1749265989,0.02040000,6470.00000000,0.01907
1749265989,0.02042000,3496.00000000,0.01907
1749265989,0.02045000,635.00000000,0.01907
1749265989,0.02047000,350.00000000,0.01907
1749265989,0.02050000,244.00000000,0.01907
1749265989,0.02051000,301.00000000,0.01907
1749265989,0.02053000,260.00000000,0.01907
1749265989,0.02058000,254.00000000,0.01907
1749265989,0.02060000,508.00000000,0.01907
1749265989,0.02064000,458.00000000,0.01907
1749265989,0.02067000,1680.00000000,0.01907
1749265989,0.02070000,2509.00000000,0.01907
1749265989,0.02073000,296.00000000,0.01907
1749265989,0.02075000,3501.00000000,0.01907
1749265989,0.02080000,4948.00000000,0.01907
1749265989,0.02088000,26528.00000000,0.01907
1749265989,0.02095000,3481.00000000,0.01907
1749265989,0.02100000,12265.00000000,0.01907
1749265989,0.02101000,7545.00000000,0.01907
1749265989,0.02106000,260.00000000,0.01907
1749266296,0.01908000,64162.00000000,0.01907
1749266296,0.01909000,343312.00000000,0.01907
1749266296,0.01910000,210687.00000000,0.01907
1749266296,0.01911000,100281.00000000,0.01907
1749266296,0.01912000,239529.00000000,0.01907
1749266296,0.01913000,140982.00000000,0.01907
1749266296,0.01914000,59326.00000000,0.01907
1749266296,0.01915000,76183.00000000,0.01907
1749266296,0.01916000,52993.00000000,0.01907
1749266296,0.01917000,117706.00000000,0.01907
1749266296,0.01918000,19751.00000000,0.01907
1749266296,0.01919000,28492.00000000,0.01907
1749266296,0.01920000,13455.00000000,0.01907
1749266296,0.01921000,12150.00000000,0.01907
1749266296,0.01922000,33212.00000000,0.01907
1749266296,0.01923000,30485.00000000,0.01907
1749266296,0.01924000,49907.00000000,0.01907
1749266296,0.01925000,607438.00000000,0.01907
1749266296,0.01926000,37366.00000000,0.01907
1749266296,0.01927000,511419.00000000,0.01907
1749266296,0.01928000,1221991.00000000,0.01907
1749266296,0.01929000,592437.00000000,0.01907
1749266296,0.01930000,28462.00000000,0.01907
1749266296,0.01931000,1141842.00000000,0.01907
1749266296,0.01932000,12150.00000000,0.01907
1749266296,0.01933000,27969.00000000,0.01907
1749266296,0.01934000,1137170.00000000,0.01907
1749266296,0.01935000,4689.00000000,0.01907
1749266296,0.01936000,27969.00000000,0.01907
1749266296,0.01937000,1241165.00000000,0.01907
1749266296,0.01938000,15819.00000000,0.01907
1749266296,0.01939000,1165417.00000000,0.01907
1749266296,0.01940000,4245.00000000,0.01907
1749266296,0.01941000,15819.00000000,0.01907
1749266296,0.01942000,1577939.00000000,0.01907
1749266296,0.01943000,1605.00000000,0.01907
1749266296,0.01944000,65611.00000000,0.01907
1749266296,0.01945000,1047688.00000000,0.01907
1749266296,0.01947000,437.00000000,0.01907
1749266296,0.01948000,1261428.00000000,0.01907
1749266296,0.01950000,188330.00000000,0.01907
1749266296,0.01951000,1194652.00000000,0.01907
1749266296,0.01953000,1082026.00000000,0.01907
1749266296,0.01955000,4486.00000000,0.01907
1749266296,0.01957000,261.00000000,0.01907
1749266296,0.01959000,52286.00000000,0.01907
1749266296,0.01960000,1271.00000000,0.01907
1749266296,0.01965000,484.00000000,0.01907
1749266296,0.01967000,68136.00000000,0.01907
1749266296,0.01968000,458.00000000,0.01907
1749266296,0.01970000,4429.00000000,0.01907
1749266296,0.01972000,338.00000000,0.01907
1749266296,0.01975000,1976.00000000,0.01907
1749266296,0.01980000,2349.00000000,0.01907
1749266296,0.01985000,479.00000000,0.01907
1749266296,0.01990000,788.00000000,0.01907
1749266296,0.01992000,1217.00000000,0.01907
1749266296,0.01995000,477.00000000,0.01907
1749266296,0.01998000,1000.00000000,0.01907
1749266296,0.01999000,500.00000000,0.01907
1749266296,0.02000000,20283.00000000,0.01907
1749266296,0.02001000,1813.00000000,0.01907
1749266296,0.02005000,6594.00000000,0.01907
1749266296,0.02010000,473.00000000,0.01907
1749266296,0.02014000,300.00000000,0.01907
1749266296,0.02015000,472.00000000,0.01907
1749266296,0.02016000,758.00000000,0.01907
1749266296,0.02019000,300.00000000,0.01907
1749266296,0.02020000,35808.00000000,0.01907
1749266296,0.02022000,300.00000000,0.01907
1749266296,0.02025000,469.00000000,0.01907
1749266296,0.02026000,560.00000000,0.01907
1749266296,0.02028000,1112.00000000,0.01907
1749266296,0.02029000,1475.00000000,0.01907
1749266296,0.02030000,712.00000000,0.01907
1749266296,0.02031000,1816.00000000,0.01907
1749266296,0.02032000,272.00000000,0.01907
1749266296,0.02033000,531.00000000,0.01907
1749266296,0.02036000,9740.00000000,0.01907
1749266296,0.02040000,6470.00000000,0.01907
1749266296,0.02042000,3496.00000000,0.01907
1749266296,0.02045000,635.00000000,0.01907
1749266296,0.02047000,350.00000000,0.01907
1749266296,0.02050000,244.00000000,0.01907
1749266296,0.02051000,301.00000000,0.01907
1749266296,0.02053000,260.00000000,0.01907
1749266296,0.02058000,254.00000000,0.01907
1749266296,0.02060000,508.00000000,0.01907
1749266296,0.02064000,458.00000000,0.01907
1749266296,0.02067000,1680.00000000,0.01907
1749266296,0.02070000,2509.00000000,0.01907
1749266296,0.02073000,296.00000000,0.01907
1749266296,0.02075000,3501.00000000,0.01907
1749266296,0.02080000,4948.00000000,0.01907
1749266296,0.02088000,26528.00000000,0.01907
1749266296,0.02095000,3481.00000000,0.01907
1749266296,0.02100000,12265.00000000,0.01907
1749266296,0.02101000,7545.00000000,0.01907
1749266296,0.02106000,260.00000000,0.01907
1749266296,0.02110000,65219.00000000,0.01907
1749266597,0.01908000,125347.00000000,0.01907
1749266597,0.01909000,354807.00000000,0.01907
1749266597,0.01910000,160301.00000000,0.01907
1749266597,0.01911000,100582.00000000,0.01907
1749266597,0.01912000,225387.00000000,0.01907
1749266597,0.01913000,140982.00000000,0.01907
1749266597,0.01914000,59326.00000000,0.01907
1749266597,0.01915000,76183.00000000,0.01907
1749266597,0.01916000,52993.00000000,0.01907
1749266597,0.01917000,117706.00000000,0.01907
1749266597,0.01918000,19751.00000000,0.01907
1749266597,0.01919000,28492.00000000,0.01907
1749266597,0.01920000,13455.00000000,0.01907
1749266597,0.01921000,15986.00000000,0.01907
1749266597,0.01922000,54318.00000000,0.01907
1749266597,0.01923000,30485.00000000,0.01907
1749266597,0.01924000,49907.00000000,0.01907
1749266597,0.01925000,607438.00000000,0.01907
1749266597,0.01926000,12424.00000000,0.01907
1749266597,0.01927000,511419.00000000,0.01907
1749266597,0.01928000,1221991.00000000,0.01907
1749266597,0.01929000,660734.00000000,0.01907
1749266597,0.01930000,28462.00000000,0.01907
1749266597,0.01931000,1141842.00000000,0.01907
1749266597,0.01932000,12150.00000000,0.01907
1749266597,0.01933000,27969.00000000,0.01907
1749266597,0.01934000,1137170.00000000,0.01907
1749266597,0.01935000,4689.00000000,0.01907
1749266597,0.01936000,27969.00000000,0.01907
1749266597,0.01937000,1241165.00000000,0.01907
1749266597,0.01938000,15819.00000000,0.01907
1749266597,0.01939000,1165417.00000000,0.01907
1749266597,0.01940000,4245.00000000,0.01907
1749266597,0.01941000,15819.00000000,0.01907
1749266597,0.01942000,1577939.00000000,0.01907
1749266597,0.01943000,1605.00000000,0.01907
1749266597,0.01944000,65611.00000000,0.01907
1749266597,0.01945000,1047688.00000000,0.01907
1749266597,0.01947000,437.00000000,0.01907
1749266597,0.01948000,1261428.00000000,0.01907
1749266597,0.01950000,188330.00000000,0.01907
1749266597,0.01951000,1194652.00000000,0.01907
1749266597,0.01953000,1082026.00000000,0.01907
1749266597,0.01955000,4486.00000000,0.01907
1749266597,0.01957000,261.00000000,0.01907
1749266597,0.01959000,52286.00000000,0.01907
1749266597,0.01960000,1271.00000000,0.01907
1749266597,0.01965000,484.00000000,0.01907
1749266597,0.01967000,68136.00000000,0.01907
1749266597,0.01968000,458.00000000,0.01907
1749266597,0.01970000,4429.00000000,0.01907
1749266597,0.01972000,338.00000000,0.01907
1749266597,0.01975000,1976.00000000,0.01907
1749266597,0.01980000,2349.00000000,0.01907
1749266597,0.01985000,479.00000000,0.01907
1749266597,0.01990000,788.00000000,0.01907
1749266597,0.01992000,1217.00000000,0.01907
1749266597,0.01995000,477.00000000,0.01907
1749266597,0.01998000,1000.00000000,0.01907
1749266597,0.01999000,500.00000000,0.01907
1749266597,0.02000000,20283.00000000,0.01907
1749266597,0.02001000,1813.00000000,0.01907
1749266597,0.02005000,6594.00000000,0.01907
1749266597,0.02010000,473.00000000,0.01907
1749266597,0.02014000,300.00000000,0.01907
1749266597,0.02015000,472.00000000,0.01907
1749266597,0.02016000,758.00000000,0.01907
1749266597,0.02019000,300.00000000,0.01907
1749266597,0.02020000,35808.00000000,0.01907
1749266597,0.02022000,300.00000000,0.01907
1749266597,0.02025000,469.00000000,0.01907
1749266597,0.02026000,560.00000000,0.01907
1749266597,0.02028000,1112.00000000,0.01907
1749266597,0.02029000,1475.00000000,0.01907
1749266597,0.02030000,712.00000000,0.01907
1749266597,0.02031000,1816.00000000,0.01907
1749266597,0.02032000,272.00000000,0.01907
1749266597,0.02033000,531.00000000,0.01907
1749266597,0.02036000,9740.00000000,0.01907
1749266597,0.02040000,6470.00000000,0.01907
1749266597,0.02042000,3496.00000000,0.01907
1749266597,0.02045000,635.00000000,0.01907
1749266597,0.02047000,350.00000000,0.01907
1749266597,0.02050000,244.00000000,0.01907
1749266597,0.02051000,301.00000000,0.01907
1749266597,0.02053000,260.00000000,0.01907
1749266597,0.02058000,254.00000000,0.01907
1749266597,0.02060000,508.00000000,0.01907
1749266597,0.02064000,458.00000000,0.01907
1749266597,0.02067000,1680.00000000,0.01907
1749266597,0.02070000,2509.00000000,0.01907
1749266597,0.02073000,296.00000000,0.01907
1749266597,0.02075000,3501.00000000,0.01907
1749266597,0.02080000,4948.00000000,0.01907
1749266597,0.02088000,26528.00000000,0.01907
1749266597,0.02095000,3481.00000000,0.01907
1749266597,0.02100000,12265.00000000,0.01907
1749266597,0.02101000,7545.00000000,0.01907
1749266597,0.02106000,260.00000000,0.01907
1749266597,0.02110000,65219.00000000,0.01907
1749266899,0.01909000,25168.00000000,0.01909
1749266899,0.01910000,230352.00000000,0.01909
1749266899,0.01911000,249441.00000000,0.01909
1749266899,0.01912000,273452.00000000,0.01909
1749266899,0.01913000,278469.00000000,0.01909
1749266899,0.01914000,88662.00000000,0.01909
1749266899,0.01915000,34627.00000000,0.01909
1749266899,0.01916000,56821.00000000,0.01909
1749266899,0.01917000,173079.00000000,0.01909
1749266899,0.01918000,19743.00000000,0.01909
1749266899,0.01919000,36089.00000000,0.01909
1749266899,0.01920000,21048.00000000,0.01909
1749266899,0.01921000,12150.00000000,0.01909
1749266899,0.01922000,29376.00000000,0.01909
1749266899,0.01923000,30485.00000000,0.01909
1749266899,0.01924000,74849.00000000,0.01909
1749266899,0.01925000,607438.00000000,0.01909
1749266899,0.01926000,12424.00000000,0.01909
1749266899,0.01927000,511419.00000000,0.01909
1749266899,0.01928000,1205135.00000000,0.01909
1749266899,0.01929000,658025.00000000,0.01909
1749266899,0.01930000,28462.00000000,0.01909
1749266899,0.01931000,1141842.00000000,0.01909
1749266899,0.01932000,12150.00000000,0.01909
1749266899,0.01933000,27969.00000000,0.01909
1749266899,0.01934000,1139879.00000000,0.01909
1749266899,0.01935000,4689.00000000,0.01909
1749266899,0.01936000,27969.00000000,0.01909
1749266899,0.01937000,1253315.00000000,0.01909
1749266899,0.01938000,15819.00000000,0.01909
1749266899,0.01939000,1165417.00000000,0.01909
1749266899,0.01940000,4245.00000000,0.01909
1749266899,0.01941000,15819.00000000,0.01909
1749266899,0.01942000,1577939.00000000,0.01909
1749266899,0.01943000,1605.00000000,0.01909
1749266899,0.01944000,65611.00000000,0.01909
1749266899,0.01945000,1047688.00000000,0.01909
1749266899,0.01947000,437.00000000,0.01909
1749266899,0.01948000,1261428.00000000,0.01909
1749266899,0.01950000,188330.00000000,0.01909
1749266899,0.01951000,1194652.00000000,0.01909
1749266899,0.01953000,1082026.00000000,0.01909
1749266899,0.01955000,4486.00000000,0.01909
1749266899,0.01957000,261.00000000,0.01909
1749266899,0.01959000,52286.00000000,0.01909
1749266899,0.01960000,1271.00000000,0.01909
1749266899,0.01965000,484.00000000,0.01909
1749266899,0.01967000,68136.00000000,0.01909
1749266899,0.01968000,458.00000000,0.01909
1749266899,0.01970000,4429.00000000,0.01909
1749266899,0.01972000,338.00000000,0.01909
1749266899,0.01975000,1976.00000000,0.01909
1749266899,0.01980000,2349.00000000,0.01909
1749266899,0.01985000,479.00000000,0.01909
1749266899,0.01990000,788.00000000,0.01909
1749266899,0.01992000,1217.00000000,0.01909
1749266899,0.01995000,477.00000000,0.01909
1749266899,0.01998000,1000.00000000,0.01909
1749266899,0.01999000,500.00000000,0.01909
1749266899,0.02000000,20283.00000000,0.01909
1749266899,0.02001000,1813.00000000,0.01909
1749266899,0.02005000,6594.00000000,0.01909
1749266899,0.02010000,473.00000000,0.01909
1749266899,0.02014000,300.00000000,0.01909
1749266899,0.02015000,472.00000000,0.01909
1749266899,0.02016000,758.00000000,0.01909
1749266899,0.02019000,300.00000000,0.01909
1749266899,0.02020000,35808.00000000,0.01909
1749266899,0.02022000,300.00000000,0.01909
1749266899,0.02025000,469.00000000,0.01909
1749266899,0.02026000,560.00000000,0.01909
1749266899,0.02028000,1112.00000000,0.01909
1749266899,0.02029000,1475.00000000,0.01909
1749266899,0.02030000,712.00000000,0.01909
1749266899,0.02031000,1816.00000000,0.01909
1749266899,0.02032000,272.00000000,0.01909
1749266899,0.02033000,531.00000000,0.01909
1749266899,0.02036000,9740.00000000,0.01909
1749266899,0.02040000,6470.00000000,0.01909
1749266899,0.02042000,3496.00000000,0.01909
1749266899,0.02045000,635.00000000,0.01909
1749266899,0.02047000,350.00000000,0.01909
1749266899,0.02050000,244.00000000,0.01909
1749266899,0.02051000,301.00000000,0.01909
1749266899,0.02053000,260.00000000,0.01909
1749266899,0.02058000,254.00000000,0.01909
1749266899,0.02060000,508.00000000,0.01909
1749266899,0.02064000,458.00000000,0.01909
1749266899,0.02067000,1680.00000000,0.01909
1749266899,0.02070000,2509.00000000,0.01909
1749266899,0.02073000,296.00000000,0.01909
1749266899,0.02075000,3501.00000000,0.01909
1749266899,0.02080000,4948.00000000,0.01909
1749266899,0.02088000,26528.00000000,0.01909
1749266899,0.02095000,3481.00000000,0.01909
1749266899,0.02100000,12265.00000000,0.01909
1749266899,0.02101000,7545.00000000,0.01909
1749266899,0.02106000,260.00000000,0.01909
1749266899,0.02110000,65219.00000000,0.01909
1749266899,0.02112000,458.00000000,0.01909
1749267201,0.01909000,24300.00000000,0.01909
1749267201,0.01910000,175796.00000000,0.01909
1749267201,0.01911000,250705.00000000,0.01909
1749267201,0.01912000,231362.00000000,0.01909
1749267201,0.01913000,318814.00000000,0.01909
1749267201,0.01914000,96226.00000000,0.01909
1749267201,0.01915000,34627.00000000,0.01909
1749267201,0.01916000,56821.00000000,0.01909
1749267201,0.01917000,173079.00000000,0.01909
1749267201,0.01918000,19743.00000000,0.01909
1749267201,0.01919000,36089.00000000,0.01909
1749267201,0.01920000,21048.00000000,0.01909
1749267201,0.01921000,19747.00000000,0.01909
1749267201,0.01922000,29376.00000000,0.01909
1749267201,0.01923000,30485.00000000,0.01909
1749267201,0.01924000,74849.00000000,0.01909
1749267201,0.01925000,607438.00000000,0.01909
1749267201,0.01926000,12424.00000000,0.01909
1749267201,0.01927000,511419.00000000,0.01909
1749267201,0.01928000,1059408.00000000,0.01909
1749267201,0.01929000,658025.00000000,0.01909
1749267201,0.01930000,28462.00000000,0.01909
1749267201,0.01931000,1141842.00000000,0.01909
1749267201,0.01932000,12150.00000000,0.01909
1749267201,0.01933000,27969.00000000,0.01909
1749267201,0.01934000,1139879.00000000,0.01909
1749267201,0.01935000,4689.00000000,0.01909
1749267201,0.01936000,27969.00000000,0.01909
1749267201,0.01937000,1253315.00000000,0.01909
1749267201,0.01938000,15819.00000000,0.01909
1749267201,0.01939000,1162607.00000000,0.01909
1749267201,0.01940000,4245.00000000,0.01909
1749267201,0.01941000,15819.00000000,0.01909
1749267201,0.01942000,1577939.00000000,0.01909
1749267201,0.01943000,1605.00000000,0.01909
1749267201,0.01944000,68421.00000000,0.01909
1749267201,0.01945000,1047688.00000000,0.01909
1749267201,0.01947000,437.00000000,0.01909
1749267201,0.01948000,1261428.00000000,0.01909
1749267201,0.01950000,188330.00000000,0.01909
1749267201,0.01951000,1194652.00000000,0.01909
1749267201,0.01953000,1082026.00000000,0.01909
1749267201,0.01955000,4486.00000000,0.01909
1749267201,0.01957000,261.00000000,0.01909
1749267201,0.01959000,52286.00000000,0.01909
1749267201,0.01960000,1271.00000000,0.01909
1749267201,0.01965000,484.00000000,0.01909
1749267201,0.01967000,68136.00000000,0.01909
1749267201,0.01968000,458.00000000,0.01909
1749267201,0.01970000,4429.00000000,0.01909
1749267201,0.01972000,338.00000000,0.01909
1749267201,0.01975000,1976.00000000,0.01909
1749267201,0.01980000,2349.00000000,0.01909
1749267201,0.01985000,479.00000000,0.01909
1749267201,0.01990000,788.00000000,0.01909
1749267201,0.01992000,1217.00000000,0.01909
1749267201,0.01995000,477.00000000,0.01909
1749267201,0.01998000,1000.00000000,0.01909
1749267201,0.01999000,500.00000000,0.01909
1749267201,0.02000000,20283.00000000,0.01909
1749267201,0.02001000,1813.00000000,0.01909
1749267201,0.02005000,6594.00000000,0.01909
1749267201,0.02010000,473.00000000,0.01909
1749267201,0.02014000,300.00000000,0.01909
1749267201,0.02015000,472.00000000,0.01909
1749267201,0.02016000,758.00000000,0.01909
1749267201,0.02019000,300.00000000,0.01909
1749267201,0.02020000,35808.00000000,0.01909
1749267201,0.02022000,300.00000000,0.01909
1749267201,0.02025000,469.00000000,0.01909
1749267201,0.02026000,560.00000000,0.01909
1749267201,0.02028000,1112.00000000,0.01909
1749267201,0.02029000,1475.00000000,0.01909
1749267201,0.02030000,712.00000000,0.01909
1749267201,0.02031000,1816.00000000,0.01909
1749267201,0.02032000,272.00000000,0.01909
1749267201,0.02033000,531.00000000,0.01909
1749267201,0.02036000,9740.00000000,0.01909
1749267201,0.02040000,6470.00000000,0.01909
1749267201,0.02042000,3496.00000000,0.01909
1749267201,0.02045000,635.00000000,0.01909
1749267201,0.02047000,350.00000000,0.01909
1749267201,0.02050000,244.00000000,0.01909
1749267201,0.02051000,301.00000000,0.01909
1749267201,0.02053000,260.00000000,0.01909
1749267201,0.02058000,254.00000000,0.01909
1749267201,0.02060000,508.00000000,0.01909
1749267201,0.02064000,458.00000000,0.01909
1749267201,0.02067000,1680.00000000,0.01909
1749267201,0.02070000,2509.00000000,0.01909
1749267201,0.02073000,296.00000000,0.01909
1749267201,0.02075000,3501.00000000,0.01909
1749267201,0.02080000,4948.00000000,0.01909
1749267201,0.02088000,26528.00000000,0.01909
1749267201,0.02095000,3481.00000000,0.01909
1749267201,0.02100000,12265.00000000,0.01909
1749267201,0.02101000,7545.00000000,0.01909
1749267201,0.02106000,260.00000000,0.01909
