timestamp,price,volume,current_price
1749254650,0.01910000,50428.00000000,0.01909
1749254650,0.01911000,198245.00000000,0.01909
1749254650,0.01912000,280648.00000000,0.01909
1749254650,0.01913000,176035.00000000,0.01909
1749254650,0.01914000,118983.00000000,0.01909
1749254650,0.01915000,75151.00000000,0.01909
1749254650,0.01916000,50950.00000000,0.01909
1749254650,0.01917000,112342.00000000,0.01909
1749254650,0.01918000,73110.00000000,0.01909
1749254650,0.01919000,88078.00000000,0.01909
1749254650,0.01920000,22370.00000000,0.01909
1749254650,0.01921000,19751.00000000,0.01909
1749254650,0.01922000,30998.00000000,0.01909
1749254650,0.01923000,34633.00000000,0.01909
1749254650,0.01924000,13460.00000000,0.01909
1749254650,0.01925000,28463.00000000,0.01909
1749254650,0.01926000,660195.00000000,0.01909
1749254650,0.01927000,27969.00000000,0.01909
1749254650,0.01928000,514941.00000000,0.01909
1749254650,0.01929000,25189.00000000,0.01909
1749254650,0.01930000,595787.00000000,0.01909
1749254650,0.01931000,1207968.00000000,0.01909
1749254650,0.01932000,438745.00000000,0.01909
1749254650,0.01933000,15819.00000000,0.01909
1749254650,0.01934000,1113385.00000000,0.01909
1749254650,0.01935000,4689.00000000,0.01909
1749254650,0.01936000,27969.00000000,0.01909
1749254650,0.01937000,1172732.00000000,0.01909
1749254650,0.01938000,15819.00000000,0.01909
1749254650,0.01939000,1167563.00000000,0.01909
1749254650,0.01940000,1346.00000000,0.01909
1749254650,0.01942000,1174359.00000000,0.01909
1749254650,0.01943000,1605.00000000,0.01909
1749254650,0.01944000,65611.00000000,0.01909
1749254650,0.01945000,1103542.00000000,0.01909
1749254650,0.01947000,437.00000000,0.01909
1749254650,0.01948000,1234529.00000000,0.01909
1749254650,0.01949000,52286.00000000,0.01909
1749254650,0.01950000,1232334.00000000,0.01909
1749254650,0.01951000,2899.00000000,0.01909
1749254650,0.01952000,1121979.00000000,0.01909
1749254650,0.01954000,2810.00000000,0.01909
1749254650,0.01955000,4486.00000000,0.01909
1749254650,0.01957000,261.00000000,0.01909
1749254650,0.01960000,1679.00000000,0.01909
1749254650,0.01961000,510.00000000,0.01909
1749254650,0.01965000,484.00000000,0.01909
1749254650,0.01967000,68136.00000000,0.01909
1749254650,0.01968000,458.00000000,0.01909
1749254650,0.01970000,4429.00000000,0.01909
1749254650,0.01972000,338.00000000,0.01909
1749254650,0.01975000,1976.00000000,0.01909
1749254650,0.01980000,2349.00000000,0.01909
1749254650,0.01985000,479.00000000,0.01909
1749254650,0.01990000,788.00000000,0.01909
1749254650,0.01992000,1217.00000000,0.01909
1749254650,0.01995000,477.00000000,0.01909
1749254650,0.01998000,1501.00000000,0.01909
1749254650,0.02000000,20283.00000000,0.01909
1749254650,0.02001000,1813.00000000,0.01909
1749254650,0.02005000,7093.00000000,0.01909
1749254650,0.02010000,473.00000000,0.01909
1749254650,0.02014000,300.00000000,0.01909
1749254650,0.02015000,472.00000000,0.01909
1749254650,0.02016000,758.00000000,0.01909
1749254650,0.02019000,300.00000000,0.01909
1749254650,0.02020000,35808.00000000,0.01909
1749254650,0.02022000,300.00000000,0.01909
1749254650,0.02025000,469.00000000,0.01909
1749254650,0.02026000,560.00000000,0.01909
1749254650,0.02028000,1112.00000000,0.01909
1749254650,0.02029000,1475.00000000,0.01909
1749254650,0.02030000,712.00000000,0.01909
1749254650,0.02031000,1816.00000000,0.01909
1749254650,0.02032000,272.00000000,0.01909
1749254650,0.02033000,531.00000000,0.01909
1749254650,0.02036000,9740.00000000,0.01909
1749254650,0.02040000,6470.00000000,0.01909
1749254650,0.02042000,3496.00000000,0.01909
1749254650,0.02045000,635.00000000,0.01909
1749254650,0.02047000,350.00000000,0.01909
1749254650,0.02050000,244.00000000,0.01909
1749254650,0.02051000,301.00000000,0.01909
1749254650,0.02053000,260.00000000,0.01909
1749254650,0.02058000,254.00000000,0.01909
1749254650,0.02060000,508.00000000,0.01909
1749254650,0.02064000,458.00000000,0.01909
1749254650,0.02067000,1680.00000000,0.01909
1749254650,0.02070000,2509.00000000,0.01909
1749254650,0.02073000,296.00000000,0.01909
1749254650,0.02075000,3501.00000000,0.01909
1749254650,0.02080000,4948.00000000,0.01909
1749254650,0.02088000,26528.00000000,0.01909
1749254650,0.02095000,3481.00000000,0.01909
1749254650,0.02100000,12265.00000000,0.01909
1749254650,0.02101000,7545.00000000,0.01909
1749254650,0.02106000,260.00000000,0.01909
1749254650,0.02110000,65219.00000000,0.01909
1749254650,0.02112000,458.00000000,0.01909
1749254650,0.02117000,3635.00000000,0.01909
1749254973,0.01909000,24300.00000000,0.01908
1749254973,0.01910000,105198.00000000,0.01908
1749254973,0.01911000,78243.00000000,0.01908
1749254973,0.01912000,178767.00000000,0.01908
1749254973,0.01913000,259868.00000000,0.01908
1749254973,0.01914000,87627.00000000,0.01908
1749254973,0.01915000,135568.00000000,0.01908
1749254973,0.01916000,50950.00000000,0.01908
1749254973,0.01917000,153981.00000000,0.01908
1749254973,0.01918000,73110.00000000,0.01908
1749254973,0.01919000,77044.00000000,0.01908
1749254973,0.01920000,22370.00000000,0.01908
1749254973,0.01921000,44693.00000000,0.01908
1749254973,0.01922000,38591.00000000,0.01908
1749254973,0.01923000,30797.00000000,0.01908
1749254973,0.01924000,21052.00000000,0.01908
1749254973,0.01925000,513411.00000000,0.01908
1749254973,0.01926000,13733.00000000,0.01908
1749254973,0.01927000,31805.00000000,0.01908
1749254973,0.01928000,1721753.00000000,0.01908
1749254973,0.01929000,25189.00000000,0.01908
1749254973,0.01930000,697136.00000000,0.01908
1749254973,0.01931000,1207968.00000000,0.01908
1749254973,0.01932000,438745.00000000,0.01908
1749254973,0.01933000,27969.00000000,0.01908
1749254973,0.01934000,1113385.00000000,0.01908
1749254973,0.01935000,4689.00000000,0.01908
1749254973,0.01936000,27969.00000000,0.01908
1749254973,0.01937000,1172732.00000000,0.01908
1749254973,0.01938000,15819.00000000,0.01908
1749254973,0.01939000,1167563.00000000,0.01908
1749254973,0.01940000,1346.00000000,0.01908
1749254973,0.01942000,1174359.00000000,0.01908
1749254973,0.01943000,1605.00000000,0.01908
1749254973,0.01944000,65611.00000000,0.01908
1749254973,0.01945000,1103542.00000000,0.01908
1749254973,0.01947000,437.00000000,0.01908
1749254973,0.01948000,1234529.00000000,0.01908
1749254973,0.01950000,1232334.00000000,0.01908
1749254973,0.01951000,2899.00000000,0.01908
1749254973,0.01952000,1121979.00000000,0.01908
1749254973,0.01954000,1175258.00000000,0.01908
1749254973,0.01955000,4486.00000000,0.01908
1749254973,0.01957000,261.00000000,0.01908
1749254973,0.01960000,1679.00000000,0.01908
1749254973,0.01961000,510.00000000,0.01908
1749254973,0.01965000,484.00000000,0.01908
1749254973,0.01967000,68136.00000000,0.01908
1749254973,0.01968000,458.00000000,0.01908
1749254973,0.01970000,4429.00000000,0.01908
1749254973,0.01972000,338.00000000,0.01908
1749254973,0.01975000,1976.00000000,0.01908
1749254973,0.01980000,2349.00000000,0.01908
1749254973,0.01985000,479.00000000,0.01908
1749254973,0.01990000,788.00000000,0.01908
1749254973,0.01992000,1217.00000000,0.01908
1749254973,0.01995000,477.00000000,0.01908
1749254973,0.01998000,1501.00000000,0.01908
1749254973,0.02000000,20283.00000000,0.01908
1749254973,0.02001000,1813.00000000,0.01908
1749254973,0.02005000,7093.00000000,0.01908
1749254973,0.02010000,473.00000000,0.01908
1749254973,0.02014000,300.00000000,0.01908
1749254973,0.02015000,472.00000000,0.01908
1749254973,0.02016000,758.00000000,0.01908
1749254973,0.02019000,300.00000000,0.01908
1749254973,0.02020000,35808.00000000,0.01908
1749254973,0.02022000,300.00000000,0.01908
1749254973,0.02025000,469.00000000,0.01908
1749254973,0.02026000,560.00000000,0.01908
1749254973,0.02028000,1112.00000000,0.01908
1749254973,0.02029000,1475.00000000,0.01908
1749254973,0.02030000,712.00000000,0.01908
1749254973,0.02031000,1816.00000000,0.01908
1749254973,0.02032000,272.00000000,0.01908
1749254973,0.02033000,531.00000000,0.01908
1749254973,0.02036000,9740.00000000,0.01908
1749254973,0.02040000,6470.00000000,0.01908
1749254973,0.02042000,3496.00000000,0.01908
1749254973,0.02045000,635.00000000,0.01908
1749254973,0.02047000,350.00000000,0.01908
1749254973,0.02050000,244.00000000,0.01908
1749254973,0.02051000,301.00000000,0.01908
1749254973,0.02053000,260.00000000,0.01908
1749254973,0.02058000,254.00000000,0.01908
1749254973,0.02060000,508.00000000,0.01908
1749254973,0.02064000,458.00000000,0.01908
1749254973,0.02067000,1680.00000000,0.01908
1749254973,0.02070000,2509.00000000,0.01908
1749254973,0.02073000,296.00000000,0.01908
1749254973,0.02075000,3501.00000000,0.01908
1749254973,0.02080000,4948.00000000,0.01908
1749254973,0.02088000,26528.00000000,0.01908
1749254973,0.02095000,3481.00000000,0.01908
1749254973,0.02100000,12265.00000000,0.01908
1749254973,0.02101000,7545.00000000,0.01908
1749254973,0.02106000,260.00000000,0.01908
1749254973,0.02110000,65219.00000000,0.01908
1749254973,0.02112000,458.00000000,0.01908
1749254973,0.02117000,3635.00000000,0.01908
