timestamp,price,volume,current_price
1749260793,0.62140000,70.00000000,0.621
1749260793,0.62150000,901.00000000,0.621
1749260793,0.62160000,2527.00000000,0.621
1749260793,0.62170000,1012.00000000,0.621
1749260793,0.62180000,2582.00000000,0.621
1749260793,0.62190000,2755.00000000,0.621
1749260793,0.62200000,2715.00000000,0.621
1749260793,0.62210000,2137.00000000,0.621
1749260793,0.62220000,6965.00000000,0.621
1749260793,0.62230000,6508.00000000,0.621
1749260793,0.62240000,2768.00000000,0.621
1749260793,0.62250000,1203.00000000,0.621
1749260793,0.62260000,2633.00000000,0.621
1749260793,0.62270000,1157.00000000,0.621
1749260793,0.62280000,534.00000000,0.621
1749260793,0.62290000,1902.00000000,0.621
1749260793,0.62300000,995.00000000,0.621
1749260793,0.62310000,13.00000000,0.621
1749260793,0.62320000,1745.00000000,0.621
1749260793,0.62330000,1291.00000000,0.621
1749260793,0.62340000,2100.00000000,0.621
1749260793,0.62350000,995.00000000,0.621
1749260793,0.62360000,3681.00000000,0.621
1749260793,0.62370000,1008.00000000,0.621
1749260793,0.62380000,1868.00000000,0.621
1749260793,0.62400000,1007.00000000,0.621
1749260793,0.62420000,1777.00000000,0.621
1749260793,0.62430000,400.00000000,0.621
1749260793,0.62440000,2311.00000000,0.621
1749260793,0.62460000,1845.00000000,0.621
1749260793,0.62470000,1314.00000000,0.621
1749260793,0.62480000,994.00000000,0.621
1749260793,0.62490000,13.00000000,0.621
1749260793,0.62500000,1010.00000000,0.621
1749260793,0.62510000,11.00000000,0.621
1749260793,0.62520000,13.00000000,0.621
1749260793,0.62530000,2363.00000000,0.621
1749260793,0.62540000,1072.00000000,0.621
1749260793,0.62550000,13.00000000,0.621
1749260793,0.62560000,2650.00000000,0.621
1749260793,0.62570000,993.00000000,0.621
1749260793,0.62580000,31.00000000,0.621
1749260793,0.62610000,13.00000000,0.621
1749260793,0.62640000,2003.00000000,0.621
1749260793,0.62650000,799.00000000,0.621
1749260793,0.62670000,13.00000000,0.621
1749260793,0.62700000,730.00000000,0.621
1749260793,0.62720000,1885.00000000,0.621
1749260793,0.62730000,13.00000000,0.621
1749260793,0.62750000,434.00000000,0.621
1749260793,0.62760000,13.00000000,0.621
1749260793,0.62790000,13.00000000,0.621
1749260793,0.62820000,13.00000000,0.621
1749260793,0.62830000,19.00000000,0.621
1749260793,0.62850000,13.00000000,0.621
1749260793,0.62870000,16.00000000,0.621
1749260793,0.62880000,13.00000000,0.621
1749260793,0.62910000,13.00000000,0.621
1749260793,0.62920000,968.00000000,0.621
1749260793,0.62940000,13.00000000,0.621
1749260793,0.62970000,28.00000000,0.621
1749260793,0.62990000,4177.00000000,0.621
1749260793,0.63000000,13.00000000,0.621
1749260793,0.63030000,13.00000000,0.621
1749260793,0.63060000,241.00000000,0.621
1749260793,0.63090000,13.00000000,0.621
1749260793,0.63160000,9.00000000,0.621
1749260793,0.63250000,16.00000000,0.621
1749260793,0.63280000,127.00000000,0.621
1749260793,0.63290000,19.00000000,0.621
1749260793,0.63410000,373.00000000,0.621
1749260793,0.63440000,380.00000000,0.621
1749260793,0.63510000,11.00000000,0.621
1749260793,0.63520000,3153.00000000,0.621
1749260793,0.63570000,1103.00000000,0.621
1749260793,0.63630000,16.00000000,0.621
1749260793,0.63750000,19.00000000,0.621
1749260793,0.63870000,34.00000000,0.621
1749260793,0.63880000,1163.00000000,0.621
1749260793,0.63990000,1088.00000000,0.621
1749260793,0.64000000,245.00000000,0.621
1749260793,0.64010000,35.00000000,0.621
1749260793,0.64020000,225.00000000,0.621
1749260793,0.64060000,1627.00000000,0.621
1749260793,0.64130000,15.00000000,0.621
1749260793,0.64150000,402.00000000,0.621
1749260793,0.64190000,136.00000000,0.621
1749260793,0.64200000,19.00000000,0.621
1749260793,0.64390000,16.00000000,0.621
1749260793,0.64500000,50.00000000,0.621
1749260793,0.64510000,11.00000000,0.621
1749260793,0.64520000,9.00000000,0.621
1749260793,0.64660000,19.00000000,0.621
1749260793,0.64750000,1634.00000000,0.621
1749260793,0.64770000,16.00000000,0.621
1749260793,0.64890000,397.00000000,0.621
1749260793,0.64960000,228.00000000,0.621
1749260793,0.65000000,149.00000000,0.621
1749260793,0.65010000,10.00000000,0.621
1749260793,0.65150000,16.00000000,0.621
1749261113,0.62280000,454.00000000,0.6225
1749261113,0.62290000,1200.00000000,0.6225
1749261113,0.62300000,2559.00000000,0.6225
1749261113,0.62310000,2396.00000000,0.6225
1749261113,0.62320000,2869.00000000,0.6225
1749261113,0.62330000,4595.00000000,0.6225
1749261113,0.62340000,1502.00000000,0.6225
1749261113,0.62350000,2832.00000000,0.6225
1749261113,0.62360000,4834.00000000,0.6225
1749261113,0.62370000,4264.00000000,0.6225
1749261113,0.62380000,10553.00000000,0.6225
1749261113,0.62390000,2291.00000000,0.6225
1749261113,0.62400000,1724.00000000,0.6225
1749261113,0.62410000,2121.00000000,0.6225
1749261113,0.62420000,3452.00000000,0.6225
1749261113,0.62430000,400.00000000,0.6225
1749261113,0.62440000,994.00000000,0.6225
1749261113,0.62450000,387.00000000,0.6225
1749261113,0.62460000,1919.00000000,0.6225
1749261113,0.62470000,387.00000000,0.6225
1749261113,0.62480000,994.00000000,0.6225
1749261113,0.62490000,400.00000000,0.6225
1749261113,0.62500000,1010.00000000,0.6225
1749261113,0.62510000,11.00000000,0.6225
1749261113,0.62520000,3694.00000000,0.6225
1749261113,0.62530000,1776.00000000,0.6225
1749261113,0.62540000,993.00000000,0.6225
1749261113,0.62550000,1303.00000000,0.6225
1749261113,0.62560000,1225.00000000,0.6225
1749261113,0.62570000,993.00000000,0.6225
1749261113,0.62580000,31.00000000,0.6225
1749261113,0.62590000,1450.00000000,0.6225
1749261113,0.62600000,2950.00000000,0.6225
1749261113,0.62610000,1009.00000000,0.6225
1749261113,0.62630000,1923.00000000,0.6225
1749261113,0.62640000,1008.00000000,0.6225
1749261113,0.62670000,1009.00000000,0.6225
1749261113,0.62690000,2365.00000000,0.6225
1749261113,0.62700000,730.00000000,0.6225
1749261113,0.62710000,1560.00000000,0.6225
1749261113,0.62730000,13.00000000,0.6225
1749261113,0.62750000,35.00000000,0.6225
1749261113,0.62760000,13.00000000,0.6225
1749261113,0.62790000,2271.00000000,0.6225
1749261113,0.62800000,1990.00000000,0.6225
1749261113,0.62820000,13.00000000,0.6225
1749261113,0.62830000,19.00000000,0.6225
1749261113,0.62850000,13.00000000,0.6225
1749261113,0.62870000,16.00000000,0.6225
1749261113,0.62880000,13.00000000,0.6225
1749261113,0.62910000,13.00000000,0.6225
1749261113,0.62920000,968.00000000,0.6225
1749261113,0.62940000,13.00000000,0.6225
1749261113,0.62960000,1885.00000000,0.6225
1749261113,0.62970000,28.00000000,0.6225
1749261113,0.63000000,13.00000000,0.6225
1749261113,0.63030000,13.00000000,0.6225
1749261113,0.63060000,241.00000000,0.6225
1749261113,0.63090000,13.00000000,0.6225
1749261113,0.63160000,9.00000000,0.6225
1749261113,0.63210000,4128.00000000,0.6225
1749261113,0.63250000,16.00000000,0.6225
1749261113,0.63280000,127.00000000,0.6225
1749261113,0.63290000,19.00000000,0.6225
1749261113,0.63410000,373.00000000,0.6225
1749261113,0.63510000,11.00000000,0.6225
1749261113,0.63630000,16.00000000,0.6225
1749261113,0.63680000,3153.00000000,0.6225
1749261113,0.63750000,19.00000000,0.6225
1749261113,0.63760000,380.00000000,0.6225
1749261113,0.63870000,34.00000000,0.6225
1749261113,0.63890000,1103.00000000,0.6225
1749261113,0.64000000,245.00000000,0.6225
1749261113,0.64010000,35.00000000,0.6225
1749261113,0.64020000,225.00000000,0.6225
1749261113,0.64090000,1163.00000000,0.6225
1749261113,0.64130000,15.00000000,0.6225
1749261113,0.64160000,1088.00000000,0.6225
1749261113,0.64190000,136.00000000,0.6225
1749261113,0.64200000,19.00000000,0.6225
1749261113,0.64230000,1627.00000000,0.6225
1749261113,0.64350000,402.00000000,0.6225
1749261113,0.64390000,16.00000000,0.6225
1749261113,0.64500000,50.00000000,0.6225
1749261113,0.64510000,11.00000000,0.6225
1749261113,0.64520000,9.00000000,0.6225
1749261113,0.64660000,19.00000000,0.6225
1749261113,0.64750000,9.00000000,0.6225
1749261113,0.64770000,16.00000000,0.6225
1749261113,0.64930000,1625.00000000,0.6225
1749261113,0.64960000,228.00000000,0.6225
1749261113,0.65000000,149.00000000,0.6225
1749261113,0.65010000,10.00000000,0.6225
1749261113,0.65080000,397.00000000,0.6225
1749261113,0.65150000,16.00000000,0.6225
1749261113,0.65280000,1779.00000000,0.6225
1749261113,0.65290000,5163.00000000,0.6225
1749261113,0.65500000,688.00000000,0.6225
1749261113,0.65510000,11.00000000,0.6225
1749261113,0.65530000,1637.00000000,0.6225
1749261431,0.62250000,68.00000000,0.6214
1749261431,0.62260000,1107.00000000,0.6214
1749261431,0.62270000,2129.00000000,0.6214
1749261431,0.62280000,840.00000000,0.6214
1749261431,0.62290000,2043.00000000,0.6214
1749261431,0.62300000,736.00000000,0.6214
1749261431,0.62310000,3194.00000000,0.6214
1749261431,0.62320000,5231.00000000,0.6214
1749261431,0.62330000,5061.00000000,0.6214
1749261431,0.62340000,2260.00000000,0.6214
1749261431,0.62350000,4731.00000000,0.6214
1749261431,0.62360000,3162.00000000,0.6214
1749261431,0.62370000,2546.00000000,0.6214
1749261431,0.62380000,4419.00000000,0.6214
1749261431,0.62390000,1008.00000000,0.6214
1749261431,0.62400000,2638.00000000,0.6214
1749261431,0.62410000,1765.00000000,0.6214
1749261431,0.62420000,1176.00000000,0.6214
1749261431,0.62430000,1008.00000000,0.6214
1749261431,0.62440000,608.00000000,0.6214
1749261431,0.62450000,387.00000000,0.6214
1749261431,0.62460000,1311.00000000,0.6214
1749261431,0.62470000,995.00000000,0.6214
1749261431,0.62480000,1170.00000000,0.6214
1749261431,0.62490000,400.00000000,0.6214
1749261431,0.62500000,403.00000000,0.6214
1749261431,0.62510000,1006.00000000,0.6214
1749261431,0.62520000,3694.00000000,0.6214
1749261431,0.62530000,995.00000000,0.6214
1749261431,0.62540000,2925.00000000,0.6214
1749261431,0.62550000,1273.00000000,0.6214
1749261431,0.62560000,608.00000000,0.6214
1749261431,0.62570000,387.00000000,0.6214
1749261431,0.62580000,1026.00000000,0.6214
1749261431,0.62590000,841.00000000,0.6214
1749261431,0.62600000,1250.00000000,0.6214
1749261431,0.62610000,400.00000000,0.6214
1749261431,0.62620000,995.00000000,0.6214
1749261431,0.62630000,1314.00000000,0.6214
1749261431,0.62640000,13.00000000,0.6214
1749261431,0.62650000,995.00000000,0.6214
1749261431,0.62660000,608.00000000,0.6214
1749261431,0.62670000,13.00000000,0.6214
1749261431,0.62680000,608.00000000,0.6214
1749261431,0.62690000,1370.00000000,0.6214
1749261431,0.62700000,730.00000000,0.6214
1749261431,0.62710000,79.00000000,0.6214
1749261431,0.62730000,13.00000000,0.6214
1749261431,0.62750000,35.00000000,0.6214
1749261431,0.62760000,13.00000000,0.6214
1749261431,0.62780000,2253.00000000,0.6214
1749261431,0.62790000,13.00000000,0.6214
1749261431,0.62800000,1990.00000000,0.6214
1749261431,0.62820000,13.00000000,0.6214
1749261431,0.62830000,19.00000000,0.6214
1749261431,0.62850000,13.00000000,0.6214
1749261431,0.62870000,16.00000000,0.6214
1749261431,0.62880000,13.00000000,0.6214
1749261431,0.62910000,13.00000000,0.6214
1749261431,0.62920000,968.00000000,0.6214
1749261431,0.62940000,13.00000000,0.6214
1749261431,0.62960000,1885.00000000,0.6214
1749261431,0.62970000,28.00000000,0.6214
1749261431,0.63000000,13.00000000,0.6214
1749261431,0.63030000,13.00000000,0.6214
1749261431,0.63060000,241.00000000,0.6214
1749261431,0.63090000,13.00000000,0.6214
1749261431,0.63160000,9.00000000,0.6214
1749261431,0.63210000,4128.00000000,0.6214
1749261431,0.63250000,16.00000000,0.6214
1749261431,0.63280000,127.00000000,0.6214
1749261431,0.63290000,19.00000000,0.6214
1749261431,0.63410000,373.00000000,0.6214
1749261431,0.63510000,11.00000000,0.6214
1749261431,0.63630000,16.00000000,0.6214
1749261431,0.63680000,3153.00000000,0.6214
1749261431,0.63730000,1103.00000000,0.6214
1749261431,0.63750000,19.00000000,0.6214
1749261431,0.63760000,380.00000000,0.6214
1749261431,0.63870000,34.00000000,0.6214
1749261431,0.64000000,245.00000000,0.6214
1749261431,0.64010000,35.00000000,0.6214
1749261431,0.64020000,225.00000000,0.6214
1749261431,0.64090000,1163.00000000,0.6214
1749261431,0.64130000,15.00000000,0.6214
1749261431,0.64160000,1088.00000000,0.6214
1749261431,0.64190000,136.00000000,0.6214
1749261431,0.64200000,19.00000000,0.6214
1749261431,0.64230000,1627.00000000,0.6214
1749261431,0.64350000,402.00000000,0.6214
1749261431,0.64390000,16.00000000,0.6214
1749261431,0.64500000,50.00000000,0.6214
1749261431,0.64510000,11.00000000,0.6214
1749261431,0.64520000,9.00000000,0.6214
1749261431,0.64660000,19.00000000,0.6214
1749261431,0.64750000,9.00000000,0.6214
1749261431,0.64770000,16.00000000,0.6214
1749261431,0.64930000,1625.00000000,0.6214
1749261431,0.64960000,228.00000000,0.6214
1749261431,0.65000000,149.00000000,0.6214
1749261742,0.62220000,90.00000000,0.6219
1749261742,0.62230000,68.00000000,0.6219
1749261742,0.62240000,508.00000000,0.6219
1749261742,0.62250000,1803.00000000,0.6219
1749261742,0.62260000,991.00000000,0.6219
1749261742,0.62270000,2622.00000000,0.6219
1749261742,0.62280000,3092.00000000,0.6219
1749261742,0.62290000,2879.00000000,0.6219
1749261742,0.62300000,4326.00000000,0.6219
1749261742,0.62310000,4988.00000000,0.6219
1749261742,0.62320000,1681.00000000,0.6219
1749261742,0.62330000,4076.00000000,0.6219
1749261742,0.62340000,3685.00000000,0.6219
1749261742,0.62350000,6121.00000000,0.6219
1749261742,0.62360000,6983.00000000,0.6219
1749261742,0.62370000,2968.00000000,0.6219
1749261742,0.62380000,387.00000000,0.6219
1749261742,0.62390000,4174.00000000,0.6219
1749261742,0.62400000,1304.00000000,0.6219
1749261742,0.62410000,2619.00000000,0.6219
1749261742,0.62420000,387.00000000,0.6219
1749261742,0.62430000,1791.00000000,0.6219
1749261742,0.62440000,2695.00000000,0.6219
1749261742,0.62450000,387.00000000,0.6219
1749261742,0.62460000,400.00000000,0.6219
1749261742,0.62470000,1922.00000000,0.6219
1749261742,0.62480000,387.00000000,0.6219
1749261742,0.62490000,400.00000000,0.6219
1749261742,0.62500000,403.00000000,0.6219
1749261742,0.62510000,1006.00000000,0.6219
1749261742,0.62520000,3694.00000000,0.6219
1749261742,0.62530000,995.00000000,0.6219
1749261742,0.62540000,1225.00000000,0.6219
1749261742,0.62550000,1273.00000000,0.6219
1749261742,0.62560000,995.00000000,0.6219
1749261742,0.62580000,1026.00000000,0.6219
1749261742,0.62590000,841.00000000,0.6219
1749261742,0.62600000,1250.00000000,0.6219
1749261742,0.62610000,622.00000000,0.6219
1749261742,0.62620000,608.00000000,0.6219
1749261742,0.62640000,13.00000000,0.6219
1749261742,0.62650000,608.00000000,0.6219
1749261742,0.62660000,608.00000000,0.6219
1749261742,0.62670000,2292.00000000,0.6219
1749261742,0.62680000,608.00000000,0.6219
1749261742,0.62690000,1370.00000000,0.6219
1749261742,0.62700000,730.00000000,0.6219
1749261742,0.62710000,79.00000000,0.6219
1749261742,0.62730000,13.00000000,0.6219
1749261742,0.62750000,35.00000000,0.6219
1749261742,0.62760000,13.00000000,0.6219
1749261742,0.62790000,13.00000000,0.6219
1749261742,0.62800000,1990.00000000,0.6219
1749261742,0.62820000,13.00000000,0.6219
1749261742,0.62830000,19.00000000,0.6219
1749261742,0.62850000,13.00000000,0.6219
1749261742,0.62870000,16.00000000,0.6219
1749261742,0.62880000,13.00000000,0.6219
1749261742,0.62910000,13.00000000,0.6219
1749261742,0.62920000,968.00000000,0.6219
1749261742,0.62940000,13.00000000,0.6219
1749261742,0.62960000,1885.00000000,0.6219
1749261742,0.62970000,28.00000000,0.6219
1749261742,0.63000000,13.00000000,0.6219
1749261742,0.63030000,13.00000000,0.6219
1749261742,0.63060000,241.00000000,0.6219
1749261742,0.63090000,13.00000000,0.6219
1749261742,0.63160000,9.00000000,0.6219
1749261742,0.63210000,4128.00000000,0.6219
1749261742,0.63250000,16.00000000,0.6219
1749261742,0.63280000,127.00000000,0.6219
1749261742,0.63290000,19.00000000,0.6219
1749261742,0.63410000,373.00000000,0.6219
1749261742,0.63510000,11.00000000,0.6219
1749261742,0.63630000,16.00000000,0.6219
1749261742,0.63680000,3153.00000000,0.6219
1749261742,0.63730000,1103.00000000,0.6219
1749261742,0.63750000,19.00000000,0.6219
1749261742,0.63760000,380.00000000,0.6219
1749261742,0.63870000,34.00000000,0.6219
1749261742,0.64000000,245.00000000,0.6219
1749261742,0.64010000,35.00000000,0.6219
1749261742,0.64020000,225.00000000,0.6219
1749261742,0.64090000,1163.00000000,0.6219
1749261742,0.64130000,15.00000000,0.6219
1749261742,0.64160000,1088.00000000,0.6219
1749261742,0.64190000,136.00000000,0.6219
1749261742,0.64200000,19.00000000,0.6219
1749261742,0.64230000,1627.00000000,0.6219
1749261742,0.64350000,402.00000000,0.6219
1749261742,0.64390000,16.00000000,0.6219
1749261742,0.64500000,50.00000000,0.6219
1749261742,0.64510000,11.00000000,0.6219
1749261742,0.64520000,9.00000000,0.6219
1749261742,0.64660000,19.00000000,0.6219
1749261742,0.64750000,9.00000000,0.6219
1749261742,0.64770000,16.00000000,0.6219
1749261742,0.64930000,1625.00000000,0.6219
1749261742,0.64960000,228.00000000,0.6219
1749261742,0.65000000,149.00000000,0.6219
1749262049,0.62230000,66.00000000,0.6218
1749262049,0.62240000,640.00000000,0.6218
1749262049,0.62250000,1869.00000000,0.6218
1749262049,0.62260000,791.00000000,0.6218
1749262049,0.62270000,3154.00000000,0.6218
1749262049,0.62280000,4372.00000000,0.6218
1749262049,0.62290000,2923.00000000,0.6218
1749262049,0.62300000,801.00000000,0.6218
1749262049,0.62310000,1789.00000000,0.6218
1749262049,0.62320000,4525.00000000,0.6218
1749262049,0.62330000,6550.00000000,0.6218
1749262049,0.62340000,7521.00000000,0.6218
1749262049,0.62350000,4734.00000000,0.6218
1749262049,0.62360000,5984.00000000,0.6218
1749262049,0.62370000,2842.00000000,0.6218
1749262049,0.62380000,1947.00000000,0.6218
1749262049,0.62390000,4398.00000000,0.6218
1749262049,0.62400000,533.00000000,0.6218
1749262049,0.62410000,995.00000000,0.6218
1749262049,0.62420000,387.00000000,0.6218
1749262049,0.62430000,1008.00000000,0.6218
1749262049,0.62440000,4341.00000000,0.6218
1749262049,0.62450000,387.00000000,0.6218
1749262049,0.62460000,400.00000000,0.6218
1749262049,0.62470000,1922.00000000,0.6218
1749262049,0.62480000,995.00000000,0.6218
1749262049,0.62490000,400.00000000,0.6218
1749262049,0.62500000,16.00000000,0.6218
1749262049,0.62510000,1006.00000000,0.6218
1749262049,0.62520000,2865.00000000,0.6218
1749262049,0.62530000,2365.00000000,0.6218
1749262049,0.62540000,1834.00000000,0.6218
1749262049,0.62550000,13.00000000,0.6218
1749262049,0.62560000,995.00000000,0.6218
1749262049,0.62580000,1026.00000000,0.6218
1749262049,0.62590000,841.00000000,0.6218
1749262049,0.62610000,1088.00000000,0.6218
1749262049,0.62620000,995.00000000,0.6218
1749262049,0.62640000,2390.00000000,0.6218
1749262049,0.62650000,608.00000000,0.6218
1749262049,0.62660000,2886.00000000,0.6218
1749262049,0.62670000,13.00000000,0.6218
1749262049,0.62680000,608.00000000,0.6218
1749262049,0.62700000,730.00000000,0.6218
1749262049,0.62730000,13.00000000,0.6218
1749262049,0.62750000,35.00000000,0.6218
1749262049,0.62760000,13.00000000,0.6218
1749262049,0.62790000,13.00000000,0.6218
1749262049,0.62820000,13.00000000,0.6218
1749262049,0.62830000,19.00000000,0.6218
1749262049,0.62850000,13.00000000,0.6218
1749262049,0.62870000,16.00000000,0.6218
1749262049,0.62880000,13.00000000,0.6218
1749262049,0.62910000,13.00000000,0.6218
1749262049,0.62920000,968.00000000,0.6218
1749262049,0.62940000,13.00000000,0.6218
1749262049,0.62960000,1885.00000000,0.6218
1749262049,0.62970000,28.00000000,0.6218
1749262049,0.63000000,13.00000000,0.6218
1749262049,0.63030000,13.00000000,0.6218
1749262049,0.63060000,241.00000000,0.6218
1749262049,0.63090000,13.00000000,0.6218
1749262049,0.63160000,9.00000000,0.6218
1749262049,0.63210000,4128.00000000,0.6218
1749262049,0.63250000,16.00000000,0.6218
1749262049,0.63280000,127.00000000,0.6218
1749262049,0.63290000,19.00000000,0.6218
1749262049,0.63410000,373.00000000,0.6218
1749262049,0.63510000,11.00000000,0.6218
1749262049,0.63630000,16.00000000,0.6218
1749262049,0.63680000,3153.00000000,0.6218
1749262049,0.63730000,1103.00000000,0.6218
1749262049,0.63750000,19.00000000,0.6218
1749262049,0.63760000,380.00000000,0.6218
1749262049,0.63870000,34.00000000,0.6218
1749262049,0.64000000,245.00000000,0.6218
1749262049,0.64010000,35.00000000,0.6218
1749262049,0.64020000,225.00000000,0.6218
1749262049,0.64090000,1163.00000000,0.6218
1749262049,0.64130000,15.00000000,0.6218
1749262049,0.64160000,1088.00000000,0.6218
1749262049,0.64190000,136.00000000,0.6218
1749262049,0.64200000,19.00000000,0.6218
1749262049,0.64230000,1627.00000000,0.6218
1749262049,0.64350000,402.00000000,0.6218
1749262049,0.64390000,16.00000000,0.6218
1749262049,0.64500000,50.00000000,0.6218
1749262049,0.64510000,11.00000000,0.6218
1749262049,0.64520000,9.00000000,0.6218
1749262049,0.64660000,19.00000000,0.6218
1749262049,0.64750000,9.00000000,0.6218
1749262049,0.64760000,1625.00000000,0.6218
1749262049,0.64770000,16.00000000,0.6218
1749262049,0.64960000,228.00000000,0.6218
1749262049,0.65000000,149.00000000,0.6218
1749262049,0.65010000,10.00000000,0.6218
1749262049,0.65080000,397.00000000,0.6218
1749262049,0.65150000,16.00000000,0.6218
1749262049,0.65280000,1779.00000000,0.6218
1749262049,0.65290000,5163.00000000,0.6218
1749262351,0.62320000,594.00000000,0.6233
1749262351,0.62330000,3267.00000000,0.6233
1749262351,0.62340000,8113.00000000,0.6233
1749262351,0.62350000,5833.00000000,0.6233
1749262351,0.62360000,1173.00000000,0.6233
1749262351,0.62370000,1132.00000000,0.6233
1749262351,0.62380000,3580.00000000,0.6233
1749262351,0.62390000,2858.00000000,0.6233
1749262351,0.62400000,7764.00000000,0.6233
1749262351,0.62410000,2424.00000000,0.6233
1749262351,0.62420000,2016.00000000,0.6233
1749262351,0.62430000,3051.00000000,0.6233
1749262351,0.62440000,4005.00000000,0.6233
1749262351,0.62450000,1170.00000000,0.6233
1749262351,0.62460000,990.00000000,0.6233
1749262351,0.62470000,1935.00000000,0.6233
1749262351,0.62480000,1492.00000000,0.6233
1749262351,0.62490000,1150.00000000,0.6233
1749262351,0.62500000,1306.00000000,0.6233
1749262351,0.62510000,1903.00000000,0.6233
1749262351,0.62520000,3694.00000000,0.6233
1749262351,0.62530000,2365.00000000,0.6233
1749262351,0.62540000,996.00000000,0.6233
1749262351,0.62550000,1273.00000000,0.6233
1749262351,0.62560000,995.00000000,0.6233
1749262351,0.62570000,387.00000000,0.6233
1749262351,0.62580000,1809.00000000,0.6233
1749262351,0.62590000,387.00000000,0.6233
1749262351,0.62610000,1088.00000000,0.6233
1749262351,0.62620000,2695.00000000,0.6233
1749262351,0.62640000,3228.00000000,0.6233
1749262351,0.62650000,995.00000000,0.6233
1749262351,0.62660000,995.00000000,0.6233
1749262351,0.62670000,13.00000000,0.6233
1749262351,0.62680000,995.00000000,0.6233
1749262351,0.62700000,400.00000000,0.6233
1749262351,0.62730000,13.00000000,0.6233
1749262351,0.62750000,1030.00000000,0.6233
1749262351,0.62760000,1007.00000000,0.6233
1749262351,0.62770000,2265.00000000,0.6233
1749262351,0.62780000,454.00000000,0.6233
1749262351,0.62790000,13.00000000,0.6233
1749262351,0.62820000,13.00000000,0.6233
1749262351,0.62830000,19.00000000,0.6233
1749262351,0.62850000,13.00000000,0.6233
1749262351,0.62870000,16.00000000,0.6233
1749262351,0.62880000,13.00000000,0.6233
1749262351,0.62910000,13.00000000,0.6233
1749262351,0.62920000,968.00000000,0.6233
1749262351,0.62940000,13.00000000,0.6233
1749262351,0.62960000,1885.00000000,0.6233
1749262351,0.62970000,745.00000000,0.6233
1749262351,0.63000000,13.00000000,0.6233
1749262351,0.63030000,13.00000000,0.6233
1749262351,0.63060000,241.00000000,0.6233
1749262351,0.63090000,13.00000000,0.6233
1749262351,0.63160000,9.00000000,0.6233
1749262351,0.63210000,4128.00000000,0.6233
1749262351,0.63250000,16.00000000,0.6233
1749262351,0.63280000,127.00000000,0.6233
1749262351,0.63290000,19.00000000,0.6233
1749262351,0.63410000,373.00000000,0.6233
1749262351,0.63510000,11.00000000,0.6233
1749262351,0.63630000,16.00000000,0.6233
1749262351,0.63680000,3153.00000000,0.6233
1749262351,0.63750000,19.00000000,0.6233
1749262351,0.63760000,380.00000000,0.6233
1749262351,0.63870000,34.00000000,0.6233
1749262351,0.63890000,1103.00000000,0.6233
1749262351,0.64000000,245.00000000,0.6233
1749262351,0.64010000,35.00000000,0.6233
1749262351,0.64020000,225.00000000,0.6233
1749262351,0.64090000,1163.00000000,0.6233
1749262351,0.64130000,15.00000000,0.6233
1749262351,0.64160000,1088.00000000,0.6233
1749262351,0.64190000,136.00000000,0.6233
1749262351,0.64200000,19.00000000,0.6233
1749262351,0.64230000,1627.00000000,0.6233
1749262351,0.64350000,402.00000000,0.6233
1749262351,0.64390000,16.00000000,0.6233
1749262351,0.64500000,50.00000000,0.6233
1749262351,0.64510000,11.00000000,0.6233
1749262351,0.64520000,9.00000000,0.6233
1749262351,0.64660000,19.00000000,0.6233
1749262351,0.64750000,9.00000000,0.6233
1749262351,0.64770000,16.00000000,0.6233
1749262351,0.64930000,1625.00000000,0.6233
1749262351,0.64960000,228.00000000,0.6233
1749262351,0.65000000,149.00000000,0.6233
1749262351,0.65010000,10.00000000,0.6233
1749262351,0.65080000,397.00000000,0.6233
1749262351,0.65150000,16.00000000,0.6233
1749262351,0.65280000,1875.00000000,0.6233
1749262351,0.65290000,5163.00000000,0.6233
1749262351,0.65360000,1621.00000000,0.6233
1749262351,0.65500000,688.00000000,0.6233
1749262351,0.65510000,11.00000000,0.6233
1749262351,0.65530000,16.00000000,0.6233
1749262351,0.65640000,391.00000000,0.6233
1749262351,0.65900000,16.00000000,0.6233
1749262652,0.62340000,1180.00000000,0.6229
1749262652,0.62350000,818.00000000,0.6229
1749262652,0.62360000,2413.00000000,0.6229
1749262652,0.62370000,4055.00000000,0.6229
1749262652,0.62380000,1524.00000000,0.6229
1749262652,0.62390000,1374.00000000,0.6229
1749262652,0.62400000,1771.00000000,0.6229
1749262652,0.62410000,4023.00000000,0.6229
1749262652,0.62420000,5927.00000000,0.6229
1749262652,0.62430000,6478.00000000,0.6229
1749262652,0.62440000,5506.00000000,0.6229
1749262652,0.62450000,2186.00000000,0.6229
1749262652,0.62460000,2050.00000000,0.6229
1749262652,0.62470000,1008.00000000,0.6229
1749262652,0.62480000,6528.00000000,0.6229
1749262652,0.62490000,1163.00000000,0.6229
1749262652,0.62500000,2998.00000000,0.6229
1749262652,0.62510000,1006.00000000,0.6229
1749262652,0.62520000,1229.00000000,0.6229
1749262652,0.62530000,995.00000000,0.6229
1749262652,0.62540000,996.00000000,0.6229
1749262652,0.62550000,2973.00000000,0.6229
1749262652,0.62560000,995.00000000,0.6229
1749262652,0.62570000,387.00000000,0.6229
1749262652,0.62580000,1809.00000000,0.6229
1749262652,0.62590000,387.00000000,0.6229
1749262652,0.62600000,1250.00000000,0.6229
1749262652,0.62610000,1009.00000000,0.6229
1749262652,0.62620000,995.00000000,0.6229
1749262652,0.62630000,1314.00000000,0.6229
1749262652,0.62640000,1238.00000000,0.6229
1749262652,0.62650000,995.00000000,0.6229
1749262652,0.62660000,995.00000000,0.6229
1749262652,0.62670000,13.00000000,0.6229
1749262652,0.62680000,3460.00000000,0.6229
1749262652,0.62690000,1757.00000000,0.6229
1749262652,0.62700000,13.00000000,0.6229
1749262652,0.62710000,994.00000000,0.6229
1749262652,0.62720000,79.00000000,0.6229
1749262652,0.62730000,13.00000000,0.6229
1749262652,0.62750000,1062.00000000,0.6229
1749262652,0.62760000,620.00000000,0.6229
1749262652,0.62790000,620.00000000,0.6229
1749262652,0.62800000,1990.00000000,0.6229
1749262652,0.62820000,13.00000000,0.6229
1749262652,0.62830000,19.00000000,0.6229
1749262652,0.62850000,13.00000000,0.6229
1749262652,0.62870000,16.00000000,0.6229
1749262652,0.62880000,2252.00000000,0.6229
1749262652,0.62910000,13.00000000,0.6229
1749262652,0.62920000,968.00000000,0.6229
1749262652,0.62940000,13.00000000,0.6229
1749262652,0.62960000,1885.00000000,0.6229
1749262652,0.62970000,745.00000000,0.6229
1749262652,0.63000000,13.00000000,0.6229
1749262652,0.63030000,13.00000000,0.6229
1749262652,0.63060000,241.00000000,0.6229
1749262652,0.63090000,13.00000000,0.6229
1749262652,0.63150000,35.00000000,0.6229
1749262652,0.63160000,9.00000000,0.6229
1749262652,0.63250000,16.00000000,0.6229
1749262652,0.63280000,127.00000000,0.6229
1749262652,0.63290000,19.00000000,0.6229
1749262652,0.63410000,373.00000000,0.6229
1749262652,0.63430000,4179.00000000,0.6229
1749262652,0.63510000,11.00000000,0.6229
1749262652,0.63630000,16.00000000,0.6229
1749262652,0.63750000,19.00000000,0.6229
1749262652,0.63760000,380.00000000,0.6229
1749262652,0.63840000,3153.00000000,0.6229
1749262652,0.63870000,34.00000000,0.6229
1749262652,0.63890000,1103.00000000,0.6229
1749262652,0.64000000,245.00000000,0.6229
1749262652,0.64010000,35.00000000,0.6229
1749262652,0.64020000,225.00000000,0.6229
1749262652,0.64090000,1163.00000000,0.6229
1749262652,0.64130000,15.00000000,0.6229
1749262652,0.64160000,1088.00000000,0.6229
1749262652,0.64190000,136.00000000,0.6229
1749262652,0.64200000,19.00000000,0.6229
1749262652,0.64230000,1627.00000000,0.6229
1749262652,0.64350000,402.00000000,0.6229
1749262652,0.64390000,16.00000000,0.6229
1749262652,0.64500000,50.00000000,0.6229
1749262652,0.64510000,11.00000000,0.6229
1749262652,0.64520000,9.00000000,0.6229
1749262652,0.64660000,19.00000000,0.6229
1749262652,0.64750000,9.00000000,0.6229
1749262652,0.64770000,16.00000000,0.6229
1749262652,0.64930000,1625.00000000,0.6229
1749262652,0.64960000,228.00000000,0.6229
1749262652,0.65000000,149.00000000,0.6229
1749262652,0.65010000,10.00000000,0.6229
1749262652,0.65080000,397.00000000,0.6229
1749262652,0.65150000,16.00000000,0.6229
1749262652,0.65280000,1711.00000000,0.6229
1749262652,0.65290000,5163.00000000,0.6229
1749262652,0.65500000,688.00000000,0.6229
1749262652,0.65510000,11.00000000,0.6229
1749262652,0.65530000,1637.00000000,0.6229
1749262955,0.62310000,889.00000000,0.6231
1749262955,0.62320000,1210.00000000,0.6231
1749262955,0.62330000,2481.00000000,0.6231
1749262955,0.62340000,2472.00000000,0.6231
1749262955,0.62350000,1856.00000000,0.6231
1749262955,0.62360000,1956.00000000,0.6231
1749262955,0.62370000,5500.00000000,0.6231
1749262955,0.62380000,4336.00000000,0.6231
1749262955,0.62390000,9010.00000000,0.6231
1749262955,0.62400000,2130.00000000,0.6231
1749262955,0.62410000,1415.00000000,0.6231
1749262955,0.62420000,4847.00000000,0.6231
1749262955,0.62430000,4027.00000000,0.6231
1749262955,0.62440000,4090.00000000,0.6231
1749262955,0.62450000,3266.00000000,0.6231
1749262955,0.62460000,2059.00000000,0.6231
1749262955,0.62470000,3130.00000000,0.6231
1749262955,0.62480000,1753.00000000,0.6231
1749262955,0.62490000,1150.00000000,0.6231
1749262955,0.62500000,2218.00000000,0.6231
1749262955,0.62510000,1006.00000000,0.6231
1749262955,0.62520000,400.00000000,0.6231
1749262955,0.62530000,995.00000000,0.6231
1749262955,0.62540000,996.00000000,0.6231
1749262955,0.62550000,400.00000000,0.6231
1749262955,0.62560000,995.00000000,0.6231
1749262955,0.62570000,1170.00000000,0.6231
1749262955,0.62580000,1026.00000000,0.6231
1749262955,0.62590000,387.00000000,0.6231
1749262955,0.62600000,1250.00000000,0.6231
1749262955,0.62610000,1009.00000000,0.6231
1749262955,0.62620000,995.00000000,0.6231
1749262955,0.62630000,1314.00000000,0.6231
1749262955,0.62640000,1317.00000000,0.6231
1749262955,0.62650000,995.00000000,0.6231
1749262955,0.62660000,2695.00000000,0.6231
1749262955,0.62670000,13.00000000,0.6231
1749262955,0.62680000,3902.00000000,0.6231
1749262955,0.62690000,1757.00000000,0.6231
1749262955,0.62700000,13.00000000,0.6231
1749262955,0.62710000,1867.00000000,0.6231
1749262955,0.62730000,13.00000000,0.6231
1749262955,0.62750000,1449.00000000,0.6231
1749262955,0.62760000,1007.00000000,0.6231
1749262955,0.62770000,2226.00000000,0.6231
1749262955,0.62790000,620.00000000,0.6231
1749262955,0.62800000,1990.00000000,0.6231
1749262955,0.62810000,607.00000000,0.6231
1749262955,0.62820000,13.00000000,0.6231
1749262955,0.62830000,19.00000000,0.6231
1749262955,0.62850000,13.00000000,0.6231
1749262955,0.62870000,16.00000000,0.6231
1749262955,0.62880000,13.00000000,0.6231
1749262955,0.62910000,13.00000000,0.6231
1749262955,0.62920000,968.00000000,0.6231
1749262955,0.62940000,13.00000000,0.6231
1749262955,0.62960000,1885.00000000,0.6231
1749262955,0.62970000,745.00000000,0.6231
1749262955,0.63000000,13.00000000,0.6231
1749262955,0.63030000,13.00000000,0.6231
1749262955,0.63060000,241.00000000,0.6231
1749262955,0.63090000,13.00000000,0.6231
1749262955,0.63150000,35.00000000,0.6231
1749262955,0.63160000,9.00000000,0.6231
1749262955,0.63250000,16.00000000,0.6231
1749262955,0.63280000,127.00000000,0.6231
1749262955,0.63290000,19.00000000,0.6231
1749262955,0.63410000,373.00000000,0.6231
1749262955,0.63430000,4179.00000000,0.6231
1749262955,0.63510000,11.00000000,0.6231
1749262955,0.63630000,16.00000000,0.6231
1749262955,0.63750000,19.00000000,0.6231
1749262955,0.63760000,380.00000000,0.6231
1749262955,0.63840000,3153.00000000,0.6231
1749262955,0.63870000,34.00000000,0.6231
1749262955,0.63890000,1103.00000000,0.6231
1749262955,0.64000000,245.00000000,0.6231
1749262955,0.64010000,35.00000000,0.6231
1749262955,0.64020000,225.00000000,0.6231
1749262955,0.64090000,1163.00000000,0.6231
1749262955,0.64130000,15.00000000,0.6231
1749262955,0.64160000,1088.00000000,0.6231
1749262955,0.64190000,136.00000000,0.6231
1749262955,0.64200000,19.00000000,0.6231
1749262955,0.64230000,1627.00000000,0.6231
1749262955,0.64350000,402.00000000,0.6231
1749262955,0.64390000,16.00000000,0.6231
1749262955,0.64500000,50.00000000,0.6231
1749262955,0.64510000,11.00000000,0.6231
1749262955,0.64520000,9.00000000,0.6231
1749262955,0.64660000,19.00000000,0.6231
1749262955,0.64750000,9.00000000,0.6231
1749262955,0.64770000,16.00000000,0.6231
1749262955,0.64930000,1625.00000000,0.6231
1749262955,0.64960000,228.00000000,0.6231
1749262955,0.65000000,149.00000000,0.6231
1749262955,0.65010000,10.00000000,0.6231
1749262955,0.65080000,397.00000000,0.6231
1749262955,0.65150000,16.00000000,0.6231
1749262955,0.65280000,1711.00000000,0.6231
1749263262,0.62420000,68.00000000,0.6241
1749263262,0.62430000,68.00000000,0.6241
1749263262,0.62440000,1389.00000000,0.6241
1749263262,0.62450000,2906.00000000,0.6241
1749263262,0.62460000,971.00000000,0.6241
1749263262,0.62470000,2617.00000000,0.6241
1749263262,0.62480000,4416.00000000,0.6241
1749263262,0.62490000,2476.00000000,0.6241
1749263262,0.62500000,4293.00000000,0.6241
1749263262,0.62510000,4013.00000000,0.6241
1749263262,0.62520000,4951.00000000,0.6241
1749263262,0.62530000,2034.00000000,0.6241
1749263262,0.62540000,3662.00000000,0.6241
1749263262,0.62550000,4187.00000000,0.6241
1749263262,0.62560000,4687.00000000,0.6241
1749263262,0.62570000,3717.00000000,0.6241
1749263262,0.62580000,1747.00000000,0.6241
1749263262,0.62590000,1961.00000000,0.6241
1749263262,0.62600000,1396.00000000,0.6241
1749263262,0.62610000,1022.00000000,0.6241
1749263262,0.62620000,1905.00000000,0.6241
1749263262,0.62630000,1314.00000000,0.6241
1749263262,0.62640000,400.00000000,0.6241
1749263262,0.62650000,995.00000000,0.6241
1749263262,0.62660000,995.00000000,0.6241
1749263262,0.62670000,796.00000000,0.6241
1749263262,0.62680000,3902.00000000,0.6241
1749263262,0.62690000,1757.00000000,0.6241
1749263262,0.62700000,13.00000000,0.6241
1749263262,0.62710000,1867.00000000,0.6241
1749263262,0.62730000,1007.00000000,0.6241
1749263262,0.62740000,1304.00000000,0.6241
1749263262,0.62750000,3149.00000000,0.6241
1749263262,0.62760000,1007.00000000,0.6241
1749263262,0.62770000,387.00000000,0.6241
1749263262,0.62790000,1007.00000000,0.6241
1749263262,0.62800000,2377.00000000,0.6241
1749263262,0.62810000,994.00000000,0.6241
1749263262,0.62820000,13.00000000,0.6241
1749263262,0.62830000,626.00000000,0.6241
1749263262,0.62840000,387.00000000,0.6241
1749263262,0.62850000,13.00000000,0.6241
1749263262,0.62870000,1010.00000000,0.6241
1749263262,0.62880000,1006.00000000,0.6241
1749263262,0.62890000,2672.00000000,0.6241
1749263262,0.62910000,1006.00000000,0.6241
1749263262,0.62920000,1355.00000000,0.6241
1749263262,0.62940000,13.00000000,0.6241
1749263262,0.62960000,2272.00000000,0.6241
1749263262,0.62970000,1132.00000000,0.6241
1749263262,0.63000000,13.00000000,0.6241
1749263262,0.63030000,13.00000000,0.6241
1749263262,0.63060000,241.00000000,0.6241
1749263262,0.63090000,13.00000000,0.6241
1749263262,0.63150000,35.00000000,0.6241
1749263262,0.63160000,9.00000000,0.6241
1749263262,0.63250000,16.00000000,0.6241
1749263262,0.63280000,127.00000000,0.6241
1749263262,0.63290000,19.00000000,0.6241
1749263262,0.63410000,373.00000000,0.6241
1749263262,0.63430000,4179.00000000,0.6241
1749263262,0.63510000,11.00000000,0.6241
1749263262,0.63630000,16.00000000,0.6241
1749263262,0.63750000,19.00000000,0.6241
1749263262,0.63840000,3153.00000000,0.6241
1749263262,0.63870000,34.00000000,0.6241
1749263262,0.63890000,1103.00000000,0.6241
1749263262,0.63930000,380.00000000,0.6241
1749263262,0.64000000,245.00000000,0.6241
1749263262,0.64010000,35.00000000,0.6241
1749263262,0.64020000,225.00000000,0.6241
1749263262,0.64130000,15.00000000,0.6241
1749263262,0.64190000,136.00000000,0.6241
1749263262,0.64200000,19.00000000,0.6241
1749263262,0.64300000,1163.00000000,0.6241
1749263262,0.64340000,1088.00000000,0.6241
1749263262,0.64390000,16.00000000,0.6241
1749263262,0.64400000,1627.00000000,0.6241
1749263262,0.64500000,50.00000000,0.6241
1749263262,0.64510000,11.00000000,0.6241
1749263262,0.64520000,9.00000000,0.6241
1749263262,0.64540000,402.00000000,0.6241
1749263262,0.64660000,19.00000000,0.6241
1749263262,0.64750000,9.00000000,0.6241
1749263262,0.64770000,16.00000000,0.6241
1749263262,0.64930000,1625.00000000,0.6241
1749263262,0.64960000,228.00000000,0.6241
1749263262,0.65000000,149.00000000,0.6241
1749263262,0.65010000,10.00000000,0.6241
1749263262,0.65150000,16.00000000,0.6241
1749263262,0.65250000,397.00000000,0.6241
1749263262,0.65280000,1711.00000000,0.6241
1749263262,0.65290000,5163.00000000,0.6241
1749263262,0.65500000,688.00000000,0.6241
1749263262,0.65510000,11.00000000,0.6241
1749263262,0.65530000,1637.00000000,0.6241
1749263262,0.65640000,391.00000000,0.6241
1749263262,0.65900000,16.00000000,0.6241
1749263262,0.65930000,228.00000000,0.6241
1749263262,0.65980000,164.00000000,0.6241
1749263568,0.62450000,62.00000000,0.624
1749263568,0.62460000,88.00000000,0.624
1749263568,0.62470000,462.00000000,0.624
1749263568,0.62480000,868.00000000,0.624
1749263568,0.62490000,2316.00000000,0.624
1749263568,0.62500000,1797.00000000,0.624
1749263568,0.62510000,1400.00000000,0.624
1749263568,0.62520000,3583.00000000,0.624
1749263568,0.62530000,3659.00000000,0.624
1749263568,0.62540000,5347.00000000,0.624
1749263568,0.62550000,1267.00000000,0.624
1749263568,0.62560000,2449.00000000,0.624
1749263568,0.62570000,2236.00000000,0.624
1749263568,0.62580000,1299.00000000,0.624
1749263568,0.62590000,689.00000000,0.624
1749263568,0.62600000,1004.00000000,0.624
1749263568,0.62610000,399.00000000,0.624
1749263568,0.62620000,993.00000000,0.624
1749263568,0.62630000,2043.00000000,0.624
1749263568,0.62640000,1004.00000000,0.624
1749263568,0.62650000,520.00000000,0.624
1749263568,0.62660000,1775.00000000,0.624
1749263568,0.62670000,400.00000000,0.624
1749263568,0.62680000,4986.00000000,0.624
1749263568,0.62690000,992.00000000,0.624
1749263568,0.62700000,400.00000000,0.624
1749263568,0.62710000,1865.00000000,0.624
1749263568,0.62720000,1002.00000000,0.624
1749263568,0.62730000,1844.00000000,0.624
1749263568,0.62740000,387.00000000,0.624
1749263568,0.62750000,2693.00000000,0.624
1749263568,0.62760000,1005.00000000,0.624
1749263568,0.62770000,841.00000000,0.624
1749263568,0.62780000,993.00000000,0.624
1749263568,0.62790000,13.00000000,0.624
1749263568,0.62800000,2377.00000000,0.624
1749263568,0.62810000,993.00000000,0.624
1749263568,0.62820000,13.00000000,0.624
1749263568,0.62830000,625.00000000,0.624
1749263568,0.62840000,79.00000000,0.624
1749263568,0.62850000,618.00000000,0.624
1749263568,0.62860000,1976.00000000,0.624
1749263568,0.62870000,16.00000000,0.624
1749263568,0.62880000,13.00000000,0.624
1749263568,0.62890000,605.00000000,0.624
1749263568,0.62900000,605.00000000,0.624
1749263568,0.62910000,13.00000000,0.624
1749263568,0.62920000,968.00000000,0.624
1749263568,0.62940000,13.00000000,0.624
1749263568,0.62950000,605.00000000,0.624
1749263568,0.62960000,605.00000000,0.624
1749263568,0.62970000,745.00000000,0.624
1749263568,0.62990000,2284.00000000,0.624
1749263568,0.63000000,13.00000000,0.624
1749263568,0.63030000,13.00000000,0.624
1749263568,0.63050000,606.00000000,0.624
1749263568,0.63060000,241.00000000,0.624
1749263568,0.63090000,13.00000000,0.624
1749263568,0.63120000,13.00000000,0.624
1749263568,0.63150000,48.00000000,0.624
1749263568,0.63160000,9.00000000,0.624
1749263568,0.63180000,13.00000000,0.624
1749263568,0.63210000,1897.00000000,0.624
1749263568,0.63240000,12.00000000,0.624
1749263568,0.63250000,16.00000000,0.624
1749263568,0.63280000,127.00000000,0.624
1749263568,0.63290000,19.00000000,0.624
1749263568,0.63410000,373.00000000,0.624
1749263568,0.63430000,4085.00000000,0.624
1749263568,0.63510000,11.00000000,0.624
1749263568,0.63630000,16.00000000,0.624
1749263568,0.63750000,19.00000000,0.624
1749263568,0.63840000,3162.00000000,0.624
1749263568,0.63870000,34.00000000,0.624
1749263568,0.63930000,380.00000000,0.624
1749263568,0.63940000,1103.00000000,0.624
1749263568,0.64000000,245.00000000,0.624
1749263568,0.64010000,35.00000000,0.624
1749263568,0.64020000,225.00000000,0.624
1749263568,0.64130000,15.00000000,0.624
1749263568,0.64190000,136.00000000,0.624
1749263568,0.64200000,19.00000000,0.624
1749263568,0.64300000,1163.00000000,0.624
1749263568,0.64340000,1088.00000000,0.624
1749263568,0.64390000,16.00000000,0.624
1749263568,0.64400000,1627.00000000,0.624
1749263568,0.64500000,50.00000000,0.624
1749263568,0.64510000,11.00000000,0.624
1749263568,0.64520000,9.00000000,0.624
1749263568,0.64540000,402.00000000,0.624
1749263568,0.64660000,19.00000000,0.624
1749263568,0.64750000,9.00000000,0.624
1749263568,0.64770000,16.00000000,0.624
1749263568,0.64960000,228.00000000,0.624
1749263568,0.65000000,149.00000000,0.624
1749263568,0.65010000,10.00000000,0.624
1749263568,0.65150000,16.00000000,0.624
1749263568,0.65160000,1625.00000000,0.624
1749263568,0.65250000,397.00000000,0.624
1749263568,0.65280000,1615.00000000,0.624
1749263870,0.62650000,56.00000000,0.6263
1749263870,0.62660000,1000.00000000,0.6263
1749263870,0.62670000,3984.00000000,0.6263
1749263870,0.62680000,7991.00000000,0.6263
1749263870,0.62690000,4600.00000000,0.6263
1749263870,0.62700000,6269.00000000,0.6263
1749263870,0.62710000,3158.00000000,0.6263
1749263870,0.62720000,1478.00000000,0.6263
1749263870,0.62730000,2005.00000000,0.6263
1749263870,0.62740000,764.00000000,0.6263
1749263870,0.62750000,1801.00000000,0.6263
1749263870,0.62760000,1904.00000000,0.6263
1749263870,0.62770000,711.00000000,0.6263
1749263870,0.62780000,1079.00000000,0.6263
1749263870,0.62790000,533.00000000,0.6263
1749263870,0.62800000,2377.00000000,0.6263
1749263870,0.62810000,993.00000000,0.6263
1749263870,0.62820000,13.00000000,0.6263
1749263870,0.62830000,1012.00000000,0.6263
1749263870,0.62840000,2087.00000000,0.6263
1749263870,0.62850000,1404.00000000,0.6263
1749263870,0.62860000,3395.00000000,0.6263
1749263870,0.62870000,16.00000000,0.6263
1749263870,0.62880000,13.00000000,0.6263
1749263870,0.62890000,992.00000000,0.6263
1749263870,0.62900000,992.00000000,0.6263
1749263870,0.62910000,1637.00000000,0.6263
1749263870,0.62920000,2193.00000000,0.6263
1749263870,0.62940000,13.00000000,0.6263
1749263870,0.62950000,992.00000000,0.6263
1749263870,0.62960000,992.00000000,0.6263
1749263870,0.62970000,415.00000000,0.6263
1749263870,0.62990000,993.00000000,0.6263
1749263870,0.63000000,13.00000000,0.6263
1749263870,0.63030000,618.00000000,0.6263
1749263870,0.63040000,466.00000000,0.6263
1749263870,0.63050000,993.00000000,0.6263
1749263870,0.63060000,628.00000000,0.6263
1749263870,0.63090000,13.00000000,0.6263
1749263870,0.63100000,2624.00000000,0.6263
1749263870,0.63120000,13.00000000,0.6263
1749263870,0.63150000,48.00000000,0.6263
1749263870,0.63160000,396.00000000,0.6263
1749263870,0.63180000,13.00000000,0.6263
1749263870,0.63190000,717.00000000,0.6263
1749263870,0.63210000,1897.00000000,0.6263
1749263870,0.63240000,12.00000000,0.6263
1749263870,0.63250000,16.00000000,0.6263
1749263870,0.63270000,12.00000000,0.6263
1749263870,0.63280000,127.00000000,0.6263
1749263870,0.63290000,19.00000000,0.6263
1749263870,0.63410000,373.00000000,0.6263
1749263870,0.63510000,11.00000000,0.6263
1749263870,0.63630000,16.00000000,0.6263
1749263870,0.63650000,4157.00000000,0.6263
1749263870,0.63750000,19.00000000,0.6263
1749263870,0.63840000,9.00000000,0.6263
1749263870,0.63870000,34.00000000,0.6263
1749263870,0.63930000,380.00000000,0.6263
1749263870,0.64000000,3398.00000000,0.6263
1749263870,0.64010000,35.00000000,0.6263
1749263870,0.64020000,225.00000000,0.6263
1749263870,0.64130000,15.00000000,0.6263
1749263870,0.64150000,1103.00000000,0.6263
1749263870,0.64190000,136.00000000,0.6263
1749263870,0.64200000,19.00000000,0.6263
1749263870,0.64340000,1088.00000000,0.6263
1749263870,0.64390000,16.00000000,0.6263
1749263870,0.64400000,1627.00000000,0.6263
1749263870,0.64470000,1163.00000000,0.6263
1749263870,0.64500000,50.00000000,0.6263
1749263870,0.64510000,11.00000000,0.6263
1749263870,0.64520000,9.00000000,0.6263
1749263870,0.64540000,402.00000000,0.6263
1749263870,0.64660000,19.00000000,0.6263
1749263870,0.64750000,9.00000000,0.6263
1749263870,0.64770000,16.00000000,0.6263
1749263870,0.64960000,228.00000000,0.6263
1749263870,0.65000000,149.00000000,0.6263
1749263870,0.65010000,10.00000000,0.6263
1749263870,0.65150000,16.00000000,0.6263
1749263870,0.65160000,1625.00000000,0.6263
1749263870,0.65250000,397.00000000,0.6263
1749263870,0.65280000,1615.00000000,0.6263
1749263870,0.65290000,5163.00000000,0.6263
1749263870,0.65500000,688.00000000,0.6263
1749263870,0.65510000,11.00000000,0.6263
1749263870,0.65530000,16.00000000,0.6263
1749263870,0.65720000,1621.00000000,0.6263
1749263870,0.65830000,391.00000000,0.6263
1749263870,0.65900000,16.00000000,0.6263
1749263870,0.65930000,228.00000000,0.6263
1749263870,0.65980000,260.00000000,0.6263
1749263870,0.65990000,9889.00000000,0.6263
1749263870,0.66000000,664.00000000,0.6263
1749263870,0.66120000,378.00000000,0.6263
1749263870,0.66190000,9665.00000000,0.6263
1749263870,0.66280000,16.00000000,0.6263
1749263870,0.66290000,34.00000000,0.6263
1749263870,0.66370000,8.00000000,0.6263
1749264171,0.62710000,144.00000000,0.6267
1749264171,0.62720000,204.00000000,0.6267
1749264171,0.62730000,737.00000000,0.6267
1749264171,0.62740000,1132.00000000,0.6267
1749264171,0.62750000,1386.00000000,0.6267
1749264171,0.62760000,2815.00000000,0.6267
1749264171,0.62770000,1003.00000000,0.6267
1749264171,0.62780000,1003.00000000,0.6267
1749264171,0.62790000,2161.00000000,0.6267
1749264171,0.62800000,6140.00000000,0.6267
1749264171,0.62810000,6217.00000000,0.6267
1749264171,0.62820000,12288.00000000,0.6267
1749264171,0.62830000,5142.00000000,0.6267
1749264171,0.62840000,5814.00000000,0.6267
1749264171,0.62850000,4480.00000000,0.6267
1749264171,0.62860000,6364.00000000,0.6267
1749264171,0.62870000,2985.00000000,0.6267
1749264171,0.62880000,2072.00000000,0.6267
1749264171,0.62890000,992.00000000,0.6267
1749264171,0.62900000,2520.00000000,0.6267
1749264171,0.62910000,1312.00000000,0.6267
1749264171,0.62920000,1959.00000000,0.6267
1749264171,0.62930000,2220.00000000,0.6267
1749264171,0.62940000,13.00000000,0.6267
1749264171,0.62950000,992.00000000,0.6267
1749264171,0.62960000,2982.00000000,0.6267
1749264171,0.62970000,415.00000000,0.6267
1749264171,0.62980000,785.00000000,0.6267
1749264171,0.62990000,993.00000000,0.6267
1749264171,0.63000000,1183.00000000,0.6267
1749264171,0.63010000,991.00000000,0.6267
1749264171,0.63020000,1225.00000000,0.6267
1749264171,0.63030000,1005.00000000,0.6267
1749264171,0.63050000,993.00000000,0.6267
1749264171,0.63060000,628.00000000,0.6267
1749264171,0.63070000,603.00000000,0.6267
1749264171,0.63090000,1071.00000000,0.6267
1749264171,0.63110000,683.00000000,0.6267
1749264171,0.63120000,13.00000000,0.6267
1749264171,0.63150000,652.00000000,0.6267
1749264171,0.63160000,9.00000000,0.6267
1749264171,0.63170000,604.00000000,0.6267
1749264171,0.63180000,617.00000000,0.6267
1749264171,0.63190000,717.00000000,0.6267
1749264171,0.63210000,1897.00000000,0.6267
1749264171,0.63220000,2271.00000000,0.6267
1749264171,0.63240000,12.00000000,0.6267
1749264171,0.63250000,16.00000000,0.6267
1749264171,0.63270000,12.00000000,0.6267
1749264171,0.63280000,127.00000000,0.6267
1749264171,0.63290000,19.00000000,0.6267
1749264171,0.63300000,12.00000000,0.6267
1749264171,0.63330000,12.00000000,0.6267
1749264171,0.63360000,12.00000000,0.6267
1749264171,0.63410000,373.00000000,0.6267
1749264171,0.63510000,11.00000000,0.6267
1749264171,0.63630000,16.00000000,0.6267
1749264171,0.63650000,4157.00000000,0.6267
1749264171,0.63750000,19.00000000,0.6267
1749264171,0.63840000,9.00000000,0.6267
1749264171,0.63870000,34.00000000,0.6267
1749264171,0.64000000,3398.00000000,0.6267
1749264171,0.64010000,35.00000000,0.6267
1749264171,0.64020000,225.00000000,0.6267
1749264171,0.64130000,15.00000000,0.6267
1749264171,0.64150000,1103.00000000,0.6267
1749264171,0.64160000,380.00000000,0.6267
1749264171,0.64190000,136.00000000,0.6267
1749264171,0.64200000,19.00000000,0.6267
1749264171,0.64390000,16.00000000,0.6267
1749264171,0.64470000,1163.00000000,0.6267
1749264171,0.64500000,50.00000000,0.6267
1749264171,0.64510000,11.00000000,0.6267
1749264171,0.64520000,9.00000000,0.6267
1749264171,0.64580000,1088.00000000,0.6267
1749264171,0.64630000,1627.00000000,0.6267
1749264171,0.64660000,19.00000000,0.6267
1749264171,0.64730000,402.00000000,0.6267
1749264171,0.64750000,9.00000000,0.6267
1749264171,0.64770000,16.00000000,0.6267
1749264171,0.64960000,228.00000000,0.6267
1749264171,0.65000000,149.00000000,0.6267
1749264171,0.65010000,10.00000000,0.6267
1749264171,0.65150000,16.00000000,0.6267
1749264171,0.65160000,1625.00000000,0.6267
1749264171,0.65280000,1615.00000000,0.6267
1749264171,0.65290000,5163.00000000,0.6267
1749264171,0.65420000,397.00000000,0.6267
1749264171,0.65500000,688.00000000,0.6267
1749264171,0.65510000,11.00000000,0.6267
1749264171,0.65530000,16.00000000,0.6267
1749264171,0.65720000,1621.00000000,0.6267
1749264171,0.65830000,391.00000000,0.6267
1749264171,0.65900000,16.00000000,0.6267
1749264171,0.65930000,228.00000000,0.6267
1749264171,0.65980000,260.00000000,0.6267
1749264171,0.65990000,9889.00000000,0.6267
1749264171,0.66000000,664.00000000,0.6267
1749264171,0.66120000,378.00000000,0.6267
1749264171,0.66190000,9665.00000000,0.6267
1749264473,0.62700000,48.00000000,0.6257
1749264473,0.62710000,12.00000000,0.6257
1749264473,0.62720000,457.00000000,0.6257
1749264473,0.62730000,949.00000000,0.6257
1749264473,0.62740000,1931.00000000,0.6257
1749264473,0.62750000,4154.00000000,0.6257
1749264473,0.62760000,7459.00000000,0.6257
1749264473,0.62770000,4755.00000000,0.6257
1749264473,0.62780000,13256.00000000,0.6257
1749264473,0.62790000,5476.00000000,0.6257
1749264473,0.62800000,5286.00000000,0.6257
1749264473,0.62810000,3077.00000000,0.6257
1749264473,0.62820000,1016.00000000,0.6257
1749264473,0.62830000,2110.00000000,0.6257
1749264473,0.62840000,1717.00000000,0.6257
1749264473,0.62850000,2877.00000000,0.6257
1749264473,0.62860000,2496.00000000,0.6257
1749264473,0.62870000,403.00000000,0.6257
1749264473,0.62880000,400.00000000,0.6257
1749264473,0.62890000,992.00000000,0.6257
1749264473,0.62900000,992.00000000,0.6257
1749264473,0.62910000,1294.00000000,0.6257
1749264473,0.62920000,1959.00000000,0.6257
1749264473,0.62930000,520.00000000,0.6257
1749264473,0.62940000,13.00000000,0.6257
1749264473,0.62950000,1775.00000000,0.6257
1749264473,0.62960000,992.00000000,0.6257
1749264473,0.62970000,415.00000000,0.6257
1749264473,0.62980000,2485.00000000,0.6257
1749264473,0.62990000,993.00000000,0.6257
1749264473,0.63000000,13.00000000,0.6257
1749264473,0.63010000,991.00000000,0.6257
1749264473,0.63020000,1225.00000000,0.6257
1749264473,0.63030000,1005.00000000,0.6257
1749264473,0.63050000,993.00000000,0.6257
1749264473,0.63060000,241.00000000,0.6257
1749264473,0.63070000,603.00000000,0.6257
1749264473,0.63090000,1071.00000000,0.6257
1749264473,0.63110000,683.00000000,0.6257
1749264473,0.63120000,13.00000000,0.6257
1749264473,0.63150000,652.00000000,0.6257
1749264473,0.63160000,9.00000000,0.6257
1749264473,0.63170000,604.00000000,0.6257
1749264473,0.63180000,617.00000000,0.6257
1749264473,0.63190000,717.00000000,0.6257
1749264473,0.63210000,1897.00000000,0.6257
1749264473,0.63230000,2260.00000000,0.6257
1749264473,0.63240000,12.00000000,0.6257
1749264473,0.63250000,16.00000000,0.6257
1749264473,0.63270000,12.00000000,0.6257
1749264473,0.63280000,127.00000000,0.6257
1749264473,0.63290000,19.00000000,0.6257
1749264473,0.63300000,12.00000000,0.6257
1749264473,0.63330000,12.00000000,0.6257
1749264473,0.63360000,12.00000000,0.6257
1749264473,0.63410000,373.00000000,0.6257
1749264473,0.63510000,11.00000000,0.6257
1749264473,0.63630000,16.00000000,0.6257
1749264473,0.63650000,4157.00000000,0.6257
1749264473,0.63750000,19.00000000,0.6257
1749264473,0.63840000,9.00000000,0.6257
1749264473,0.63870000,34.00000000,0.6257
1749264473,0.63990000,380.00000000,0.6257
1749264473,0.64000000,3398.00000000,0.6257
1749264473,0.64010000,35.00000000,0.6257
1749264473,0.64020000,225.00000000,0.6257
1749264473,0.64130000,15.00000000,0.6257
1749264473,0.64150000,1103.00000000,0.6257
1749264473,0.64190000,136.00000000,0.6257
1749264473,0.64200000,19.00000000,0.6257
1749264473,0.64390000,16.00000000,0.6257
1749264473,0.64410000,1088.00000000,0.6257
1749264473,0.64460000,1627.00000000,0.6257
1749264473,0.64470000,1163.00000000,0.6257
1749264473,0.64500000,50.00000000,0.6257
1749264473,0.64510000,11.00000000,0.6257
1749264473,0.64520000,9.00000000,0.6257
1749264473,0.64660000,19.00000000,0.6257
1749264473,0.64730000,402.00000000,0.6257
1749264473,0.64750000,9.00000000,0.6257
1749264473,0.64770000,16.00000000,0.6257
1749264473,0.64960000,228.00000000,0.6257
1749264473,0.65000000,149.00000000,0.6257
1749264473,0.65010000,10.00000000,0.6257
1749264473,0.65150000,16.00000000,0.6257
1749264473,0.65160000,1625.00000000,0.6257
1749264473,0.65280000,1615.00000000,0.6257
1749264473,0.65290000,5163.00000000,0.6257
1749264473,0.65420000,397.00000000,0.6257
1749264473,0.65500000,688.00000000,0.6257
1749264473,0.65510000,11.00000000,0.6257
1749264473,0.65530000,16.00000000,0.6257
1749264473,0.65720000,1621.00000000,0.6257
1749264473,0.65830000,391.00000000,0.6257
1749264473,0.65900000,16.00000000,0.6257
1749264473,0.65930000,228.00000000,0.6257
1749264473,0.65980000,260.00000000,0.6257
1749264473,0.65990000,9889.00000000,0.6257
1749264473,0.66000000,664.00000000,0.6257
1749264473,0.66120000,378.00000000,0.6257
1749264775,0.62820000,2186.00000000,0.6278
1749264775,0.62830000,7984.00000000,0.6278
1749264775,0.62840000,1779.00000000,0.6278
1749264775,0.62850000,4962.00000000,0.6278
1749264775,0.62860000,2147.00000000,0.6278
1749264775,0.62870000,1537.00000000,0.6278
1749264775,0.62880000,2533.00000000,0.6278
1749264775,0.62890000,4159.00000000,0.6278
1749264775,0.62900000,4734.00000000,0.6278
1749264775,0.62910000,6466.00000000,0.6278
1749264775,0.62920000,3490.00000000,0.6278
1749264775,0.62930000,1582.00000000,0.6278
1749264775,0.62940000,3539.00000000,0.6278
1749264775,0.62950000,2325.00000000,0.6278
1749264775,0.62960000,4602.00000000,0.6278
1749264775,0.62970000,501.00000000,0.6278
1749264775,0.62980000,2485.00000000,0.6278
1749264775,0.62990000,993.00000000,0.6278
1749264775,0.63000000,532.00000000,0.6278
1749264775,0.63010000,991.00000000,0.6278
1749264775,0.63020000,387.00000000,0.6278
1749264775,0.63030000,4055.00000000,0.6278
1749264775,0.63050000,993.00000000,0.6278
1749264775,0.63060000,628.00000000,0.6278
1749264775,0.63070000,990.00000000,0.6278
1749264775,0.63090000,1458.00000000,0.6278
1749264775,0.63110000,1070.00000000,0.6278
1749264775,0.63120000,1003.00000000,0.6278
1749264775,0.63130000,1225.00000000,0.6278
1749264775,0.63150000,1039.00000000,0.6278
1749264775,0.63160000,9.00000000,0.6278
1749264775,0.63170000,991.00000000,0.6278
1749264775,0.63180000,1004.00000000,0.6278
1749264775,0.63190000,1104.00000000,0.6278
1749264775,0.63200000,603.00000000,0.6278
1749264775,0.63210000,1897.00000000,0.6278
1749264775,0.63220000,603.00000000,0.6278
1749264775,0.63230000,2260.00000000,0.6278
1749264775,0.63240000,12.00000000,0.6278
1749264775,0.63250000,16.00000000,0.6278
1749264775,0.63270000,12.00000000,0.6278
1749264775,0.63280000,127.00000000,0.6278
1749264775,0.63290000,19.00000000,0.6278
1749264775,0.63300000,12.00000000,0.6278
1749264775,0.63330000,12.00000000,0.6278
1749264775,0.63360000,12.00000000,0.6278
1749264775,0.63390000,12.00000000,0.6278
1749264775,0.63410000,373.00000000,0.6278
1749264775,0.63420000,12.00000000,0.6278
1749264775,0.63510000,11.00000000,0.6278
1749264775,0.63630000,16.00000000,0.6278
1749264775,0.63650000,4157.00000000,0.6278
1749264775,0.63750000,19.00000000,0.6278
1749264775,0.63840000,9.00000000,0.6278
1749264775,0.63870000,34.00000000,0.6278
1749264775,0.64000000,3398.00000000,0.6278
1749264775,0.64010000,35.00000000,0.6278
1749264775,0.64020000,225.00000000,0.6278
1749264775,0.64130000,15.00000000,0.6278
1749264775,0.64150000,1103.00000000,0.6278
1749264775,0.64170000,380.00000000,0.6278
1749264775,0.64190000,136.00000000,0.6278
1749264775,0.64200000,19.00000000,0.6278
1749264775,0.64390000,16.00000000,0.6278
1749264775,0.64470000,1163.00000000,0.6278
1749264775,0.64500000,50.00000000,0.6278
1749264775,0.64510000,11.00000000,0.6278
1749264775,0.64520000,9.00000000,0.6278
1749264775,0.64580000,1088.00000000,0.6278
1749264775,0.64640000,1627.00000000,0.6278
1749264775,0.64660000,19.00000000,0.6278
1749264775,0.64730000,402.00000000,0.6278
1749264775,0.64750000,9.00000000,0.6278
1749264775,0.64770000,16.00000000,0.6278
1749264775,0.64960000,228.00000000,0.6278
1749264775,0.65000000,149.00000000,0.6278
1749264775,0.65010000,10.00000000,0.6278
1749264775,0.65150000,16.00000000,0.6278
1749264775,0.65160000,1625.00000000,0.6278
1749264775,0.65280000,1191.00000000,0.6278
1749264775,0.65290000,5163.00000000,0.6278
1749264775,0.65420000,397.00000000,0.6278
1749264775,0.65500000,688.00000000,0.6278
1749264775,0.65510000,11.00000000,0.6278
1749264775,0.65530000,16.00000000,0.6278
1749264775,0.65720000,1621.00000000,0.6278
1749264775,0.65830000,391.00000000,0.6278
1749264775,0.65900000,16.00000000,0.6278
1749264775,0.65930000,228.00000000,0.6278
1749264775,0.65980000,684.00000000,0.6278
1749264775,0.65990000,9889.00000000,0.6278
1749264775,0.66000000,664.00000000,0.6278
1749264775,0.66120000,378.00000000,0.6278
1749264775,0.66190000,9665.00000000,0.6278
1749264775,0.66280000,16.00000000,0.6278
1749264775,0.66290000,34.00000000,0.6278
1749264775,0.66370000,8.00000000,0.6278
1749264775,0.66450000,15.00000000,0.6278
1749264775,0.66510000,11.00000000,0.6278
1749264775,0.66600000,450.00000000,0.6278
1749265076,0.63010000,58.00000000,0.6298
1749265076,0.63020000,789.00000000,0.6298
1749265076,0.63030000,876.00000000,0.6298
1749265076,0.63040000,2818.00000000,0.6298
1749265076,0.63050000,1294.00000000,0.6298
1749265076,0.63060000,1410.00000000,0.6298
1749265076,0.63070000,4281.00000000,0.6298
1749265076,0.63080000,3221.00000000,0.6298
1749265076,0.63090000,3795.00000000,0.6298
1749265076,0.63100000,2546.00000000,0.6298
1749265076,0.63110000,3123.00000000,0.6298
1749265076,0.63120000,4764.00000000,0.6298
1749265076,0.63130000,5711.00000000,0.6298
1749265076,0.63140000,531.00000000,0.6298
1749265076,0.63150000,1997.00000000,0.6298
1749265076,0.63160000,6073.00000000,0.6298
1749265076,0.63170000,8519.00000000,0.6298
1749265076,0.63180000,1004.00000000,0.6298
1749265076,0.63190000,387.00000000,0.6298
1749265076,0.63200000,2360.00000000,0.6298
1749265076,0.63210000,1532.00000000,0.6298
1749265076,0.63220000,1386.00000000,0.6298
1749265076,0.63230000,387.00000000,0.6298
1749265076,0.63240000,399.00000000,0.6298
1749265076,0.63250000,2705.00000000,0.6298
1749265076,0.63260000,841.00000000,0.6298
1749265076,0.63270000,1002.00000000,0.6298
1749265076,0.63280000,1115.00000000,0.6298
1749265076,0.63290000,1189.00000000,0.6298
1749265076,0.63300000,12.00000000,0.6298
1749265076,0.63310000,988.00000000,0.6298
1749265076,0.63330000,1001.00000000,0.6298
1749265076,0.63340000,1827.00000000,0.6298
1749265076,0.63360000,12.00000000,0.6298
1749265076,0.63390000,1001.00000000,0.6298
1749265076,0.63400000,1068.00000000,0.6298
1749265076,0.63410000,373.00000000,0.6298
1749265076,0.63420000,613.00000000,0.6298
1749265076,0.63450000,2865.00000000,0.6298
1749265076,0.63460000,717.00000000,0.6298
1749265076,0.63480000,12.00000000,0.6298
1749265076,0.63510000,23.00000000,0.6298
1749265076,0.63540000,12.00000000,0.6298
1749265076,0.63570000,12.00000000,0.6298
1749265076,0.63600000,12.00000000,0.6298
1749265076,0.63630000,1913.00000000,0.6298
1749265076,0.63650000,35.00000000,0.6298
1749265076,0.63660000,12.00000000,0.6298
1749265076,0.63750000,19.00000000,0.6298
1749265076,0.63840000,9.00000000,0.6298
1749265076,0.63870000,34.00000000,0.6298
1749265076,0.63890000,4092.00000000,0.6298
1749265076,0.64000000,245.00000000,0.6298
1749265076,0.64010000,35.00000000,0.6298
1749265076,0.64020000,225.00000000,0.6298
1749265076,0.64130000,15.00000000,0.6298
1749265076,0.64180000,3153.00000000,0.6298
1749265076,0.64190000,136.00000000,0.6298
1749265076,0.64200000,19.00000000,0.6298
1749265076,0.64360000,380.00000000,0.6298
1749265076,0.64390000,16.00000000,0.6298
1749265076,0.64500000,50.00000000,0.6298
1749265076,0.64510000,11.00000000,0.6298
1749265076,0.64520000,1112.00000000,0.6298
1749265076,0.64650000,1163.00000000,0.6298
1749265076,0.64660000,19.00000000,0.6298
1749265076,0.64750000,9.00000000,0.6298
1749265076,0.64770000,16.00000000,0.6298
1749265076,0.64780000,1088.00000000,0.6298
1749265076,0.64830000,1627.00000000,0.6298
1749265076,0.64900000,402.00000000,0.6298
1749265076,0.64960000,228.00000000,0.6298
1749265076,0.65000000,149.00000000,0.6298
1749265076,0.65010000,10.00000000,0.6298
1749265076,0.65150000,16.00000000,0.6298
1749265076,0.65280000,790.00000000,0.6298
1749265076,0.65290000,5163.00000000,0.6298
1749265076,0.65500000,2313.00000000,0.6298
1749265076,0.65510000,11.00000000,0.6298
1749265076,0.65530000,16.00000000,0.6298
1749265076,0.65590000,397.00000000,0.6298
1749265076,0.65900000,1637.00000000,0.6298
1749265076,0.65930000,228.00000000,0.6298
1749265076,0.65980000,1085.00000000,0.6298
1749265076,0.65990000,9889.00000000,0.6298
1749265076,0.66000000,1055.00000000,0.6298
1749265076,0.66120000,378.00000000,0.6298
1749265076,0.66190000,9665.00000000,0.6298
1749265076,0.66280000,16.00000000,0.6298
1749265076,0.66290000,34.00000000,0.6298
1749265076,0.66370000,8.00000000,0.6298
1749265076,0.66450000,15.00000000,0.6298
1749265076,0.66510000,11.00000000,0.6298
1749265076,0.66600000,450.00000000,0.6298
1749265076,0.66660000,16.00000000,0.6298
1749265076,0.66700000,1248.00000000,0.6298
1749265076,0.66910000,228.00000000,0.6298
1749265076,0.67030000,420.00000000,0.6298
1749265076,0.67040000,16.00000000,0.6298
1749265076,0.67150000,373.00000000,0.6298
1749265381,0.63070000,234.00000000,0.6302
1749265381,0.63080000,523.00000000,0.6302
1749265381,0.63090000,1026.00000000,0.6302
1749265381,0.63100000,855.00000000,0.6302
1749265381,0.63110000,942.00000000,0.6302
1749265381,0.63120000,2593.00000000,0.6302
1749265381,0.63130000,999.00000000,0.6302
1749265381,0.63140000,1359.00000000,0.6302
1749265381,0.63150000,2721.00000000,0.6302
1749265381,0.63160000,6701.00000000,0.6302
1749265381,0.63170000,8109.00000000,0.6302
1749265381,0.63180000,3326.00000000,0.6302
1749265381,0.63190000,1322.00000000,0.6302
1749265381,0.63200000,3827.00000000,0.6302
1749265381,0.63210000,3442.00000000,0.6302
1749265381,0.63220000,2577.00000000,0.6302
1749265381,0.63230000,5658.00000000,0.6302
1749265381,0.63240000,1012.00000000,0.6302
1749265381,0.63250000,3693.00000000,0.6302
1749265381,0.63260000,2099.00000000,0.6302
1749265381,0.63270000,8550.00000000,0.6302
1749265381,0.63280000,2814.00000000,0.6302
1749265381,0.63290000,19.00000000,0.6302
1749265381,0.63300000,12.00000000,0.6302
1749265381,0.63310000,2380.00000000,0.6302
1749265381,0.63320000,1293.00000000,0.6302
1749265381,0.63330000,614.00000000,0.6302
1749265381,0.63340000,602.00000000,0.6302
1749265381,0.63350000,316.00000000,0.6302
1749265381,0.63360000,12.00000000,0.6302
1749265381,0.63370000,601.00000000,0.6302
1749265381,0.63390000,614.00000000,0.6302
1749265381,0.63400000,1440.00000000,0.6302
1749265381,0.63410000,373.00000000,0.6302
1749265381,0.63420000,1396.00000000,0.6302
1749265381,0.63440000,454.00000000,0.6302
1749265381,0.63450000,613.00000000,0.6302
1749265381,0.63460000,600.00000000,0.6302
1749265381,0.63480000,12.00000000,0.6302
1749265381,0.63490000,601.00000000,0.6302
1749265381,0.63500000,601.00000000,0.6302
1749265381,0.63510000,23.00000000,0.6302
1749265381,0.63540000,612.00000000,0.6302
1749265381,0.63560000,601.00000000,0.6302
1749265381,0.63570000,12.00000000,0.6302
1749265381,0.63580000,2660.00000000,0.6302
1749265381,0.63600000,12.00000000,0.6302
1749265381,0.63630000,1913.00000000,0.6302
1749265381,0.63650000,35.00000000,0.6302
1749265381,0.63660000,12.00000000,0.6302
1749265381,0.63690000,12.00000000,0.6302
1749265381,0.63720000,12.00000000,0.6302
1749265381,0.63750000,31.00000000,0.6302
1749265381,0.63770000,717.00000000,0.6302
1749265381,0.63780000,12.00000000,0.6302
1749265381,0.63810000,12.00000000,0.6302
1749265381,0.63840000,9.00000000,0.6302
1749265381,0.63870000,34.00000000,0.6302
1749265381,0.64000000,245.00000000,0.6302
1749265381,0.64010000,35.00000000,0.6302
1749265381,0.64020000,225.00000000,0.6302
1749265381,0.64110000,4097.00000000,0.6302
1749265381,0.64130000,15.00000000,0.6302
1749265381,0.64190000,136.00000000,0.6302
1749265381,0.64200000,19.00000000,0.6302
1749265381,0.64390000,3169.00000000,0.6302
1749265381,0.64500000,50.00000000,0.6302
1749265381,0.64510000,11.00000000,0.6302
1749265381,0.64520000,1112.00000000,0.6302
1749265381,0.64540000,380.00000000,0.6302
1749265381,0.64660000,19.00000000,0.6302
1749265381,0.64750000,9.00000000,0.6302
1749265381,0.64770000,16.00000000,0.6302
1749265381,0.64830000,2790.00000000,0.6302
1749265381,0.64960000,1316.00000000,0.6302
1749265381,0.65000000,149.00000000,0.6302
1749265381,0.65010000,10.00000000,0.6302
1749265381,0.65070000,402.00000000,0.6302
1749265381,0.65150000,16.00000000,0.6302
1749265381,0.65280000,467.00000000,0.6302
1749265381,0.65290000,5163.00000000,0.6302
1749265381,0.65500000,2313.00000000,0.6302
1749265381,0.65510000,11.00000000,0.6302
1749265381,0.65530000,16.00000000,0.6302
1749265381,0.65790000,397.00000000,0.6302
1749265381,0.65900000,16.00000000,0.6302
1749265381,0.65930000,228.00000000,0.6302
1749265381,0.65980000,1408.00000000,0.6302
1749265381,0.65990000,9889.00000000,0.6302
1749265381,0.66000000,664.00000000,0.6302
1749265381,0.66070000,1621.00000000,0.6302
1749265381,0.66120000,378.00000000,0.6302
1749265381,0.66190000,9665.00000000,0.6302
1749265381,0.66200000,391.00000000,0.6302
1749265381,0.66280000,16.00000000,0.6302
1749265381,0.66290000,34.00000000,0.6302
1749265381,0.66370000,8.00000000,0.6302
1749265381,0.66450000,15.00000000,0.6302
1749265381,0.66510000,11.00000000,0.6302
1749265381,0.66600000,450.00000000,0.6302
1749265683,0.63430000,168.00000000,0.6343
1749265683,0.63440000,12.00000000,0.6343
1749265683,0.63450000,224.00000000,0.6343
1749265683,0.63460000,1250.00000000,0.6343
1749265683,0.63470000,5163.00000000,0.6343
1749265683,0.63480000,3843.00000000,0.6343
1749265683,0.63490000,4255.00000000,0.6343
1749265683,0.63500000,3343.00000000,0.6343
1749265683,0.63510000,2399.00000000,0.6343
1749265683,0.63520000,6378.00000000,0.6343
1749265683,0.63530000,6671.00000000,0.6343
1749265683,0.63540000,4058.00000000,0.6343
1749265683,0.63550000,2312.00000000,0.6343
1749265683,0.63560000,1822.00000000,0.6343
1749265683,0.63570000,1886.00000000,0.6343
1749265683,0.63580000,2601.00000000,0.6343
1749265683,0.63590000,3989.00000000,0.6343
1749265683,0.63600000,399.00000000,0.6343
1749265683,0.63610000,986.00000000,0.6343
1749265683,0.63620000,985.00000000,0.6343
1749265683,0.63630000,546.00000000,0.6343
1749265683,0.63640000,1284.00000000,0.6343
1749265683,0.63650000,985.00000000,0.6343
1749265683,0.63660000,12.00000000,0.6343
1749265683,0.63670000,984.00000000,0.6343
1749265683,0.63690000,611.00000000,0.6343
1749265683,0.63700000,78.00000000,0.6343
1749265683,0.63710000,598.00000000,0.6343
1749265683,0.63720000,91.00000000,0.6343
1749265683,0.63730000,597.00000000,0.6343
1749265683,0.63740000,1700.00000000,0.6343
1749265683,0.63750000,628.00000000,0.6343
1749265683,0.63760000,597.00000000,0.6343
1749265683,0.63780000,12.00000000,0.6343
1749265683,0.63790000,599.00000000,0.6343
1749265683,0.63800000,1292.00000000,0.6343
1749265683,0.63810000,610.00000000,0.6343
1749265683,0.63820000,1380.00000000,0.6343
1749265683,0.63840000,21.00000000,0.6343
1749265683,0.63870000,643.00000000,0.6343
1749265683,0.63900000,12.00000000,0.6343
1749265683,0.63930000,2295.00000000,0.6343
1749265683,0.63960000,12.00000000,0.6343
1749265683,0.63990000,12.00000000,0.6343
1749265683,0.64000000,245.00000000,0.6343
1749265683,0.64010000,35.00000000,0.6343
1749265683,0.64020000,237.00000000,0.6343
1749265683,0.64030000,752.00000000,0.6343
1749265683,0.64040000,1885.00000000,0.6343
1749265683,0.64050000,12.00000000,0.6343
1749265683,0.64080000,12.00000000,0.6343
1749265683,0.64130000,15.00000000,0.6343
1749265683,0.64190000,136.00000000,0.6343
1749265683,0.64200000,19.00000000,0.6343
1749265683,0.64330000,4130.00000000,0.6343
1749265683,0.64390000,16.00000000,0.6343
1749265683,0.64500000,50.00000000,0.6343
1749265683,0.64510000,11.00000000,0.6343
1749265683,0.64520000,9.00000000,0.6343
1749265683,0.64580000,3153.00000000,0.6343
1749265683,0.64660000,19.00000000,0.6343
1749265683,0.64750000,389.00000000,0.6343
1749265683,0.64770000,16.00000000,0.6343
1749265683,0.64880000,1103.00000000,0.6343
1749265683,0.64960000,228.00000000,0.6343
1749265683,0.65000000,149.00000000,0.6343
1749265683,0.65010000,10.00000000,0.6343
1749265683,0.65120000,19.00000000,0.6343
1749265683,0.65150000,16.00000000,0.6343
1749265683,0.65180000,1088.00000000,0.6343
1749265683,0.65200000,2790.00000000,0.6343
1749265683,0.65270000,402.00000000,0.6343
1749265683,0.65280000,373.00000000,0.6343
1749265683,0.65290000,5163.00000000,0.6343
1749265683,0.65500000,688.00000000,0.6343
1749265683,0.65510000,11.00000000,0.6343
1749265683,0.65530000,16.00000000,0.6343
1749265683,0.65860000,1625.00000000,0.6343
1749265683,0.65900000,16.00000000,0.6343
1749265683,0.65930000,228.00000000,0.6343
1749265683,0.65980000,1735.00000000,0.6343
1749265683,0.65990000,9889.00000000,0.6343
1749265683,0.66000000,664.00000000,0.6343
1749265683,0.66120000,378.00000000,0.6343
1749265683,0.66180000,164.00000000,0.6343
1749265683,0.66190000,9665.00000000,0.6343
1749265683,0.66260000,1621.00000000,0.6343
1749265683,0.66280000,16.00000000,0.6343
1749265683,0.66290000,34.00000000,0.6343
1749265683,0.66370000,399.00000000,0.6343
1749265683,0.66450000,15.00000000,0.6343
1749265683,0.66510000,11.00000000,0.6343
1749265683,0.66600000,450.00000000,0.6343
1749265683,0.66660000,16.00000000,0.6343
1749265683,0.66700000,1248.00000000,0.6343
1749265683,0.66910000,228.00000000,0.6343
1749265683,0.67030000,420.00000000,0.6343
1749265683,0.67040000,16.00000000,0.6343
1749265683,0.67150000,373.00000000,0.6343
1749265683,0.67330000,4735.00000000,0.6343
1749265984,0.63690000,1491.00000000,0.6367
1749265984,0.63700000,2350.00000000,0.6367
1749265984,0.63710000,5214.00000000,0.6367
1749265984,0.63720000,7798.00000000,0.6367
1749265984,0.63730000,3713.00000000,0.6367
1749265984,0.63740000,1702.00000000,0.6367
1749265984,0.63750000,3647.00000000,0.6367
1749265984,0.63760000,399.00000000,0.6367
1749265984,0.63770000,2280.00000000,0.6367
1749265984,0.63780000,4589.00000000,0.6367
1749265984,0.63790000,478.00000000,0.6367
1749265984,0.63800000,993.00000000,0.6367
1749265984,0.63810000,411.00000000,0.6367
1749265984,0.63820000,993.00000000,0.6367
1749265984,0.63830000,399.00000000,0.6367
1749265984,0.63840000,740.00000000,0.6367
1749265984,0.63850000,1663.00000000,0.6367
1749265984,0.63860000,1017.00000000,0.6367
1749265984,0.63870000,1404.00000000,0.6367
1749265984,0.63880000,995.00000000,0.6367
1749265984,0.63890000,399.00000000,0.6367
1749265984,0.63900000,995.00000000,0.6367
1749265984,0.63920000,984.00000000,0.6367
1749265984,0.63930000,12.00000000,0.6367
1749265984,0.63940000,983.00000000,0.6367
1749265984,0.63950000,2993.00000000,0.6367
1749265984,0.63960000,12.00000000,0.6367
1749265984,0.63970000,596.00000000,0.6367
1749265984,0.63990000,608.00000000,0.6367
1749265984,0.64000000,699.00000000,0.6367
1749265984,0.64010000,629.00000000,0.6367
1749265984,0.64020000,832.00000000,0.6367
1749265984,0.64030000,35.00000000,0.6367
1749265984,0.64050000,12.00000000,0.6367
1749265984,0.64070000,595.00000000,0.6367
1749265984,0.64080000,850.00000000,0.6367
1749265984,0.64090000,783.00000000,0.6367
1749265984,0.64110000,606.00000000,0.6367
1749265984,0.64120000,594.00000000,0.6367
1749265984,0.64130000,15.00000000,0.6367
1749265984,0.64140000,12.00000000,0.6367
1749265984,0.64150000,594.00000000,0.6367
1749265984,0.64160000,594.00000000,0.6367
1749265984,0.64170000,12.00000000,0.6367
1749265984,0.64190000,136.00000000,0.6367
1749265984,0.64200000,31.00000000,0.6367
1749265984,0.64230000,12.00000000,0.6367
1749265984,0.64260000,12.00000000,0.6367
1749265984,0.64280000,4114.00000000,0.6367
1749265984,0.64290000,12.00000000,0.6367
1749265984,0.64320000,12.00000000,0.6367
1749265984,0.64330000,717.00000000,0.6367
1749265984,0.64350000,12.00000000,0.6367
1749265984,0.64380000,12.00000000,0.6367
1749265984,0.64390000,16.00000000,0.6367
1749265984,0.64500000,50.00000000,0.6367
1749265984,0.64510000,11.00000000,0.6367
1749265984,0.64520000,9.00000000,0.6367
1749265984,0.64660000,19.00000000,0.6367
1749265984,0.64750000,3162.00000000,0.6367
1749265984,0.64770000,16.00000000,0.6367
1749265984,0.64780000,4100.00000000,0.6367
1749265984,0.64960000,228.00000000,0.6367
1749265984,0.64980000,380.00000000,0.6367
1749265984,0.65000000,149.00000000,0.6367
1749265984,0.65010000,10.00000000,0.6367
1749265984,0.65120000,1122.00000000,0.6367
1749265984,0.65150000,16.00000000,0.6367
1749265984,0.65280000,373.00000000,0.6367
1749265984,0.65290000,5163.00000000,0.6367
1749265984,0.65420000,2715.00000000,0.6367
1749265984,0.65450000,1163.00000000,0.6367
1749265984,0.65500000,688.00000000,0.6367
1749265984,0.65510000,11.00000000,0.6367
1749265984,0.65530000,16.00000000,0.6367
1749265984,0.65610000,402.00000000,0.6367
1749265984,0.65900000,16.00000000,0.6367
1749265984,0.65930000,228.00000000,0.6367
1749265984,0.65980000,921.00000000,0.6367
1749265984,0.65990000,9889.00000000,0.6367
1749265984,0.66000000,664.00000000,0.6367
1749265984,0.66070000,1625.00000000,0.6367
1749265984,0.66120000,378.00000000,0.6367
1749265984,0.66170000,397.00000000,0.6367
1749265984,0.66180000,581.00000000,0.6367
1749265984,0.66190000,9665.00000000,0.6367
1749265984,0.66280000,16.00000000,0.6367
1749265984,0.66290000,34.00000000,0.6367
1749265984,0.66370000,8.00000000,0.6367
1749265984,0.66450000,15.00000000,0.6367
1749265984,0.66510000,11.00000000,0.6367
1749265984,0.66570000,391.00000000,0.6367
1749265984,0.66600000,450.00000000,0.6367
1749265984,0.66630000,1621.00000000,0.6367
1749265984,0.66660000,16.00000000,0.6367
1749265984,0.66700000,1248.00000000,0.6367
1749265984,0.66910000,228.00000000,0.6367
1749265984,0.67030000,420.00000000,0.6367
1749265984,0.67040000,16.00000000,0.6367
1749265984,0.67150000,373.00000000,0.6367
1749266290,0.63730000,51.00000000,0.6371
1749266290,0.63740000,1039.00000000,0.6371
1749266290,0.63750000,3722.00000000,0.6371
1749266290,0.63760000,3683.00000000,0.6371
1749266290,0.63770000,4356.00000000,0.6371
1749266290,0.63780000,1691.00000000,0.6371
1749266290,0.63790000,1202.00000000,0.6371
1749266290,0.63800000,5862.00000000,0.6371
1749266290,0.63810000,5778.00000000,0.6371
1749266290,0.63820000,3929.00000000,0.6371
1749266290,0.63830000,2313.00000000,0.6371
1749266290,0.63840000,4710.00000000,0.6371
1749266290,0.63850000,993.00000000,0.6371
1749266290,0.63860000,3656.00000000,0.6371
1749266290,0.63870000,1039.00000000,0.6371
1749266290,0.63880000,992.00000000,0.6371
1749266290,0.63890000,2589.00000000,0.6371
1749266290,0.63900000,1004.00000000,0.6371
1749266290,0.63910000,858.00000000,0.6371
1749266290,0.63920000,984.00000000,0.6371
1749266290,0.63930000,12.00000000,0.6371
1749266290,0.63940000,2683.00000000,0.6371
1749266290,0.63960000,908.00000000,0.6371
1749266290,0.63970000,596.00000000,0.6371
1749266290,0.63980000,443.00000000,0.6371
1749266290,0.63990000,1470.00000000,0.6371
1749266290,0.64000000,245.00000000,0.6371
1749266290,0.64010000,629.00000000,0.6371
1749266290,0.64020000,832.00000000,0.6371
1749266290,0.64050000,606.00000000,0.6371
1749266290,0.64070000,595.00000000,0.6371
1749266290,0.64080000,1445.00000000,0.6371
1749266290,0.64110000,1389.00000000,0.6371
1749266290,0.64120000,594.00000000,0.6371
1749266290,0.64130000,15.00000000,0.6371
1749266290,0.64140000,12.00000000,0.6371
1749266290,0.64150000,594.00000000,0.6371
1749266290,0.64160000,594.00000000,0.6371
1749266290,0.64170000,466.00000000,0.6371
1749266290,0.64190000,731.00000000,0.6371
1749266290,0.64200000,31.00000000,0.6371
1749266290,0.64220000,593.00000000,0.6371
1749266290,0.64230000,12.00000000,0.6371
1749266290,0.64260000,12.00000000,0.6371
1749266290,0.64280000,1885.00000000,0.6371
1749266290,0.64290000,2262.00000000,0.6371
1749266290,0.64320000,12.00000000,0.6371
1749266290,0.64330000,717.00000000,0.6371
1749266290,0.64350000,12.00000000,0.6371
1749266290,0.64380000,12.00000000,0.6371
1749266290,0.64390000,16.00000000,0.6371
1749266290,0.64400000,35.00000000,0.6371
1749266290,0.64410000,12.00000000,0.6371
1749266290,0.64440000,12.00000000,0.6371
1749266290,0.64500000,50.00000000,0.6371
1749266290,0.64510000,11.00000000,0.6371
1749266290,0.64520000,9.00000000,0.6371
1749266290,0.64660000,19.00000000,0.6371
1749266290,0.64750000,3162.00000000,0.6371
1749266290,0.64770000,16.00000000,0.6371
1749266290,0.64780000,4100.00000000,0.6371
1749266290,0.64960000,228.00000000,0.6371
1749266290,0.64980000,380.00000000,0.6371
1749266290,0.65000000,149.00000000,0.6371
1749266290,0.65010000,10.00000000,0.6371
1749266290,0.65120000,1122.00000000,0.6371
1749266290,0.65150000,16.00000000,0.6371
1749266290,0.65280000,373.00000000,0.6371
1749266290,0.65290000,5163.00000000,0.6371
1749266290,0.65420000,2715.00000000,0.6371
1749266290,0.65450000,1163.00000000,0.6371
1749266290,0.65500000,688.00000000,0.6371
1749266290,0.65510000,11.00000000,0.6371
1749266290,0.65530000,16.00000000,0.6371
1749266290,0.65580000,19.00000000,0.6371
1749266290,0.65610000,402.00000000,0.6371
1749266290,0.65900000,16.00000000,0.6371
1749266290,0.65930000,228.00000000,0.6371
1749266290,0.65980000,497.00000000,0.6371
1749266290,0.65990000,9889.00000000,0.6371
1749266290,0.66000000,664.00000000,0.6371
1749266290,0.66070000,1625.00000000,0.6371
1749266290,0.66120000,378.00000000,0.6371
1749266290,0.66170000,397.00000000,0.6371
1749266290,0.66180000,1005.00000000,0.6371
1749266290,0.66190000,9665.00000000,0.6371
1749266290,0.66280000,16.00000000,0.6371
1749266290,0.66290000,34.00000000,0.6371
1749266290,0.66370000,8.00000000,0.6371
1749266290,0.66450000,15.00000000,0.6371
1749266290,0.66510000,11.00000000,0.6371
1749266290,0.66570000,391.00000000,0.6371
1749266290,0.66600000,450.00000000,0.6371
1749266290,0.66630000,1621.00000000,0.6371
1749266290,0.66660000,16.00000000,0.6371
1749266290,0.66700000,1248.00000000,0.6371
1749266290,0.66910000,228.00000000,0.6371
1749266290,0.67030000,420.00000000,0.6371
1749266290,0.67040000,16.00000000,0.6371
1749266290,0.67150000,373.00000000,0.6371
1749266592,0.63800000,51.00000000,0.6366
1749266592,0.63810000,63.00000000,0.6366
1749266592,0.63820000,12.00000000,0.6366
1749266592,0.63830000,12.00000000,0.6366
1749266592,0.63840000,746.00000000,0.6366
1749266592,0.63850000,1085.00000000,0.6366
1749266592,0.63860000,399.00000000,0.6366
1749266592,0.63870000,1039.00000000,0.6366
1749266592,0.63880000,2275.00000000,0.6366
1749266592,0.63890000,7102.00000000,0.6366
1749266592,0.63900000,6133.00000000,0.6366
1749266592,0.63910000,4049.00000000,0.6366
1749266592,0.63920000,1799.00000000,0.6366
1749266592,0.63930000,2764.00000000,0.6366
1749266592,0.63940000,3741.00000000,0.6366
1749266592,0.63950000,5103.00000000,0.6366
1749266592,0.63960000,1959.00000000,0.6366
1749266592,0.63970000,983.00000000,0.6366
1749266592,0.63980000,830.00000000,0.6366
1749266592,0.63990000,1778.00000000,0.6366
1749266592,0.64000000,2645.00000000,0.6366
1749266592,0.64010000,1542.00000000,0.6366
1749266592,0.64020000,832.00000000,0.6366
1749266592,0.64050000,736.00000000,0.6366
1749266592,0.64070000,595.00000000,0.6366
1749266592,0.64080000,607.00000000,0.6366
1749266592,0.64090000,838.00000000,0.6366
1749266592,0.64110000,606.00000000,0.6366
1749266592,0.64120000,594.00000000,0.6366
1749266592,0.64130000,15.00000000,0.6366
1749266592,0.64140000,12.00000000,0.6366
1749266592,0.64150000,1377.00000000,0.6366
1749266592,0.64160000,594.00000000,0.6366
1749266592,0.64170000,12.00000000,0.6366
1749266592,0.64190000,731.00000000,0.6366
1749266592,0.64200000,31.00000000,0.6366
1749266592,0.64220000,593.00000000,0.6366
1749266592,0.64230000,12.00000000,0.6366
1749266592,0.64260000,12.00000000,0.6366
1749266592,0.64280000,4117.00000000,0.6366
1749266592,0.64290000,12.00000000,0.6366
1749266592,0.64320000,12.00000000,0.6366
1749266592,0.64330000,717.00000000,0.6366
1749266592,0.64350000,12.00000000,0.6366
1749266592,0.64380000,12.00000000,0.6366
1749266592,0.64390000,16.00000000,0.6366
1749266592,0.64400000,35.00000000,0.6366
1749266592,0.64410000,12.00000000,0.6366
1749266592,0.64440000,12.00000000,0.6366
1749266592,0.64500000,50.00000000,0.6366
1749266592,0.64510000,11.00000000,0.6366
1749266592,0.64520000,9.00000000,0.6366
1749266592,0.64660000,19.00000000,0.6366
1749266592,0.64750000,3162.00000000,0.6366
1749266592,0.64770000,16.00000000,0.6366
1749266592,0.64780000,4100.00000000,0.6366
1749266592,0.64960000,228.00000000,0.6366
1749266592,0.64980000,380.00000000,0.6366
1749266592,0.65000000,149.00000000,0.6366
1749266592,0.65010000,10.00000000,0.6366
1749266592,0.65120000,1122.00000000,0.6366
1749266592,0.65150000,16.00000000,0.6366
1749266592,0.65280000,373.00000000,0.6366
1749266592,0.65290000,5163.00000000,0.6366
1749266592,0.65420000,2715.00000000,0.6366
1749266592,0.65450000,1163.00000000,0.6366
1749266592,0.65500000,688.00000000,0.6366
1749266592,0.65510000,11.00000000,0.6366
1749266592,0.65530000,16.00000000,0.6366
1749266592,0.65580000,19.00000000,0.6366
1749266592,0.65610000,402.00000000,0.6366
1749266592,0.65900000,16.00000000,0.6366
1749266592,0.65930000,228.00000000,0.6366
1749266592,0.65980000,497.00000000,0.6366
1749266592,0.65990000,9889.00000000,0.6366
1749266592,0.66000000,664.00000000,0.6366
1749266592,0.66070000,1625.00000000,0.6366
1749266592,0.66120000,378.00000000,0.6366
1749266592,0.66170000,397.00000000,0.6366
1749266592,0.66180000,1005.00000000,0.6366
1749266592,0.66190000,9665.00000000,0.6366
1749266592,0.66280000,16.00000000,0.6366
1749266592,0.66290000,34.00000000,0.6366
1749266592,0.66370000,8.00000000,0.6366
1749266592,0.66450000,15.00000000,0.6366
1749266592,0.66460000,1621.00000000,0.6366
1749266592,0.66510000,11.00000000,0.6366
1749266592,0.66570000,391.00000000,0.6366
1749266592,0.66600000,450.00000000,0.6366
1749266592,0.66660000,16.00000000,0.6366
1749266592,0.66700000,1248.00000000,0.6366
1749266592,0.66910000,228.00000000,0.6366
1749266592,0.67030000,420.00000000,0.6366
1749266592,0.67040000,16.00000000,0.6366
1749266592,0.67150000,373.00000000,0.6366
1749266592,0.67330000,4735.00000000,0.6366
1749266592,0.67360000,159.00000000,0.6366
1749266592,0.67420000,16.00000000,0.6366
1749266592,0.67500000,400.00000000,0.6366
1749266592,0.67610000,15.00000000,0.6366
1749266894,0.63730000,140.00000000,0.6368
1749266894,0.63740000,74.00000000,0.6368
1749266894,0.63750000,275.00000000,0.6368
1749266894,0.63760000,1476.00000000,0.6368
1749266894,0.63770000,2380.00000000,0.6368
1749266894,0.63780000,1974.00000000,0.6368
1749266894,0.63790000,1574.00000000,0.6368
1749266894,0.63800000,2971.00000000,0.6368
1749266894,0.63810000,411.00000000,0.6368
1749266894,0.63820000,993.00000000,0.6368
1749266894,0.63830000,1064.00000000,0.6368
1749266894,0.63840000,3202.00000000,0.6368
1749266894,0.63850000,2815.00000000,0.6368
1749266894,0.63860000,3702.00000000,0.6368
1749266894,0.63870000,3422.00000000,0.6368
1749266894,0.63880000,992.00000000,0.6368
1749266894,0.63890000,1590.00000000,0.6368
1749266894,0.63900000,5922.00000000,0.6368
1749266894,0.63910000,2154.00000000,0.6368
1749266894,0.63920000,4228.00000000,0.6368
1749266894,0.63930000,1961.00000000,0.6368
1749266894,0.63940000,387.00000000,0.6368
1749266894,0.63950000,1895.00000000,0.6368
1749266894,0.63960000,605.00000000,0.6368
1749266894,0.63980000,723.00000000,0.6368
1749266894,0.63990000,1712.00000000,0.6368
1749266894,0.64000000,245.00000000,0.6368
1749266894,0.64010000,629.00000000,0.6368
1749266894,0.64020000,832.00000000,0.6368
1749266894,0.64050000,606.00000000,0.6368
1749266894,0.64070000,1433.00000000,0.6368
1749266894,0.64080000,607.00000000,0.6368
1749266894,0.64110000,1389.00000000,0.6368
1749266894,0.64120000,673.00000000,0.6368
1749266894,0.64130000,15.00000000,0.6368
1749266894,0.64140000,12.00000000,0.6368
1749266894,0.64150000,594.00000000,0.6368
1749266894,0.64160000,594.00000000,0.6368
1749266894,0.64170000,12.00000000,0.6368
1749266894,0.64190000,1185.00000000,0.6368
1749266894,0.64200000,31.00000000,0.6368
1749266894,0.64220000,593.00000000,0.6368
1749266894,0.64230000,12.00000000,0.6368
1749266894,0.64260000,12.00000000,0.6368
1749266894,0.64270000,593.00000000,0.6368
1749266894,0.64280000,2276.00000000,0.6368
1749266894,0.64290000,12.00000000,0.6368
1749266894,0.64320000,12.00000000,0.6368
1749266894,0.64330000,717.00000000,0.6368
1749266894,0.64350000,605.00000000,0.6368
1749266894,0.64380000,12.00000000,0.6368
1749266894,0.64390000,16.00000000,0.6368
1749266894,0.64400000,35.00000000,0.6368
1749266894,0.64410000,12.00000000,0.6368
1749266894,0.64440000,12.00000000,0.6368
1749266894,0.64470000,12.00000000,0.6368
1749266894,0.64480000,1885.00000000,0.6368
1749266894,0.64500000,62.00000000,0.6368
1749266894,0.64510000,11.00000000,0.6368
1749266894,0.64520000,9.00000000,0.6368
1749266894,0.64530000,12.00000000,0.6368
1749266894,0.64560000,12.00000000,0.6368
1749266894,0.64660000,19.00000000,0.6368
1749266894,0.64750000,9.00000000,0.6368
1749266894,0.64770000,16.00000000,0.6368
1749266894,0.64780000,4100.00000000,0.6368
1749266894,0.64930000,3153.00000000,0.6368
1749266894,0.64960000,228.00000000,0.6368
1749266894,0.64980000,380.00000000,0.6368
1749266894,0.65000000,149.00000000,0.6368
1749266894,0.65010000,10.00000000,0.6368
1749266894,0.65120000,1122.00000000,0.6368
1749266894,0.65140000,8.00000000,0.6368
1749266894,0.65150000,16.00000000,0.6368
1749266894,0.65280000,373.00000000,0.6368
1749266894,0.65290000,5163.00000000,0.6368
1749266894,0.65420000,1088.00000000,0.6368
1749266894,0.65430000,1163.00000000,0.6368
1749266894,0.65500000,688.00000000,0.6368
1749266894,0.65510000,11.00000000,0.6368
1749266894,0.65530000,16.00000000,0.6368
1749266894,0.65580000,19.00000000,0.6368
1749266894,0.65600000,1627.00000000,0.6368
1749266894,0.65780000,402.00000000,0.6368
1749266894,0.65900000,16.00000000,0.6368
1749266894,0.65930000,228.00000000,0.6368
1749266894,0.65980000,283.00000000,0.6368
1749266894,0.65990000,9889.00000000,0.6368
1749266894,0.66000000,664.00000000,0.6368
1749266894,0.66120000,378.00000000,0.6368
1749266894,0.66180000,1219.00000000,0.6368
1749266894,0.66190000,9665.00000000,0.6368
1749266894,0.66240000,1625.00000000,0.6368
1749266894,0.66280000,16.00000000,0.6368
1749266894,0.66290000,34.00000000,0.6368
1749266894,0.66350000,397.00000000,0.6368
1749266894,0.66370000,8.00000000,0.6368
1749266894,0.66450000,15.00000000,0.6368
1749266894,0.66510000,11.00000000,0.6368
1749266894,0.66570000,391.00000000,0.6368
1749267196,0.63540000,56.00000000,0.6351
1749267196,0.63550000,390.00000000,0.6351
1749267196,0.63560000,696.00000000,0.6351
1749267196,0.63570000,2279.00000000,0.6351
1749267196,0.63580000,1024.00000000,0.6351
1749267196,0.63590000,3172.00000000,0.6351
1749267196,0.63600000,3999.00000000,0.6351
1749267196,0.63610000,2645.00000000,0.6351
1749267196,0.63620000,740.00000000,0.6351
1749267196,0.63630000,1137.00000000,0.6351
1749267196,0.63640000,995.00000000,0.6351
1749267196,0.63650000,2076.00000000,0.6351
1749267196,0.63660000,9000.00000000,0.6351
1749267196,0.63670000,6060.00000000,0.6351
1749267196,0.63680000,2578.00000000,0.6351
1749267196,0.63690000,1907.00000000,0.6351
1749267196,0.63700000,479.00000000,0.6351
1749267196,0.63710000,2659.00000000,0.6351
1749267196,0.63720000,4192.00000000,0.6351
1749267196,0.63730000,3557.00000000,0.6351
1749267196,0.63740000,982.00000000,0.6351
1749267196,0.63750000,399.00000000,0.6351
1749267196,0.63760000,3534.00000000,0.6351
1749267196,0.63770000,909.00000000,0.6351
1749267196,0.63780000,1184.00000000,0.6351
1749267196,0.63790000,594.00000000,0.6351
1749267196,0.63800000,594.00000000,0.6351
1749267196,0.63810000,12.00000000,0.6351
1749267196,0.63820000,2294.00000000,0.6351
1749267196,0.63840000,1389.00000000,0.6351
1749267196,0.63860000,1527.00000000,0.6351
1749267196,0.63870000,606.00000000,0.6351
1749267196,0.63880000,593.00000000,0.6351
1749267196,0.63900000,605.00000000,0.6351
1749267196,0.63920000,593.00000000,0.6351
1749267196,0.63930000,12.00000000,0.6351
1749267196,0.63950000,593.00000000,0.6351
1749267196,0.63960000,605.00000000,0.6351
1749267196,0.63980000,593.00000000,0.6351
1749267196,0.63990000,12.00000000,0.6351
1749267196,0.64000000,245.00000000,0.6351
1749267196,0.64010000,629.00000000,0.6351
1749267196,0.64020000,1286.00000000,0.6351
1749267196,0.64040000,79.00000000,0.6351
1749267196,0.64050000,606.00000000,0.6351
1749267196,0.64060000,2269.00000000,0.6351
1749267196,0.64070000,595.00000000,0.6351
1749267196,0.64080000,607.00000000,0.6351
1749267196,0.64110000,606.00000000,0.6351
1749267196,0.64120000,594.00000000,0.6351
1749267196,0.64130000,15.00000000,0.6351
1749267196,0.64140000,12.00000000,0.6351
1749267196,0.64150000,594.00000000,0.6351
1749267196,0.64160000,594.00000000,0.6351
1749267196,0.64170000,12.00000000,0.6351
1749267196,0.64190000,136.00000000,0.6351
1749267196,0.64200000,31.00000000,0.6351
1749267196,0.64230000,12.00000000,0.6351
1749267196,0.64260000,12.00000000,0.6351
1749267196,0.64290000,12.00000000,0.6351
1749267196,0.64320000,12.00000000,0.6351
1749267196,0.64330000,717.00000000,0.6351
1749267196,0.64350000,12.00000000,0.6351
1749267196,0.64380000,12.00000000,0.6351
1749267196,0.64390000,16.00000000,0.6351
1749267196,0.64400000,35.00000000,0.6351
1749267196,0.64410000,12.00000000,0.6351
1749267196,0.64440000,12.00000000,0.6351
1749267196,0.64470000,12.00000000,0.6351
1749267196,0.64480000,1885.00000000,0.6351
1749267196,0.64500000,62.00000000,0.6351
1749267196,0.64510000,11.00000000,0.6351
1749267196,0.64520000,9.00000000,0.6351
1749267196,0.64530000,12.00000000,0.6351
1749267196,0.64560000,4207.00000000,0.6351
1749267196,0.64660000,19.00000000,0.6351
1749267196,0.64750000,9.00000000,0.6351
1749267196,0.64760000,3153.00000000,0.6351
1749267196,0.64770000,16.00000000,0.6351
1749267196,0.64960000,228.00000000,0.6351
1749267196,0.64980000,380.00000000,0.6351
1749267196,0.65000000,149.00000000,0.6351
1749267196,0.65010000,10.00000000,0.6351
1749267196,0.65120000,1122.00000000,0.6351
1749267196,0.65140000,8.00000000,0.6351
1749267196,0.65150000,16.00000000,0.6351
1749267196,0.65280000,373.00000000,0.6351
1749267196,0.65290000,5163.00000000,0.6351
1749267196,0.65410000,1627.00000000,0.6351
1749267196,0.65420000,1088.00000000,0.6351
1749267196,0.65430000,1163.00000000,0.6351
1749267196,0.65500000,688.00000000,0.6351
1749267196,0.65510000,11.00000000,0.6351
1749267196,0.65530000,16.00000000,0.6351
1749267196,0.65580000,19.00000000,0.6351
1749267196,0.65590000,402.00000000,0.6351
1749267196,0.65900000,16.00000000,0.6351
1749267196,0.65930000,228.00000000,0.6351
1749267196,0.65980000,377.00000000,0.6351
1749267196,0.65990000,9889.00000000,0.6351
1749267502,0.63630000,386.00000000,0.6359
1749267502,0.63640000,574.00000000,0.6359
1749267502,0.63650000,1874.00000000,0.6359
1749267502,0.63660000,1805.00000000,0.6359
1749267502,0.63670000,4558.00000000,0.6359
1749267502,0.63680000,4099.00000000,0.6359
1749267502,0.63690000,5865.00000000,0.6359
1749267502,0.63700000,994.00000000,0.6359
1749267502,0.63710000,734.00000000,0.6359
1749267502,0.63720000,3284.00000000,0.6359
1749267502,0.63730000,6721.00000000,0.6359
1749267502,0.63740000,3633.00000000,0.6359
1749267502,0.63750000,4361.00000000,0.6359
1749267502,0.63760000,2586.00000000,0.6359
1749267502,0.63770000,2342.00000000,0.6359
1749267502,0.63780000,6400.00000000,0.6359
1749267502,0.63790000,4443.00000000,0.6359
1749267502,0.63800000,981.00000000,0.6359
1749267502,0.63810000,1995.00000000,0.6359
1749267502,0.63820000,981.00000000,0.6359
1749267502,0.63830000,387.00000000,0.6359
1749267502,0.63840000,1123.00000000,0.6359
1749267502,0.63870000,993.00000000,0.6359
1749267502,0.63880000,1880.00000000,0.6359
1749267502,0.63900000,992.00000000,0.6359
1749267502,0.63910000,1780.00000000,0.6359
1749267502,0.63920000,593.00000000,0.6359
1749267502,0.63930000,12.00000000,0.6359
1749267502,0.63940000,783.00000000,0.6359
1749267502,0.63950000,593.00000000,0.6359
1749267502,0.63960000,1443.00000000,0.6359
1749267502,0.63980000,593.00000000,0.6359
1749267502,0.63990000,12.00000000,0.6359
1749267502,0.64000000,245.00000000,0.6359
1749267502,0.64010000,629.00000000,0.6359
1749267502,0.64020000,1286.00000000,0.6359
1749267502,0.64050000,606.00000000,0.6359
1749267502,0.64070000,595.00000000,0.6359
1749267502,0.64080000,607.00000000,0.6359
1749267502,0.64110000,606.00000000,0.6359
1749267502,0.64120000,673.00000000,0.6359
1749267502,0.64130000,15.00000000,0.6359
1749267502,0.64140000,12.00000000,0.6359
1749267502,0.64150000,594.00000000,0.6359
1749267502,0.64160000,594.00000000,0.6359
1749267502,0.64170000,12.00000000,0.6359
1749267502,0.64180000,2265.00000000,0.6359
1749267502,0.64190000,136.00000000,0.6359
1749267502,0.64200000,31.00000000,0.6359
1749267502,0.64230000,12.00000000,0.6359
1749267502,0.64260000,12.00000000,0.6359
1749267502,0.64290000,12.00000000,0.6359
1749267502,0.64320000,12.00000000,0.6359
1749267502,0.64330000,717.00000000,0.6359
1749267502,0.64350000,12.00000000,0.6359
1749267502,0.64380000,12.00000000,0.6359
1749267502,0.64390000,16.00000000,0.6359
1749267502,0.64400000,35.00000000,0.6359
1749267502,0.64410000,12.00000000,0.6359
1749267502,0.64440000,12.00000000,0.6359
1749267502,0.64470000,12.00000000,0.6359
1749267502,0.64480000,1885.00000000,0.6359
1749267502,0.64500000,62.00000000,0.6359
1749267502,0.64510000,11.00000000,0.6359
1749267502,0.64520000,9.00000000,0.6359
1749267502,0.64530000,12.00000000,0.6359
1749267502,0.64560000,4207.00000000,0.6359
1749267502,0.64660000,19.00000000,0.6359
1749267502,0.64750000,9.00000000,0.6359
1749267502,0.64760000,3153.00000000,0.6359
1749267502,0.64770000,16.00000000,0.6359
1749267502,0.64960000,228.00000000,0.6359
1749267502,0.64980000,380.00000000,0.6359
1749267502,0.65000000,149.00000000,0.6359
1749267502,0.65010000,10.00000000,0.6359
1749267502,0.65120000,1122.00000000,0.6359
1749267502,0.65140000,8.00000000,0.6359
1749267502,0.65150000,16.00000000,0.6359
1749267502,0.65280000,373.00000000,0.6359
1749267502,0.65290000,5163.00000000,0.6359
1749267502,0.65410000,1627.00000000,0.6359
1749267502,0.65420000,1088.00000000,0.6359
1749267502,0.65430000,1163.00000000,0.6359
1749267502,0.65500000,688.00000000,0.6359
1749267502,0.65510000,11.00000000,0.6359
1749267502,0.65530000,16.00000000,0.6359
1749267502,0.65580000,19.00000000,0.6359
1749267502,0.65590000,402.00000000,0.6359
1749267502,0.65900000,16.00000000,0.6359
1749267502,0.65930000,228.00000000,0.6359
1749267502,0.65980000,377.00000000,0.6359
1749267502,0.65990000,9889.00000000,0.6359
1749267502,0.66000000,664.00000000,0.6359
1749267502,0.66070000,1625.00000000,0.6359
1749267502,0.66120000,378.00000000,0.6359
1749267502,0.66180000,1522.00000000,0.6359
1749267502,0.66190000,9665.00000000,0.6359
1749267502,0.66280000,16.00000000,0.6359
1749267502,0.66290000,34.00000000,0.6359
1749267502,0.66370000,8.00000000,0.6359
1749267804,0.63800000,944.00000000,0.6375
1749267804,0.63810000,774.00000000,0.6375
1749267804,0.63820000,1874.00000000,0.6375
1749267804,0.63830000,1853.00000000,0.6375
1749267804,0.63840000,5876.00000000,0.6375
1749267804,0.63850000,1502.00000000,0.6375
1749267804,0.63860000,993.00000000,0.6375
1749267804,0.63870000,1216.00000000,0.6375
1749267804,0.63880000,2802.00000000,0.6375
1749267804,0.63890000,3475.00000000,0.6375
1749267804,0.63900000,6419.00000000,0.6375
1749267804,0.63910000,2383.00000000,0.6375
1749267804,0.63920000,2236.00000000,0.6375
1749267804,0.63930000,5371.00000000,0.6375
1749267804,0.63940000,2782.00000000,0.6375
1749267804,0.63950000,9303.00000000,0.6375
1749267804,0.63960000,4351.00000000,0.6375
1749267804,0.63970000,2063.00000000,0.6375
1749267804,0.63980000,1060.00000000,0.6375
1749267804,0.63990000,2075.00000000,0.6375
1749267804,0.64000000,1547.00000000,0.6375
1749267804,0.64010000,2716.00000000,0.6375
1749267804,0.64020000,1219.00000000,0.6375
1749267804,0.64050000,1961.00000000,0.6375
1749267804,0.64070000,982.00000000,0.6375
1749267804,0.64080000,994.00000000,0.6375
1749267804,0.64100000,783.00000000,0.6375
1749267804,0.64110000,606.00000000,0.6375
1749267804,0.64120000,594.00000000,0.6375
1749267804,0.64130000,15.00000000,0.6375
