timestamp,price,volume,current_price
1749258370,0.40830000,42.90000000,0.4077
1749258370,0.40840000,963.00000000,0.4077
1749258370,0.40850000,2081.40000000,0.4077
1749258370,0.40860000,6099.00000000,0.4077
1749258370,0.40870000,6105.70000000,0.4077
1749258370,0.40880000,277.20000000,0.4077
1749258370,0.40890000,3802.90000000,0.4077
1749258370,0.40900000,10225.70000000,0.4077
1749258370,0.40910000,17190.20000000,0.4077
1749258370,0.40920000,11535.70000000,0.4077
1749258370,0.40930000,5417.50000000,0.4077
1749258370,0.40940000,5594.60000000,0.4077
1749258370,0.40950000,6779.00000000,0.4077
1749258370,0.40960000,2216.30000000,0.4077
1749258370,0.40970000,2383.80000000,0.4077
1749258370,0.40980000,17779.80000000,0.4077
1749258370,0.40990000,2901.30000000,0.4077
1749258370,0.41000000,193.20000000,0.4077
1749258370,0.41010000,3803.80000000,0.4077
1749258370,0.41020000,1885.00000000,0.4077
1749258370,0.41030000,2525.90000000,0.4077
1749258370,0.41040000,4527.00000000,0.4077
1749258370,0.41050000,22662.40000000,0.4077
1749258370,0.41060000,1983.70000000,0.4077
1749258370,0.41070000,4506.90000000,0.4077
1749258370,0.41080000,724.90000000,0.4077
1749258370,0.41090000,1266.20000000,0.4077
1749258370,0.41100000,69.00000000,0.4077
1749258370,0.41110000,3765.10000000,0.4077
1749258370,0.41120000,2881.60000000,0.4077
1749258370,0.41130000,5826.70000000,0.4077
1749258370,0.41140000,723.40000000,0.4077
1749258370,0.41150000,1266.20000000,0.4077
1749258370,0.41160000,2539.50000000,0.4077
1749258370,0.41170000,1426.00000000,0.4077
1749258370,0.41180000,1284.40000000,0.4077
1749258370,0.41190000,68862.60000000,0.4077
1749258370,0.41200000,2479.10000000,0.4077
1749258370,0.41210000,2017.70000000,0.4077
1749258370,0.41220000,2609.80000000,0.4077
1749258370,0.41230000,24.30000000,0.4077
1749258370,0.41240000,25813.20000000,0.4077
1749258370,0.41250000,24.30000000,0.4077
1749258370,0.41260000,2526.00000000,0.4077
1749258370,0.41270000,1266.10000000,0.4077
1749258370,0.41280000,55.90000000,0.4077
1749258370,0.41290000,24.30000000,0.4077
1749258370,0.41300000,2591.20000000,0.4077
1749258370,0.41310000,266.30000000,0.4077
1749258370,0.41320000,59.20000000,0.4077
1749258370,0.41330000,39.60000000,0.4077
1749258370,0.41340000,76.60000000,0.4077
1749258370,0.41350000,24.20000000,0.4077
1749258370,0.41360000,284.10000000,0.4077
1749258370,0.41370000,24097.40000000,0.4077
1749258370,0.41380000,21261.80000000,0.4077
1749258370,0.41390000,37.10000000,0.4077
1749258370,0.41400000,12781.40000000,0.4077
1749258370,0.41410000,265.60000000,0.4077
1749258370,0.41420000,56.70000000,0.4077
1749258370,0.41430000,674.80000000,0.4077
1749258370,0.41440000,73.40000000,0.4077
1749258370,0.41450000,24.60000000,0.4077
1749258370,0.41460000,42.80000000,0.4077
1749258370,0.41470000,47.50000000,0.4077
1749258370,0.41480000,24.60000000,0.4077
1749258370,0.41490000,36439.70000000,0.4077
1749258370,0.41500000,64512.80000000,0.4077
1749258370,0.41510000,24.60000000,0.4077
1749258370,0.41520000,24.60000000,0.4077
1749258370,0.41530000,136.50000000,0.4077
1749258370,0.41540000,24.60000000,0.4077
1749258370,0.41550000,40.00000000,0.4077
1749258370,0.41560000,145198.90000000,0.4077
1749258370,0.41570000,41.30000000,0.4077
1749258370,0.41580000,24.60000000,0.4077
1749258370,0.41590000,157624.90000000,0.4077
1749258370,0.41600000,255.70000000,0.4077
1749258370,0.41610000,24.20000000,0.4077
1749258370,0.41620000,20.80000000,0.4077
1749258370,0.41640000,36508.30000000,0.4077
1749258370,0.41650000,35448.60000000,0.4077
1749258370,0.41660000,174.00000000,0.4077
1749258370,0.41680000,590.20000000,0.4077
1749258370,0.41690000,66.00000000,0.4077
1749258370,0.41700000,675.00000000,0.4077
1749258370,0.41710000,22.90000000,0.4077
1749258370,0.41720000,20.60000000,0.4077
1749258370,0.41750000,87.20000000,0.4077
1749258370,0.41760000,2573.70000000,0.4077
1749258370,0.41770000,363.00000000,0.4077
1749258370,0.41780000,13.70000000,0.4077
1749258370,0.41800000,2674.80000000,0.4077
1749258370,0.41810000,13.40000000,0.4077
1749258370,0.41820000,29.60000000,0.4077
1749258370,0.41850000,16.20000000,0.4077
1749258370,0.41890000,42.00000000,0.4077
1749258370,0.41900000,637.60000000,0.4077
1749258370,0.41930000,109.00000000,0.4077
1749258370,0.41940000,139.70000000,0.4077
1749258686,0.40780000,666.00000000,0.4077
1749258686,0.40790000,2652.80000000,0.4077
1749258686,0.40800000,2765.50000000,0.4077
1749258686,0.40810000,5950.30000000,0.4077
1749258686,0.40820000,8044.90000000,0.4077
1749258686,0.40830000,11680.40000000,0.4077
1749258686,0.40840000,10403.90000000,0.4077
1749258686,0.40850000,4166.40000000,0.4077
1749258686,0.40860000,74.80000000,0.4077
1749258686,0.40870000,19223.30000000,0.4077
1749258686,0.40880000,5710.40000000,0.4077
1749258686,0.40890000,2997.40000000,0.4077
1749258686,0.40900000,10164.80000000,0.4077
1749258686,0.40910000,5906.20000000,0.4077
1749258686,0.40920000,56.40000000,0.4077
1749258686,0.40930000,3427.20000000,0.4077
1749258686,0.40940000,73.10000000,0.4077
1749258686,0.40950000,4507.00000000,0.4077
1749258686,0.40960000,1332.10000000,0.4077
1749258686,0.40970000,1649.30000000,0.4077
1749258686,0.40980000,4160.00000000,0.4077
1749258686,0.40990000,2508.00000000,0.4077
1749258686,0.41000000,2919.20000000,0.4077
1749258686,0.41010000,3803.80000000,0.4077
1749258686,0.41020000,20719.80000000,0.4077
1749258686,0.41030000,1949.20000000,0.4077
1749258686,0.41040000,2539.70000000,0.4077
1749258686,0.41050000,2377.80000000,0.4077
1749258686,0.41060000,25935.50000000,0.4077
1749258686,0.41070000,3190.40000000,0.4077
1749258686,0.41080000,724.40000000,0.4077
1749258686,0.41090000,1266.20000000,0.4077
1749258686,0.41100000,750.20000000,0.4077
1749258686,0.41110000,7622.40000000,0.4077
1749258686,0.41120000,1284.50000000,0.4077
1749258686,0.41130000,705.30000000,0.4077
1749258686,0.41140000,67887.90000000,0.4077
1749258686,0.41150000,1266.20000000,0.4077
1749258686,0.41160000,2539.50000000,0.4077
1749258686,0.41170000,24.30000000,0.4077
1749258686,0.41180000,1284.40000000,0.4077
1749258686,0.41190000,54.90000000,0.4077
1749258686,0.41200000,2479.10000000,0.4077
1749258686,0.41210000,24.30000000,0.4077
1749258686,0.41220000,126.30000000,0.4077
1749258686,0.41230000,24.30000000,0.4077
1749258686,0.41240000,44.60000000,0.4077
1749258686,0.41250000,24.30000000,0.4077
1749258686,0.41260000,42.50000000,0.4077
1749258686,0.41270000,24.30000000,0.4077
1749258686,0.41280000,24129.10000000,0.4077
1749258686,0.41290000,21222.90000000,0.4077
1749258686,0.41300000,757.90000000,0.4077
1749258686,0.41310000,266.30000000,0.4077
1749258686,0.41320000,59.20000000,0.4077
1749258686,0.41330000,119.90000000,0.4077
1749258686,0.41340000,77.10000000,0.4077
1749258686,0.41350000,24.70000000,0.4077
1749258686,0.41360000,36368.30000000,0.4077
1749258686,0.41370000,12992.80000000,0.4077
1749258686,0.41380000,96.50000000,0.4077
1749258686,0.41390000,132.10000000,0.4077
1749258686,0.41400000,372.20000000,0.4077
1749258686,0.41410000,266.10000000,0.4077
1749258686,0.41420000,38.50000000,0.4077
1749258686,0.41430000,24.60000000,0.4077
1749258686,0.41440000,55.20000000,0.4077
1749258686,0.41450000,24.60000000,0.4077
1749258686,0.41460000,24.60000000,0.4077
1749258686,0.41470000,35439.90000000,0.4077
1749258686,0.41480000,24.60000000,0.4077
1749258686,0.41490000,24.60000000,0.4077
1749258686,0.41500000,64760.90000000,0.4077
1749258686,0.41510000,145390.60000000,0.4077
1749258686,0.41520000,24.60000000,0.4077
1749258686,0.41530000,136.50000000,0.4077
1749258686,0.41540000,161648.50000000,0.4077
1749258686,0.41550000,15.40000000,0.4077
1749258686,0.41570000,16.70000000,0.4077
1749258686,0.41600000,255.70000000,0.4077
1749258686,0.41610000,24.20000000,0.4077
1749258686,0.41620000,20.80000000,0.4077
1749258686,0.41640000,293.90000000,0.4077
1749258686,0.41650000,209.20000000,0.4077
1749258686,0.41660000,174.00000000,0.4077
1749258686,0.41680000,590.20000000,0.4077
1749258686,0.41690000,66.00000000,0.4077
1749258686,0.41700000,675.00000000,0.4077
1749258686,0.41710000,22.90000000,0.4077
1749258686,0.41720000,20.60000000,0.4077
1749258686,0.41750000,87.20000000,0.4077
1749258686,0.41760000,15.40000000,0.4077
1749258686,0.41770000,2921.30000000,0.4077
1749258686,0.41780000,13.70000000,0.4077
1749258686,0.41800000,2674.80000000,0.4077
1749258686,0.41810000,13.40000000,0.4077
1749258686,0.41820000,29.60000000,0.4077
1749258686,0.41850000,16.20000000,0.4077
1749258686,0.41890000,42.00000000,0.4077
1749258686,0.41900000,637.60000000,0.4077
1749258988,0.40650000,566.90000000,0.4065
1749258988,0.40660000,292.50000000,0.4065
1749258988,0.40670000,7500.60000000,0.4065
1749258988,0.40680000,3503.60000000,0.4065
1749258988,0.40690000,5387.90000000,0.4065
1749258988,0.40700000,8336.40000000,0.4065
1749258988,0.40710000,10506.40000000,0.4065
1749258988,0.40720000,10438.30000000,0.4065
1749258988,0.40730000,10909.50000000,0.4065
1749258988,0.40740000,22340.90000000,0.4065
1749258988,0.40750000,18421.70000000,0.4065
1749258988,0.40760000,4821.00000000,0.4065
1749258988,0.40770000,2904.70000000,0.4065
1749258988,0.40780000,2540.10000000,0.4065
1749258988,0.40790000,4143.10000000,0.4065
1749258988,0.40800000,13574.00000000,0.4065
1749258988,0.40810000,4710.00000000,0.4065
1749258988,0.40820000,1298.30000000,0.4065
1749258988,0.40830000,2603.90000000,0.4065
1749258988,0.40840000,4212.80000000,0.4065
1749258988,0.40850000,2508.10000000,0.4065
1749258988,0.40860000,1352.30000000,0.4065
1749258988,0.40870000,4336.80000000,0.4065
1749258988,0.40880000,2547.00000000,0.4065
1749258988,0.40890000,1281.70000000,0.4065
1749258988,0.40900000,1630.50000000,0.4065
1749258988,0.40910000,26145.00000000,0.4065
1749258988,0.40920000,759.30000000,0.4065
1749258988,0.40930000,2031.80000000,0.4065
1749258988,0.40940000,4167.90000000,0.4065
1749258988,0.40950000,1266.20000000,0.4065
1749258988,0.40960000,76.70000000,0.4065
1749258988,0.40970000,10893.80000000,0.4065
1749258988,0.40980000,2393.10000000,0.4065
1749258988,0.40990000,24700.80000000,0.4065
1749258988,0.41000000,4053.50000000,0.4065
1749258988,0.41010000,38262.70000000,0.4065
1749258988,0.41020000,726.20000000,0.4065
1749258988,0.41030000,29585.80000000,0.4065
1749258988,0.41040000,2539.70000000,0.4065
1749258988,0.41050000,24.40000000,0.4065
1749258988,0.41060000,1301.20000000,0.4065
1749258988,0.41070000,2507.90000000,0.4065
1749258988,0.41080000,42.70000000,0.4065
1749258988,0.41090000,1266.20000000,0.4065
1749258988,0.41100000,790.50000000,0.4065
1749258988,0.41110000,2523.30000000,0.4065
1749258988,0.41120000,1284.50000000,0.4065
1749258988,0.41130000,24.40000000,0.4065
1749258988,0.41140000,42.70000000,0.4065
1749258988,0.41150000,1266.20000000,0.4065
1749258988,0.41160000,2539.50000000,0.4065
1749258988,0.41170000,24.30000000,0.4065
1749258988,0.41180000,24115.80000000,0.4065
1749258988,0.41190000,2538.40000000,0.4065
1749258988,0.41200000,2479.10000000,0.4065
1749258988,0.41210000,24.30000000,0.4065
1749258988,0.41220000,2609.80000000,0.4065
1749258988,0.41230000,34156.80000000,0.4065
1749258988,0.41240000,44.60000000,0.4065
1749258988,0.41250000,24.30000000,0.4065
1749258988,0.41260000,42.50000000,0.4065
1749258988,0.41270000,2507.80000000,0.4065
1749258988,0.41280000,42.50000000,0.4065
1749258988,0.41290000,24.30000000,0.4065
1749258988,0.41300000,3241.40000000,0.4065
1749258988,0.41310000,266.30000000,0.4065
1749258988,0.41320000,59.20000000,0.4065
1749258988,0.41330000,2603.40000000,0.4065
1749258988,0.41340000,36147.40000000,0.4065
1749258988,0.41350000,24.70000000,0.4065
1749258988,0.41360000,284.60000000,0.4065
1749258988,0.41370000,24.70000000,0.4065
1749258988,0.41380000,96.50000000,0.4065
1749258988,0.41390000,132.10000000,0.4065
1749258988,0.41400000,145701.20000000,0.4065
1749258988,0.41410000,158789.30000000,0.4065
1749258988,0.41420000,13.90000000,0.4065
1749258988,0.41440000,30.60000000,0.4065
1749258988,0.41470000,22.90000000,0.4065
1749258988,0.41490000,36214.40000000,0.4065
1749258988,0.41500000,73686.30000000,0.4065
1749258988,0.41530000,111.90000000,0.4065
1749258988,0.41550000,35339.70000000,0.4065
1749258988,0.41570000,16.70000000,0.4065
1749258988,0.41600000,255.70000000,0.4065
1749258988,0.41610000,24.20000000,0.4065
1749258988,0.41620000,20.80000000,0.4065
1749258988,0.41640000,293.90000000,0.4065
1749258988,0.41650000,2767.50000000,0.4065
1749258988,0.41660000,174.00000000,0.4065
1749258988,0.41680000,490.70000000,0.4065
1749258988,0.41690000,66.00000000,0.4065
1749258988,0.41700000,1006.40000000,0.4065
1749258988,0.41710000,22.90000000,0.4065
1749258988,0.41720000,20.60000000,0.4065
1749258988,0.41750000,87.20000000,0.4065
1749258988,0.41760000,15.40000000,0.4065
1749258988,0.41770000,363.00000000,0.4065
1749258988,0.41780000,13.70000000,0.4065
