timestamp,price,volume,current_price
1749260755,0.40690000,261.30000000,0.4068
1749260755,0.40700000,880.80000000,0.4068
1749260755,0.40710000,1991.10000000,0.4068
1749260755,0.40720000,7870.10000000,0.4068
1749260755,0.40730000,14811.50000000,0.4068
1749260755,0.40740000,8650.00000000,0.4068
1749260755,0.40750000,7022.90000000,0.4068
1749260755,0.40760000,16527.70000000,0.4068
1749260755,0.40770000,9360.70000000,0.4068
1749260755,0.40780000,11945.30000000,0.4068
1749260755,0.40790000,16600.40000000,0.4068
1749260755,0.40800000,1316.80000000,0.4068
1749260755,0.40810000,1295.90000000,0.4068
1749260755,0.40820000,3781.70000000,0.4068
1749260755,0.40830000,1914.30000000,0.4068
1749260755,0.40840000,2899.20000000,0.4068
1749260755,0.40850000,2508.00000000,0.4068
1749260755,0.40860000,2540.00000000,0.4068
1749260755,0.40870000,24.50000000,0.4068
1749260755,0.40880000,3781.70000000,0.4068
1749260755,0.40890000,39.90000000,0.4068
1749260755,0.40900000,2561.50000000,0.4068
1749260755,0.40910000,25289.40000000,0.4068
1749260755,0.40920000,2003.80000000,0.4068
1749260755,0.40930000,795.60000000,0.4068
1749260755,0.40940000,5026.70000000,0.4068
1749260755,0.40950000,724.70000000,0.4068
1749260755,0.40960000,2002.20000000,0.4068
1749260755,0.40970000,2507.90000000,0.4068
1749260755,0.40980000,2345.80000000,0.4068
1749260755,0.40990000,6690.40000000,0.4068
1749260755,0.41000000,3289.10000000,0.4068
1749260755,0.41010000,25464.40000000,0.4068
1749260755,0.41020000,725.60000000,0.4068
1749260755,0.41030000,28348.70000000,0.4068
1749260755,0.41040000,1980.90000000,0.4068
1749260755,0.41050000,37250.90000000,0.4068
1749260755,0.41060000,3315.30000000,0.4068
1749260755,0.41070000,1266.20000000,0.4068
1749260755,0.41080000,98.70000000,0.4068
1749260755,0.41090000,2852.50000000,0.4068
1749260755,0.41100000,69.00000000,0.4068
1749260755,0.41110000,39.80000000,0.4068
1749260755,0.41120000,1284.50000000,0.4068
1749260755,0.41130000,24.40000000,0.4068
1749260755,0.41140000,42.70000000,0.4068
1749260755,0.41150000,2507.90000000,0.4068
1749260755,0.41160000,56.00000000,0.4068
1749260755,0.41170000,1266.60000000,0.4068
1749260755,0.41180000,24116.30000000,0.4068
1749260755,0.41190000,36397.60000000,0.4068
1749260755,0.41200000,2479.60000000,0.4068
1749260755,0.41210000,2508.30000000,0.4068
1749260755,0.41220000,21820.70000000,0.4068
1749260755,0.41230000,24.80000000,0.4068
1749260755,0.41240000,105.70000000,0.4068
1749260755,0.41250000,13204.90000000,0.4068
1749260755,0.41260000,43.10000000,0.4068
1749260755,0.41270000,2508.20000000,0.4068
1749260755,0.41280000,783.20000000,0.4068
1749260755,0.41290000,889.40000000,0.4068
1749260755,0.41300000,108.30000000,0.4068
1749260755,0.41310000,266.70000000,0.4068
1749260755,0.41320000,59.80000000,0.4068
1749260755,0.41330000,119.90000000,0.4068
1749260755,0.41340000,376.80000000,0.4068
1749260755,0.41350000,24.70000000,0.4068
1749260755,0.41360000,266.40000000,0.4068
1749260755,0.41370000,24.70000000,0.4068
1749260755,0.41380000,35547.70000000,0.4068
1749260755,0.41390000,132.10000000,0.4068
1749260755,0.41400000,146406.50000000,0.4068
1749260755,0.41410000,625.50000000,0.4068
1749260755,0.41420000,38.50000000,0.4068
1749260755,0.41430000,24.60000000,0.4068
1749260755,0.41440000,159363.40000000,0.4068
1749260755,0.41470000,22.90000000,0.4068
1749260755,0.41480000,1298.00000000,0.4068
1749260755,0.41490000,36214.40000000,0.4068
1749260755,0.41500000,64775.80000000,0.4068
1749260755,0.41530000,111.90000000,0.4068
1749260755,0.41550000,15.40000000,0.4068
1749260755,0.41570000,16.70000000,0.4068
1749260755,0.41600000,255.70000000,0.4068
1749260755,0.41610000,24.20000000,0.4068
1749260755,0.41620000,2579.10000000,0.4068
1749260755,0.41640000,293.90000000,0.4068
1749260755,0.41650000,209.20000000,0.4068
1749260755,0.41660000,174.00000000,0.4068
1749260755,0.41680000,490.70000000,0.4068
1749260755,0.41690000,66.00000000,0.4068
1749260755,0.41700000,675.00000000,0.4068
1749260755,0.41710000,22.90000000,0.4068
1749260755,0.41720000,20.60000000,0.4068
1749260755,0.41750000,65.20000000,0.4068
1749260755,0.41760000,15.40000000,0.4068
1749260755,0.41770000,363.00000000,0.4068
1749260755,0.41780000,13.70000000,0.4068
1749260755,0.41800000,2702.50000000,0.4068
1749260755,0.41810000,13.40000000,0.4068
1749261076,0.40570000,347.10000000,0.4057
1749261076,0.40580000,2889.20000000,0.4057
1749261076,0.40590000,3001.40000000,0.4057
1749261076,0.40600000,10525.90000000,0.4057
1749261076,0.40610000,9277.00000000,0.4057
1749261076,0.40620000,9883.80000000,0.4057
1749261076,0.40630000,21246.50000000,0.4057
1749261076,0.40640000,15887.00000000,0.4057
1749261076,0.40650000,6090.30000000,0.4057
1749261076,0.40660000,2892.10000000,0.4057
1749261076,0.40670000,16720.20000000,0.4057
1749261076,0.40680000,22753.50000000,0.4057
1749261076,0.40690000,5540.90000000,0.4057
1749261076,0.40700000,2925.90000000,0.4057
1749261076,0.40710000,9788.40000000,0.4057
1749261076,0.40720000,3782.00000000,0.4057
1749261076,0.40730000,6755.90000000,0.4057
1749261076,0.40740000,2563.20000000,0.4057
1749261076,0.40750000,2508.10000000,0.4057
1749261076,0.40760000,4816.60000000,0.4057
1749261076,0.40770000,3860.90000000,0.4057
1749261076,0.40780000,4116.70000000,0.4057
1749261076,0.40790000,710.00000000,0.4057
1749261076,0.40800000,3222.00000000,0.4057
1749261076,0.40810000,2537.70000000,0.4057
1749261076,0.40820000,2189.90000000,0.4057
1749261076,0.40830000,2331.20000000,0.4057
1749261076,0.40840000,24954.20000000,0.4057
1749261076,0.40850000,706.40000000,0.4057
1749261076,0.40860000,27294.90000000,0.4057
1749261076,0.40870000,3189.90000000,0.4057
1749261076,0.40880000,7171.00000000,0.4057
1749261076,0.40890000,1281.70000000,0.4057
1749261076,0.40900000,2526.40000000,0.4057
1749261076,0.40910000,2267.40000000,0.4057
1749261076,0.40920000,1319.20000000,0.4057
1749261076,0.40930000,39912.40000000,0.4057
1749261076,0.40940000,59.60000000,0.4057
1749261076,0.40950000,30407.20000000,0.4057
1749261076,0.40960000,76.70000000,0.4057
1749261076,0.40970000,2507.90000000,0.4057
1749261076,0.40980000,800.70000000,0.4057
1749261076,0.40990000,265.90000000,0.4057
1749261076,0.41000000,5470.20000000,0.4057
1749261076,0.41010000,78.50000000,0.4057
1749261076,0.41020000,42.70000000,0.4057
1749261076,0.41030000,2507.90000000,0.4057
1749261076,0.41040000,56.20000000,0.4057
1749261076,0.41050000,1266.20000000,0.4057
1749261076,0.41060000,2563.70000000,0.4057
1749261076,0.41070000,24.40000000,0.4057
1749261076,0.41080000,98.70000000,0.4057
1749261076,0.41090000,2852.50000000,0.4057
1749261076,0.41100000,1310.80000000,0.4057
1749261076,0.41110000,39.80000000,0.4057
1749261076,0.41120000,2526.20000000,0.4057
1749261076,0.41130000,24.40000000,0.4057
1749261076,0.41140000,42.70000000,0.4057
1749261076,0.41150000,27822.90000000,0.4057
1749261076,0.41160000,21304.60000000,0.4057
1749261076,0.41170000,24.80000000,0.4057
1749261076,0.41180000,2526.60000000,0.4057
1749261076,0.41190000,313.90000000,0.4057
1749261076,0.41200000,2479.60000000,0.4057
1749261076,0.41210000,675.00000000,0.4057
1749261076,0.41220000,13498.00000000,0.4057
1749261076,0.41230000,24.80000000,0.4057
1749261076,0.41240000,105.70000000,0.4057
1749261076,0.41250000,163.30000000,0.4057
1749261076,0.41260000,43.10000000,0.4057
1749261076,0.41270000,145972.60000000,0.4057
1749261076,0.41280000,769.80000000,0.4057
1749261076,0.41290000,239.20000000,0.4057
1749261076,0.41300000,36173.60000000,0.4057
1749261076,0.41310000,266.70000000,0.4057
1749261076,0.41320000,163111.10000000,0.4057
1749261076,0.41330000,15.40000000,0.4057
1749261076,0.41340000,35524.50000000,0.4057
1749261076,0.41360000,241.70000000,0.4057
1749261076,0.41380000,53.60000000,0.4057
1749261076,0.41390000,107.40000000,0.4057
1749261076,0.41400000,990.10000000,0.4057
1749261076,0.41410000,600.80000000,0.4057
1749261076,0.41420000,13.90000000,0.4057
1749261076,0.41440000,30.60000000,0.4057
1749261076,0.41470000,22.90000000,0.4057
1749261076,0.41480000,640.00000000,0.4057
1749261076,0.41490000,36545.80000000,0.4057
1749261076,0.41500000,64775.80000000,0.4057
1749261076,0.41530000,111.90000000,0.4057
1749261076,0.41550000,15.40000000,0.4057
1749261076,0.41570000,16.70000000,0.4057
1749261076,0.41590000,658.00000000,0.4057
1749261076,0.41600000,255.70000000,0.4057
1749261076,0.41610000,24.20000000,0.4057
1749261076,0.41620000,2579.10000000,0.4057
1749261076,0.41640000,293.90000000,0.4057
1749261076,0.41650000,209.20000000,0.4057
1749261076,0.41660000,94.80000000,0.4057
1749261076,0.41680000,490.70000000,0.4057
1749261390,0.40710000,2608.00000000,0.407
1749261390,0.40720000,452.70000000,0.407
1749261390,0.40730000,2685.60000000,0.407
1749261390,0.40740000,10486.20000000,0.407
1749261390,0.40750000,17615.60000000,0.407
1749261390,0.40760000,6149.40000000,0.407
1749261390,0.40770000,11819.90000000,0.407
1749261390,0.40780000,25813.30000000,0.407
1749261390,0.40790000,16846.60000000,0.407
1749261390,0.40800000,23751.10000000,0.407
1749261390,0.40810000,3686.10000000,0.407
1749261390,0.40820000,1316.70000000,0.407
1749261390,0.40830000,1266.30000000,0.407
1749261390,0.40840000,6049.70000000,0.407
1749261390,0.40850000,8512.20000000,0.407
1749261390,0.40860000,9099.30000000,0.407
1749261390,0.40870000,3265.20000000,0.407
1749261390,0.40880000,1298.20000000,0.407
1749261390,0.40890000,1281.70000000,0.407
1749261390,0.40900000,3781.70000000,0.407
1749261390,0.40910000,3387.60000000,0.407
1749261390,0.40920000,3243.00000000,0.407
1749261390,0.40930000,2521.90000000,0.407
1749261390,0.40940000,1647.20000000,0.407
1749261390,0.40950000,2034.00000000,0.407
1749261390,0.40960000,2000.70000000,0.407
1749261390,0.40970000,21976.30000000,0.407
1749261390,0.40980000,3127.80000000,0.407
1749261390,0.40990000,5459.10000000,0.407
1749261390,0.41000000,5333.50000000,0.407
1749261390,0.41010000,78.50000000,0.407
1749261390,0.41020000,24701.00000000,0.407
1749261390,0.41030000,2507.90000000,0.407
1749261390,0.41040000,738.40000000,0.407
1749261390,0.41050000,31742.10000000,0.407
1749261390,0.41060000,3245.90000000,0.407
1749261390,0.41070000,24.40000000,0.407
1749261390,0.41080000,38108.00000000,0.407
1749261390,0.41090000,2852.50000000,0.407
1749261390,0.41100000,1310.80000000,0.407
1749261390,0.41110000,39.80000000,0.407
1749261390,0.41120000,2526.20000000,0.407
1749261390,0.41130000,24.40000000,0.407
1749261390,0.41140000,42.70000000,0.407
1749261390,0.41150000,3749.70000000,0.407
1749261390,0.41160000,56.00000000,0.407
1749261390,0.41170000,24.80000000,0.407
1749261390,0.41180000,2526.60000000,0.407
1749261390,0.41190000,55.40000000,0.407
1749261390,0.41200000,2479.60000000,0.407
1749261390,0.41210000,24098.00000000,0.407
1749261390,0.41220000,576.90000000,0.407
1749261390,0.41230000,24.80000000,0.407
1749261390,0.41240000,105.70000000,0.407
1749261390,0.41250000,36247.00000000,0.407
1749261390,0.41260000,43.10000000,0.407
1749261390,0.41270000,24.70000000,0.407
1749261390,0.41280000,783.20000000,0.407
1749261390,0.41290000,239.20000000,0.407
1749261390,0.41300000,89.90000000,0.407
1749261390,0.41310000,21813.30000000,0.407
1749261390,0.41320000,691.60000000,0.407
1749261390,0.41330000,40.10000000,0.407
1749261390,0.41340000,48467.30000000,0.407
1749261390,0.41350000,24.70000000,0.407
1749261390,0.41360000,266.40000000,0.407
1749261390,0.41370000,24.70000000,0.407
1749261390,0.41380000,78.30000000,0.407
1749261390,0.41390000,132.10000000,0.407
1749261390,0.41400000,1014.80000000,0.407
1749261390,0.41410000,625.50000000,0.407
1749261390,0.41420000,145510.40000000,0.407
1749261390,0.41430000,24.60000000,0.407
1749261390,0.41440000,55.20000000,0.407
1749261390,0.41450000,24.60000000,0.407
1749261390,0.41460000,157221.10000000,0.407
1749261390,0.41470000,22.90000000,0.407
1749261390,0.41480000,640.00000000,0.407
1749261390,0.41490000,36214.40000000,0.407
1749261390,0.41500000,64775.80000000,0.407
1749261390,0.41530000,111.90000000,0.407
1749261390,0.41550000,15.40000000,0.407
1749261390,0.41570000,16.70000000,0.407
1749261390,0.41600000,555.70000000,0.407
1749261390,0.41610000,24.20000000,0.407
1749261390,0.41620000,20.80000000,0.407
1749261390,0.41630000,99.00000000,0.407
1749261390,0.41640000,293.90000000,0.407
1749261390,0.41650000,209.20000000,0.407
1749261390,0.41660000,94.80000000,0.407
1749261390,0.41680000,845.70000000,0.407
1749261390,0.41690000,66.00000000,0.407
1749261390,0.41700000,675.00000000,0.407
1749261390,0.41710000,22.90000000,0.407
1749261390,0.41720000,20.60000000,0.407
1749261390,0.41740000,2558.30000000,0.407
1749261390,0.41750000,65.20000000,0.407
1749261390,0.41760000,15.40000000,0.407
1749261390,0.41770000,363.00000000,0.407
1749261390,0.41780000,13.70000000,0.407
1749261692,0.40760000,814.60000000,0.4076
1749261692,0.40770000,4231.90000000,0.4076
1749261692,0.40780000,3023.40000000,0.4076
1749261692,0.40790000,3946.50000000,0.4076
1749261692,0.40800000,9589.80000000,0.4076
1749261692,0.40810000,13989.80000000,0.4076
1749261692,0.40820000,6756.00000000,0.4076
1749261692,0.40830000,11804.70000000,0.4076
1749261692,0.40840000,20697.20000000,0.4076
1749261692,0.40850000,10800.40000000,0.4076
1749261692,0.40860000,9194.50000000,0.4076
1749261692,0.40870000,9086.80000000,0.4076
1749261692,0.40880000,1878.20000000,0.4076
1749261692,0.40890000,23502.80000000,0.4076
1749261692,0.40900000,10187.80000000,0.4076
1749261692,0.40910000,2352.80000000,0.4076
1749261692,0.40920000,2601.30000000,0.4076
1749261692,0.40930000,2543.80000000,0.4076
1749261692,0.40940000,1710.80000000,0.4076
1749261692,0.40950000,2597.30000000,0.4076
1749261692,0.40960000,1332.00000000,0.4076
1749261692,0.40970000,2534.70000000,0.4076
1749261692,0.40980000,3752.30000000,0.4076
1749261692,0.40990000,1329.90000000,0.4076
1749261692,0.41000000,5333.50000000,0.4076
1749261692,0.41010000,20193.60000000,0.4076
1749261692,0.41020000,1964.90000000,0.4076
1749261692,0.41030000,2507.90000000,0.4076
1749261692,0.41040000,1979.50000000,0.4076
1749261692,0.41050000,8876.00000000,0.4076
1749261692,0.41060000,3805.50000000,0.4076
1749261692,0.41070000,704.60000000,0.4076
1749261692,0.41080000,2022.50000000,0.4076
1749261692,0.41090000,4231.00000000,0.4076
1749261692,0.41100000,29594.30000000,0.4076
1749261692,0.41110000,39.80000000,0.4076
1749261692,0.41120000,3768.00000000,0.4076
1749261692,0.41130000,38941.60000000,0.4076
1749261692,0.41140000,1284.50000000,0.4076
1749261692,0.41150000,4471.20000000,0.4076
1749261692,0.41160000,56.00000000,0.4076
1749261692,0.41170000,24.80000000,0.4076
1749261692,0.41180000,28330.90000000,0.4076
1749261692,0.41190000,55.40000000,0.4076
1749261692,0.41200000,3721.40000000,0.4076
1749261692,0.41210000,24.80000000,0.4076
1749261692,0.41220000,576.90000000,0.4076
1749261692,0.41230000,24.80000000,0.4076
1749261692,0.41240000,367.20000000,0.4076
1749261692,0.41250000,1405.10000000,0.4076
1749261692,0.41260000,43.10000000,0.4076
1749261692,0.41270000,24.70000000,0.4076
1749261692,0.41280000,783.20000000,0.4076
1749261692,0.41290000,239.20000000,0.4076
1749261692,0.41300000,1331.70000000,0.4076
1749261692,0.41310000,266.70000000,0.4076
1749261692,0.41320000,41.40000000,0.4076
1749261692,0.41330000,40.10000000,0.4076
1749261692,0.41340000,58.90000000,0.4076
1749261692,0.41350000,22970.40000000,0.4076
1749261692,0.41360000,266.40000000,0.4076
1749261692,0.41370000,24.70000000,0.4076
1749261692,0.41380000,78.30000000,0.4076
1749261692,0.41390000,37.60000000,0.4076
1749261692,0.41400000,1028.10000000,0.4076
1749261692,0.41410000,60782.40000000,0.4076
1749261692,0.41420000,38.50000000,0.4076
1749261692,0.41430000,674.80000000,0.4076
1749261692,0.41440000,55.20000000,0.4076
1749261692,0.41450000,24.60000000,0.4076
1749261692,0.41460000,355.90000000,0.4076
1749261692,0.41470000,180553.50000000,0.4076
1749261692,0.41480000,12965.60000000,0.4076
1749261692,0.41490000,24.60000000,0.4076
1749261692,0.41500000,65440.40000000,0.4076
1749261692,0.41510000,24.60000000,0.4076
1749261692,0.41530000,156486.30000000,0.4076
1749261692,0.41550000,15.40000000,0.4076
1749261692,0.41570000,16.70000000,0.4076
1749261692,0.41600000,555.70000000,0.4076
1749261692,0.41610000,24.20000000,0.4076
1749261692,0.41620000,20.80000000,0.4076
1749261692,0.41630000,99.00000000,0.4076
1749261692,0.41640000,293.90000000,0.4076
1749261692,0.41650000,209.20000000,0.4076
1749261692,0.41660000,94.80000000,0.4076
1749261692,0.41680000,490.70000000,0.4076
1749261692,0.41690000,66.00000000,0.4076
1749261692,0.41700000,675.00000000,0.4076
1749261692,0.41710000,22.90000000,0.4076
1749261692,0.41720000,20.60000000,0.4076
1749261692,0.41740000,2558.30000000,0.4076
1749261692,0.41750000,65.20000000,0.4076
1749261692,0.41760000,15.40000000,0.4076
1749261692,0.41770000,363.00000000,0.4076
1749261692,0.41780000,13.70000000,0.4076
1749261692,0.41800000,2702.50000000,0.4076
1749261692,0.41810000,13.40000000,0.4076
1749261692,0.41820000,29.60000000,0.4076
1749261692,0.41850000,16.20000000,0.4076
1749261994,0.40640000,104.10000000,0.4063
1749261994,0.40650000,2898.70000000,0.4063
1749261994,0.40660000,1877.00000000,0.4063
1749261994,0.40670000,4490.40000000,0.4063
1749261994,0.40680000,11670.10000000,0.4063
1749261994,0.40690000,15250.10000000,0.4063
1749261994,0.40700000,20970.30000000,0.4063
1749261994,0.40710000,11504.90000000,0.4063
1749261994,0.40720000,11868.10000000,0.4063
1749261994,0.40730000,15439.80000000,0.4063
1749261994,0.40740000,28409.20000000,0.4063
1749261994,0.40750000,2526.60000000,0.4063
1749261994,0.40760000,2275.10000000,0.4063
1749261994,0.40770000,2909.30000000,0.4063
1749261994,0.40780000,3781.90000000,0.4063
1749261994,0.40790000,40.50000000,0.4063
1749261994,0.40800000,2557.20000000,0.4063
1749261994,0.40810000,2554.80000000,0.4063
1749261994,0.40820000,1315.40000000,0.4063
1749261994,0.40830000,2571.60000000,0.4063
1749261994,0.40840000,5430.90000000,0.4063
1749261994,0.40850000,1320.80000000,0.4063
1749261994,0.40860000,2562.00000000,0.4063
1749261994,0.40870000,3265.20000000,0.4063
1749261994,0.40880000,1991.40000000,0.4063
1749261994,0.40890000,20794.10000000,0.4063
1749261994,0.40900000,4178.90000000,0.4063
1749261994,0.40910000,2323.90000000,0.4063
1749261994,0.40920000,28053.10000000,0.4063
1749261994,0.40930000,4604.50000000,0.4063
1749261994,0.40940000,2022.90000000,0.4063
1749261994,0.40950000,1987.50000000,0.4063
1749261994,0.40960000,5860.60000000,0.4063
1749261994,0.40970000,30849.20000000,0.4063
1749261994,0.40980000,833.10000000,0.4063
1749261994,0.40990000,949.80000000,0.4063
1749261994,0.41000000,42013.60000000,0.4063
1749261994,0.41010000,78.50000000,0.4063
1749261994,0.41020000,42.70000000,0.4063
1749261994,0.41030000,2507.90000000,0.4063
1749261994,0.41040000,56.20000000,0.4063
1749261994,0.41050000,1266.20000000,0.4063
1749261994,0.41060000,2563.70000000,0.4063
1749261994,0.41070000,24.40000000,0.4063
1749261994,0.41080000,98.70000000,0.4063
1749261994,0.41090000,2852.50000000,0.4063
1749261994,0.41100000,1310.80000000,0.4063
1749261994,0.41110000,39.80000000,0.4063
1749261994,0.41120000,2526.20000000,0.4063
1749261994,0.41130000,24.40000000,0.4063
1749261994,0.41140000,42.70000000,0.4063
1749261994,0.41150000,3749.70000000,0.4063
1749261994,0.41160000,24129.20000000,0.4063
1749261994,0.41170000,24.80000000,0.4063
1749261994,0.41180000,2526.60000000,0.4063
1749261994,0.41190000,55.40000000,0.4063
1749261994,0.41200000,4371.60000000,0.4063
1749261994,0.41210000,356.10000000,0.4063
1749261994,0.41220000,36660.60000000,0.4063
1749261994,0.41230000,12783.50000000,0.4063
1749261994,0.41240000,21627.00000000,0.4063
1749261994,0.41250000,1405.10000000,0.4063
1749261994,0.41260000,43.10000000,0.4063
1749261994,0.41270000,24.70000000,0.4063
1749261994,0.41280000,769.80000000,0.4063
1749261994,0.41290000,239.20000000,0.4063
1749261994,0.41300000,89.90000000,0.4063
1749261994,0.41310000,266.70000000,0.4063
1749261994,0.41320000,41.40000000,0.4063
1749261994,0.41330000,40.10000000,0.4063
1749261994,0.41340000,58344.50000000,0.4063
1749261994,0.41350000,1783.30000000,0.4063
1749261994,0.41360000,266.40000000,0.4063
1749261994,0.41370000,24.70000000,0.4063
1749261994,0.41380000,87595.90000000,0.4063
1749261994,0.41390000,162528.20000000,0.4063
1749261994,0.41400000,990.10000000,0.4063
1749261994,0.41410000,455.90000000,0.4063
1749261994,0.41420000,13.90000000,0.4063
1749261994,0.41440000,30.60000000,0.4063
1749261994,0.41460000,36214.40000000,0.4063
1749261994,0.41470000,35415.30000000,0.4063
1749261994,0.41500000,946.10000000,0.4063
1749261994,0.41530000,111.90000000,0.4063
1749261994,0.41550000,15.40000000,0.4063
1749261994,0.41570000,16.70000000,0.4063
1749261994,0.41600000,555.70000000,0.4063
1749261994,0.41610000,24.20000000,0.4063
1749261994,0.41620000,2579.10000000,0.4063
1749261994,0.41630000,99.00000000,0.4063
1749261994,0.41640000,293.90000000,0.4063
1749261994,0.41650000,209.20000000,0.4063
1749261994,0.41660000,94.80000000,0.4063
1749261994,0.41680000,490.70000000,0.4063
1749261994,0.41690000,66.00000000,0.4063
1749261994,0.41700000,675.00000000,0.4063
1749261994,0.41710000,22.90000000,0.4063
1749261994,0.41720000,20.60000000,0.4063
1749261994,0.41750000,65.20000000,0.4063
1749261994,0.41760000,15.40000000,0.4063
1749262295,0.40460000,731.80000000,0.4046
1749262295,0.40470000,2706.00000000,0.4046
1749262295,0.40480000,3949.50000000,0.4046
1749262295,0.40490000,4410.50000000,0.4046
1749262295,0.40500000,8948.00000000,0.4046
1749262295,0.40510000,21811.70000000,0.4046
1749262295,0.40520000,15321.70000000,0.4046
1749262295,0.40530000,9102.60000000,0.4046
1749262295,0.40540000,24631.90000000,0.4046
1749262295,0.40550000,9207.30000000,0.4046
1749262295,0.40560000,13882.70000000,0.4046
1749262295,0.40570000,22526.20000000,0.4046
1749262295,0.40580000,3800.60000000,0.4046
1749262295,0.40590000,43.20000000,0.4046
1749262295,0.40600000,2540.40000000,0.4046
1749262295,0.40610000,9976.00000000,0.4046
1749262295,0.40620000,1884.10000000,0.4046
1749262295,0.40630000,11479.60000000,0.4046
1749262295,0.40640000,9664.50000000,0.4046
1749262295,0.40650000,781.90000000,0.4046
1749262295,0.40660000,1888.90000000,0.4046
1749262295,0.40670000,1293.20000000,0.4046
1749262295,0.40680000,32811.90000000,0.4046
1749262295,0.40690000,41.30000000,0.4046
1749262295,0.40700000,4328.70000000,0.4046
1749262295,0.40710000,2508.10000000,0.4046
1749262295,0.40720000,1284.90000000,0.4046
1749262295,0.40730000,1431.50000000,0.4046
1749262295,0.40740000,10609.80000000,0.4046
1749262295,0.40750000,709.70000000,0.4046
1749262295,0.40760000,1969.60000000,0.4046
1749262295,0.40770000,27774.60000000,0.4046
1749262295,0.40780000,4455.80000000,0.4046
1749262295,0.40790000,19580.10000000,0.4046
1749262295,0.40800000,2050.40000000,0.4046
1749262295,0.40810000,31032.90000000,0.4046
1749262295,0.40820000,746.40000000,0.4046
1749262295,0.40830000,1283.40000000,0.4046
1749262295,0.40840000,2543.50000000,0.4046
1749262295,0.40850000,732.40000000,0.4046
1749262295,0.40860000,1320.20000000,0.4046
1749262295,0.40870000,2508.00000000,0.4046
1749262295,0.40880000,816.50000000,0.4046
1749262295,0.40890000,1303.70000000,0.4046
1749262295,0.40900000,2937.10000000,0.4046
1749262295,0.40910000,46.40000000,0.4046
1749262295,0.40920000,2719.60000000,0.4046
1749262295,0.40930000,2543.80000000,0.4046
1749262295,0.40940000,59.60000000,0.4046
1749262295,0.40950000,1304.30000000,0.4046
1749262295,0.40960000,76.70000000,0.4046
1749262295,0.40970000,2534.70000000,0.4046
1749262295,0.40980000,108.40000000,0.4046
1749262295,0.40990000,265.90000000,0.4046
1749262295,0.41000000,4091.70000000,0.4046
1749262295,0.41010000,78.50000000,0.4046
1749262295,0.41020000,12987.00000000,0.4046
1749262295,0.41030000,2507.90000000,0.4046
1749262295,0.41040000,56.20000000,0.4046
1749262295,0.41050000,1266.20000000,0.4046
1749262295,0.41060000,23901.70000000,0.4046
1749262295,0.41070000,24.40000000,0.4046
1749262295,0.41080000,98.70000000,0.4046
1749262295,0.41090000,2852.50000000,0.4046
1749262295,0.41100000,147.10000000,0.4046
1749262295,0.41110000,39.80000000,0.4046
1749262295,0.41120000,62293.00000000,0.4046
1749262295,0.41130000,24.40000000,0.4046
1749262295,0.41140000,43.10000000,0.4046
1749262295,0.41150000,2508.30000000,0.4046
1749262295,0.41160000,43.10000000,0.4046
1749262295,0.41170000,24.80000000,0.4046
1749262295,0.41180000,90329.50000000,0.4046
1749262295,0.41190000,55.40000000,0.4046
1749262295,0.41200000,201009.90000000,0.4046
1749262295,0.41210000,356.10000000,0.4046
1749262295,0.41220000,59134.80000000,0.4046
1749262295,0.41240000,324.00000000,0.4046
1749262295,0.41250000,138.60000000,0.4046
1749262295,0.41280000,726.70000000,0.4046
1749262295,0.41290000,214.50000000,0.4046
1749262295,0.41300000,65.20000000,0.4046
1749262295,0.41310000,242.00000000,0.4046
1749262295,0.41320000,16.70000000,0.4046
1749262295,0.41330000,15.40000000,0.4046
1749262295,0.41340000,20.80000000,0.4046
1749262295,0.41350000,1758.60000000,0.4046
1749262295,0.41360000,241.70000000,0.4046
1749262295,0.41380000,53.60000000,0.4046
1749262295,0.41390000,12.90000000,0.4046
1749262295,0.41400000,990.10000000,0.4046
1749262295,0.41410000,455.90000000,0.4046
1749262295,0.41420000,13.90000000,0.4046
1749262295,0.41440000,30.60000000,0.4046
1749262295,0.41470000,22.90000000,0.4046
1749262295,0.41500000,946.10000000,0.4046
1749262295,0.41530000,111.90000000,0.4046
1749262295,0.41550000,15.40000000,0.4046
1749262295,0.41570000,16.70000000,0.4046
1749262295,0.41590000,225.50000000,0.4046
1749262597,0.40570000,553.90000000,0.4057
1749262597,0.40580000,56.80000000,0.4057
1749262597,0.40590000,3478.20000000,0.4057
1749262597,0.40600000,16562.80000000,0.4057
1749262597,0.40610000,22099.90000000,0.4057
1749262597,0.40620000,12935.30000000,0.4057
1749262597,0.40630000,15250.50000000,0.4057
1749262597,0.40640000,12209.50000000,0.4057
1749262597,0.40650000,6678.60000000,0.4057
1749262597,0.40660000,7334.80000000,0.4057
1749262597,0.40670000,1712.00000000,0.4057
1749262597,0.40680000,4401.40000000,0.4057
1749262597,0.40690000,41.30000000,0.4057
1749262597,0.40700000,6498.90000000,0.4057
1749262597,0.40710000,16195.00000000,0.4057
1749262597,0.40720000,56.70000000,0.4057
1749262597,0.40730000,614.90000000,0.4057
1749262597,0.40740000,14553.80000000,0.4057
1749262597,0.40750000,24.60000000,0.4057
1749262597,0.40760000,56.60000000,0.4057
1749262597,0.40770000,2848.80000000,0.4057
1749262597,0.40780000,4525.60000000,0.4057
1749262597,0.40790000,40.50000000,0.4057
1749262597,0.40800000,31744.20000000,0.4057
1749262597,0.40810000,2937.80000000,0.4057
1749262597,0.40820000,1301.90000000,0.4057
1749262597,0.40830000,21519.10000000,0.4057
1749262597,0.40840000,9360.40000000,0.4057
1749262597,0.40850000,2221.20000000,0.4057
1749262597,0.40860000,2006.30000000,0.4057
1749262597,0.40870000,2508.00000000,0.4057
1749262597,0.40880000,64.90000000,0.4057
1749262597,0.40890000,3230.90000000,0.4057
1749262597,0.40900000,28389.30000000,0.4057
1749262597,0.40910000,30751.40000000,0.4057
1749262597,0.40920000,783.70000000,0.4057
1749262597,0.40930000,40947.10000000,0.4057
1749262597,0.40940000,2679.90000000,0.4057
1749262597,0.40950000,62.50000000,0.4057
1749262597,0.40960000,76.70000000,0.4057
1749262597,0.40970000,2534.70000000,0.4057
1749262597,0.40980000,108.40000000,0.4057
1749262597,0.40990000,24339.10000000,0.4057
1749262597,0.41000000,2849.90000000,0.4057
1749262597,0.41010000,78.50000000,0.4057
1749262597,0.41020000,43.10000000,0.4057
1749262597,0.41030000,2508.30000000,0.4057
1749262597,0.41040000,56.70000000,0.4057
1749262597,0.41050000,24.90000000,0.4057
1749262597,0.41060000,2564.20000000,0.4057
1749262597,0.41070000,24.90000000,0.4057
1749262597,0.41080000,99.20000000,0.4057
1749262597,0.41090000,2852.90000000,0.4057
1749262597,0.41100000,474.00000000,0.4057
1749262597,0.41110000,21381.10000000,0.4057
1749262597,0.41120000,24.80000000,0.4057
1749262597,0.41130000,24.80000000,0.4057
1749262597,0.41140000,24.80000000,0.4057
1749262597,0.41150000,24.80000000,0.4057
1749262597,0.41160000,38.20000000,0.4057
1749262597,0.41170000,13617.40000000,0.4057
1749262597,0.41180000,24.80000000,0.4057
1749262597,0.41190000,154.40000000,0.4057
1749262597,0.41200000,2461.30000000,0.4057
1749262597,0.41210000,36108.50000000,0.4057
1749262597,0.41220000,545.20000000,0.4057
1749262597,0.41230000,24.80000000,0.4057
1749262597,0.41240000,348.80000000,0.4057
1749262597,0.41250000,163.40000000,0.4057
1749262597,0.41260000,24.70000000,0.4057
1749262597,0.41270000,58516.30000000,0.4057
1749262597,0.41280000,88346.90000000,0.4057
1749262597,0.41290000,239.20000000,0.4057
1749262597,0.41300000,89.90000000,0.4057
1749262597,0.41310000,35796.20000000,0.4057
1749262597,0.41320000,41.40000000,0.4057
1749262597,0.41330000,162259.00000000,0.4057
1749262597,0.41340000,20.80000000,0.4057
1749262597,0.41350000,1784.00000000,0.4057
1749262597,0.41360000,241.70000000,0.4057
1749262597,0.41380000,53.60000000,0.4057
1749262597,0.41390000,12.90000000,0.4057
1749262597,0.41400000,990.10000000,0.4057
1749262597,0.41410000,455.90000000,0.4057
1749262597,0.41420000,13.90000000,0.4057
1749262597,0.41440000,30.60000000,0.4057
1749262597,0.41470000,22.90000000,0.4057
1749262597,0.41500000,946.10000000,0.4057
1749262597,0.41510000,99.00000000,0.4057
1749262597,0.41530000,111.90000000,0.4057
1749262597,0.41550000,15.40000000,0.4057
1749262597,0.41570000,36231.10000000,0.4057
1749262597,0.41590000,225.50000000,0.4057
1749262597,0.41600000,3065.00000000,0.4057
1749262597,0.41610000,24.20000000,0.4057
1749262597,0.41620000,20.80000000,0.4057
1749262597,0.41630000,99.00000000,0.4057
1749262597,0.41640000,293.90000000,0.4057
1749262597,0.41650000,209.20000000,0.4057
1749262597,0.41660000,94.80000000,0.4057
1749262904,0.40610000,13.60000000,0.406
1749262904,0.40620000,1198.70000000,0.406
1749262904,0.40630000,4210.60000000,0.406
1749262904,0.40640000,2093.80000000,0.406
1749262904,0.40650000,8111.40000000,0.406
1749262904,0.40660000,14726.00000000,0.406
1749262904,0.40670000,8107.20000000,0.406
1749262904,0.40680000,10749.10000000,0.406
1749262904,0.40690000,13917.60000000,0.406
1749262904,0.40700000,22920.20000000,0.406
1749262904,0.40710000,22423.80000000,0.406
1749262904,0.40720000,2446.90000000,0.406
1749262904,0.40730000,43.10000000,0.406
1749262904,0.40740000,6741.30000000,0.406
1749262904,0.40750000,605.40000000,0.406
1749262904,0.40760000,2055.60000000,0.406
1749262904,0.40770000,2848.80000000,0.406
1749262904,0.40780000,3781.90000000,0.406
1749262904,0.40790000,945.70000000,0.406
1749262904,0.40800000,2604.80000000,0.406
1749262904,0.40810000,2554.80000000,0.406
1749262904,0.40820000,1684.90000000,0.406
1749262904,0.40830000,29321.20000000,0.406
1749262904,0.40840000,9358.40000000,0.406
1749262904,0.40850000,2219.50000000,0.406
1749262904,0.40860000,2004.30000000,0.406
1749262904,0.40870000,2508.00000000,0.406
1749262904,0.40880000,20248.30000000,0.406
1749262904,0.40890000,3924.00000000,0.406
1749262904,0.40900000,3658.60000000,0.406
1749262904,0.40910000,1754.60000000,0.406
1749262904,0.40920000,783.90000000,0.406
1749262904,0.40930000,2543.80000000,0.406
1749262904,0.40940000,1301.40000000,0.406
1749262904,0.40950000,747.20000000,0.406
1749262904,0.40960000,29162.90000000,0.406
1749262904,0.40970000,65374.70000000,0.406
1749262904,0.40980000,1350.20000000,0.406
1749262904,0.40990000,265.90000000,0.406
1749262904,0.41000000,2849.90000000,0.406
1749262904,0.41010000,830.10000000,0.406
1749262904,0.41020000,43.10000000,0.406
1749262904,0.41030000,3750.10000000,0.406
1749262904,0.41040000,56.70000000,0.406
1749262904,0.41050000,24.90000000,0.406
1749262904,0.41060000,2564.20000000,0.406
1749262904,0.41070000,24.90000000,0.406
1749262904,0.41080000,1341.00000000,0.406
1749262904,0.41090000,2852.90000000,0.406
1749262904,0.41100000,142.60000000,0.406
1749262904,0.41110000,40.20000000,0.406
1749262904,0.41120000,24.80000000,0.406
1749262904,0.41130000,24.80000000,0.406
1749262904,0.41140000,24098.00000000,0.406
1749262904,0.41150000,24.80000000,0.406
1749262904,0.41160000,369.60000000,0.406
1749262904,0.41170000,49701.10000000,0.406
1749262904,0.41180000,24.80000000,0.406
1749262904,0.41190000,154.40000000,0.406
1749262904,0.41200000,23737.60000000,0.406
1749262904,0.41210000,24.80000000,0.406
1749262904,0.41220000,558.60000000,0.406
1749262904,0.41230000,24.80000000,0.406
1749262904,0.41240000,348.80000000,0.406
1749262904,0.41250000,163.40000000,0.406
1749262904,0.41260000,24.70000000,0.406
1749262904,0.41270000,24.70000000,0.406
1749262904,0.41280000,751.40000000,0.406
1749262904,0.41290000,239.20000000,0.406
1749262904,0.41300000,35628.00000000,0.406
1749262904,0.41310000,266.70000000,0.406
1749262904,0.41320000,58381.40000000,0.406
1749262904,0.41330000,87608.50000000,0.406
1749262904,0.41340000,45.50000000,0.406
1749262904,0.41350000,1808.70000000,0.406
1749262904,0.41360000,160630.10000000,0.406
1749262904,0.41380000,53.60000000,0.406
1749262904,0.41390000,12.90000000,0.406
1749262904,0.41400000,990.10000000,0.406
1749262904,0.41410000,455.90000000,0.406
1749262904,0.41420000,13.90000000,0.406
1749262904,0.41440000,30.60000000,0.406
1749262904,0.41470000,22.90000000,0.406
1749262904,0.41500000,946.10000000,0.406
1749262904,0.41510000,99.00000000,0.406
1749262904,0.41530000,111.90000000,0.406
1749262904,0.41550000,15.40000000,0.406
1749262904,0.41570000,16.70000000,0.406
1749262904,0.41590000,225.50000000,0.406
1749262904,0.41600000,3065.00000000,0.406
1749262904,0.41610000,24.20000000,0.406
1749262904,0.41620000,20.80000000,0.406
1749262904,0.41630000,99.00000000,0.406
1749262904,0.41640000,293.90000000,0.406
1749262904,0.41650000,209.20000000,0.406
1749262904,0.41660000,94.80000000,0.406
1749262904,0.41680000,290.90000000,0.406
1749262904,0.41690000,66.00000000,0.406
1749262904,0.41700000,675.00000000,0.406
1749262904,0.41710000,22.90000000,0.406
1749263205,0.40660000,2923.90000000,0.4065
1749263205,0.40670000,2731.30000000,0.4065
1749263205,0.40680000,10955.10000000,0.4065
1749263205,0.40690000,15238.40000000,0.4065
1749263205,0.40700000,16594.80000000,0.4065
1749263205,0.40710000,11779.10000000,0.4065
1749263205,0.40720000,7401.80000000,0.4065
1749263205,0.40730000,9490.70000000,0.4065
1749263205,0.40740000,8358.00000000,0.4065
1749263205,0.40750000,6234.40000000,0.4065
1749263205,0.40760000,1316.90000000,0.4065
1749263205,0.40770000,3494.10000000,0.4065
1749263205,0.40780000,3800.40000000,0.4065
1749263205,0.40790000,8554.40000000,0.4065
1749263205,0.40800000,16328.40000000,0.4065
1749263205,0.40810000,3840.40000000,0.4065
1749263205,0.40820000,2279.20000000,0.4065
1749263205,0.40830000,1283.40000000,0.4065
1749263205,0.40840000,4597.80000000,0.4065
1749263205,0.40850000,1288.30000000,0.4065
1749263205,0.40860000,29358.00000000,0.4065
1749263205,0.40870000,4507.00000000,0.4065
1749263205,0.40880000,747.60000000,0.4065
1749263205,0.40890000,2545.50000000,0.4065
1749263205,0.40900000,9910.90000000,0.4065
1749263205,0.40910000,1686.60000000,0.4065
1749263205,0.40920000,781.80000000,0.4065
1749263205,0.40930000,23249.10000000,0.4065
1749263205,0.40940000,1301.40000000,0.4065
1749263205,0.40950000,62.50000000,0.4065
1749263205,0.40960000,2002.90000000,0.4065
1749263205,0.40970000,28601.60000000,0.4065
1749263205,0.40980000,3668.60000000,0.4065
1749263205,0.40990000,265.90000000,0.4065
1749263205,0.41000000,4376.40000000,0.4065
1749263205,0.41010000,29181.10000000,0.4065
1749263205,0.41020000,38169.70000000,0.4065
1749263205,0.41030000,3750.10000000,0.4065
1749263205,0.41040000,739.20000000,0.4065
1749263205,0.41050000,24.90000000,0.4065
1749263205,0.41060000,2564.20000000,0.4065
1749263205,0.41070000,24.90000000,0.4065
1749263205,0.41080000,1341.00000000,0.4065
1749263205,0.41090000,2852.90000000,0.4065
1749263205,0.41100000,161.10000000,0.4065
1749263205,0.41110000,40.20000000,0.4065
1749263205,0.41120000,24.80000000,0.4065
1749263205,0.41130000,24.80000000,0.4065
1749263205,0.41140000,24.80000000,0.4065
1749263205,0.41150000,356.10000000,0.4065
1749263205,0.41160000,38.20000000,0.4065
1749263205,0.41170000,24.80000000,0.4065
1749263205,0.41180000,24.80000000,0.4065
1749263205,0.41190000,154.40000000,0.4065
1749263205,0.41200000,2461.30000000,0.4065
1749263205,0.41210000,24.80000000,0.4065
1749263205,0.41220000,558.60000000,0.4065
1749263205,0.41230000,24.80000000,0.4065
1749263205,0.41240000,60505.70000000,0.4065
1749263205,0.41250000,163.40000000,0.4065
1749263205,0.41260000,21254.20000000,0.4065
1749263205,0.41270000,38.20000000,0.4065
1749263205,0.41280000,1415.00000000,0.4065
1749263205,0.41290000,239.20000000,0.4065
1749263205,0.41300000,13153.80000000,0.4065
1749263205,0.41310000,266.70000000,0.4065
1749263205,0.41320000,41.40000000,0.4065
1749263205,0.41330000,40.10000000,0.4065
1749263205,0.41340000,45.50000000,0.4065
1749263205,0.41350000,1808.70000000,0.4065
1749263205,0.41360000,266.40000000,0.4065
1749263205,0.41370000,58313.80000000,0.4065
1749263205,0.41380000,87583.00000000,0.4065
1749263205,0.41390000,37.60000000,0.4065
1749263205,0.41400000,157866.20000000,0.4065
1749263205,0.41410000,480.50000000,0.4065
1749263205,0.41420000,13.90000000,0.4065
1749263205,0.41430000,35426.60000000,0.4065
1749263205,0.41440000,30.60000000,0.4065
1749263205,0.41470000,22.90000000,0.4065
1749263205,0.41500000,946.10000000,0.4065
1749263205,0.41530000,111.90000000,0.4065
1749263205,0.41550000,15.40000000,0.4065
1749263205,0.41570000,16.70000000,0.4065
1749263205,0.41590000,225.50000000,0.4065
1749263205,0.41600000,506.70000000,0.4065
1749263205,0.41610000,24.20000000,0.4065
1749263205,0.41620000,20.80000000,0.4065
1749263205,0.41630000,99.00000000,0.4065
1749263205,0.41640000,293.90000000,0.4065
1749263205,0.41650000,209.20000000,0.4065
1749263205,0.41660000,94.80000000,0.4065
1749263205,0.41680000,290.90000000,0.4065
1749263205,0.41690000,66.00000000,0.4065
1749263205,0.41700000,675.00000000,0.4065
1749263205,0.41710000,22.90000000,0.4065
1749263205,0.41720000,20.60000000,0.4065
1749263205,0.41730000,36214.40000000,0.4065
1749263205,0.41740000,26362.50000000,0.4065
1749263205,0.41750000,53.10000000,0.4065
1749263512,0.40550000,910.40000000,0.4054
1749263512,0.40560000,2990.50000000,0.4054
1749263512,0.40570000,6917.50000000,0.4054
1749263512,0.40580000,3866.10000000,0.4054
1749263512,0.40590000,12749.80000000,0.4054
1749263512,0.40600000,20849.70000000,0.4054
1749263512,0.40610000,10283.10000000,0.4054
1749263512,0.40620000,7450.60000000,0.4054
1749263512,0.40630000,9567.40000000,0.4054
1749263512,0.40640000,11219.00000000,0.4054
1749263512,0.40650000,7446.60000000,0.4054
1749263512,0.40660000,7328.90000000,0.4054
1749263512,0.40670000,13622.60000000,0.4054
1749263512,0.40680000,3856.80000000,0.4054
1749263512,0.40690000,2543.30000000,0.4054
1749263512,0.40700000,1747.90000000,0.4054
1749263512,0.40710000,31154.80000000,0.4054
1749263512,0.40720000,2558.70000000,0.4054
1749263512,0.40730000,9793.50000000,0.4054
1749263512,0.40740000,1920.70000000,0.4054
1749263512,0.40750000,3749.90000000,0.4054
1749263512,0.40760000,452.50000000,0.4054
1749263512,0.40770000,2840.80000000,0.4054
1749263512,0.40780000,4673.60000000,0.4054
1749263512,0.40790000,724.90000000,0.4054
1749263512,0.40800000,2604.80000000,0.4054
1749263512,0.40810000,22061.80000000,0.4054
1749263512,0.40820000,1684.90000000,0.4054
1749263512,0.40830000,1966.90000000,0.4054
1749263512,0.40840000,9291.10000000,0.4054
1749263512,0.40850000,1971.70000000,0.4054
1749263512,0.40860000,2003.60000000,0.4054
1749263512,0.40870000,5885.50000000,0.4054
1749263512,0.40880000,747.90000000,0.4054
1749263512,0.40890000,2545.50000000,0.4054
1749263512,0.40900000,3866.40000000,0.4054
1749263512,0.40910000,68520.30000000,0.4054
1749263512,0.40920000,24817.90000000,0.4054
1749263512,0.40930000,3785.60000000,0.4054
1749263512,0.40940000,1301.40000000,0.4054
1749263512,0.40950000,62.50000000,0.4054
1749263512,0.40960000,1318.50000000,0.4054
1749263512,0.40970000,2534.70000000,0.4054
1749263512,0.40980000,1350.20000000,0.4054
1749263512,0.40990000,265.90000000,0.4054
1749263512,0.41000000,3692.90000000,0.4054
1749263512,0.41010000,830.10000000,0.4054
1749263512,0.41020000,43.10000000,0.4054
1749263512,0.41030000,3750.10000000,0.4054
1749263512,0.41040000,56.70000000,0.4054
1749263512,0.41050000,232.00000000,0.4054
1749263512,0.41060000,2564.20000000,0.4054
1749263512,0.41070000,746.40000000,0.4054
1749263512,0.41080000,1341.00000000,0.4054
1749263512,0.41090000,2852.90000000,0.4054
1749263512,0.41100000,161.10000000,0.4054
1749263512,0.41110000,40.20000000,0.4054
1749263512,0.41120000,43.30000000,0.4054
1749263512,0.41130000,1266.60000000,0.4054
1749263512,0.41140000,21333.90000000,0.4054
1749263512,0.41150000,24.80000000,0.4054
1749263512,0.41160000,38.20000000,0.4054
1749263512,0.41170000,24.80000000,0.4054
1749263512,0.41180000,14226.60000000,0.4054
1749263512,0.41190000,154.40000000,0.4054
1749263512,0.41200000,2461.30000000,0.4054
1749263512,0.41210000,24.80000000,0.4054
1749263512,0.41220000,558.60000000,0.4054
1749263512,0.41230000,60181.70000000,0.4054
1749263512,0.41240000,348.80000000,0.4054
1749263512,0.41250000,24.80000000,0.4054
1749263512,0.41260000,24.70000000,0.4054
1749263512,0.41270000,58414.20000000,0.4054
1749263512,0.41280000,88828.30000000,0.4054
1749263512,0.41290000,239.20000000,0.4054
1749263512,0.41300000,159996.00000000,0.4054
1749263512,0.41310000,242.00000000,0.4054
1749263512,0.41320000,16.70000000,0.4054
1749263512,0.41330000,15.40000000,0.4054
1749263512,0.41340000,20.80000000,0.4054
1749263512,0.41350000,2115.30000000,0.4054
1749263512,0.41360000,241.70000000,0.4054
1749263512,0.41380000,53.60000000,0.4054
1749263512,0.41390000,12.90000000,0.4054
1749263512,0.41400000,990.10000000,0.4054
1749263512,0.41410000,455.90000000,0.4054
1749263512,0.41420000,36228.30000000,0.4054
1749263512,0.41430000,35426.60000000,0.4054
1749263512,0.41440000,30.60000000,0.4054
1749263512,0.41470000,22.90000000,0.4054
1749263512,0.41500000,946.10000000,0.4054
1749263512,0.41530000,111.90000000,0.4054
1749263512,0.41550000,15.40000000,0.4054
1749263512,0.41570000,16.70000000,0.4054
1749263512,0.41590000,225.50000000,0.4054
1749263512,0.41600000,506.70000000,0.4054
1749263512,0.41610000,24.20000000,0.4054
1749263512,0.41620000,2579.10000000,0.4054
1749263512,0.41630000,99.00000000,0.4054
1749263512,0.41640000,293.90000000,0.4054
1749263818,0.40610000,332.10000000,0.4061
1749263818,0.40620000,511.00000000,0.4061
1749263818,0.40630000,1997.80000000,0.4061
1749263818,0.40640000,4589.20000000,0.4061
1749263818,0.40650000,8614.00000000,0.4061
1749263818,0.40660000,9506.50000000,0.4061
1749263818,0.40670000,15661.60000000,0.4061
1749263818,0.40680000,14746.00000000,0.4061
1749263818,0.40690000,8961.60000000,0.4061
1749263818,0.40700000,13780.10000000,0.4061
1749263818,0.40710000,26865.20000000,0.4061
1749263818,0.40720000,2558.70000000,0.4061
1749263818,0.40730000,1847.20000000,0.4061
1749263818,0.40740000,2611.10000000,0.4061
1749263818,0.40750000,12656.60000000,0.4061
1749263818,0.40760000,813.80000000,0.4061
1749263818,0.40770000,2840.80000000,0.4061
1749263818,0.40780000,4687.10000000,0.4061
1749263818,0.40790000,40.50000000,0.4061
1749263818,0.40800000,2604.80000000,0.4061
1749263818,0.40810000,2554.80000000,0.4061
1749263818,0.40820000,29722.70000000,0.4061
1749263818,0.40830000,1283.40000000,0.4061
1749263818,0.40840000,29686.50000000,0.4061
1749263818,0.40850000,1288.30000000,0.4061
1749263818,0.40860000,2005.60000000,0.4061
1749263818,0.40870000,3749.80000000,0.4061
1749263818,0.40880000,750.50000000,0.4061
1749263818,0.40890000,3924.00000000,0.4061
1749263818,0.40900000,3184.40000000,0.4061
1749263818,0.40910000,2978.60000000,0.4061
1749263818,0.40920000,24817.90000000,0.4061
1749263818,0.40930000,3228.50000000,0.4061
1749263818,0.40940000,1301.40000000,0.4061
1749263818,0.40950000,746.90000000,0.4061
1749263818,0.40960000,29124.70000000,0.4061
1749263818,0.40970000,41179.20000000,0.4061
1749263818,0.40980000,2065.20000000,0.4061
1749263818,0.40990000,950.10000000,0.4061
1749263818,0.41000000,4218.70000000,0.4061
1749263818,0.41010000,830.10000000,0.4061
1749263818,0.41020000,43.10000000,0.4061
1749263818,0.41030000,3750.10000000,0.4061
1749263818,0.41040000,56.70000000,0.4061
1749263818,0.41050000,232.00000000,0.4061
1749263818,0.41060000,2564.20000000,0.4061
1749263818,0.41070000,24.90000000,0.4061
1749263818,0.41080000,1341.00000000,0.4061
1749263818,0.41090000,2852.90000000,0.4061
1749263818,0.41100000,161.10000000,0.4061
1749263818,0.41110000,40.20000000,0.4061
1749263818,0.41120000,24116.50000000,0.4061
1749263818,0.41130000,1266.60000000,0.4061
1749263818,0.41140000,43.30000000,0.4061
1749263818,0.41150000,24.80000000,0.4061
1749263818,0.41160000,21315.10000000,0.4061
1749263818,0.41170000,36758.70000000,0.4061
1749263818,0.41180000,14226.60000000,0.4061
1749263818,0.41190000,154.40000000,0.4061
1749263818,0.41200000,2461.30000000,0.4061
1749263818,0.41210000,24.80000000,0.4061
1749263818,0.41220000,545.20000000,0.4061
1749263818,0.41230000,24.80000000,0.4061
1749263818,0.41240000,348.80000000,0.4061
1749263818,0.41250000,35606.00000000,0.4061
1749263818,0.41260000,24.70000000,0.4061
1749263818,0.41270000,38.20000000,0.4061
1749263818,0.41280000,764.10000000,0.4061
1749263818,0.41290000,239.20000000,0.4061
1749263818,0.41300000,89.90000000,0.4061
1749263818,0.41310000,266.70000000,0.4061
1749263818,0.41320000,58246.00000000,0.4061
1749263818,0.41330000,87621.00000000,0.4061
1749263818,0.41340000,45.50000000,0.4061
1749263818,0.41350000,2140.00000000,0.4061
1749263818,0.41360000,158757.70000000,0.4061
1749263818,0.41380000,53.60000000,0.4061
1749263818,0.41390000,12.90000000,0.4061
1749263818,0.41400000,990.10000000,0.4061
1749263818,0.41410000,455.90000000,0.4061
1749263818,0.41420000,13.90000000,0.4061
1749263818,0.41440000,30.60000000,0.4061
1749263818,0.41470000,22.90000000,0.4061
1749263818,0.41500000,946.10000000,0.4061
1749263818,0.41530000,111.90000000,0.4061
1749263818,0.41550000,15.40000000,0.4061
1749263818,0.41570000,16.70000000,0.4061
1749263818,0.41590000,225.50000000,0.4061
1749263818,0.41600000,506.70000000,0.4061
1749263818,0.41610000,24.20000000,0.4061
1749263818,0.41620000,2579.10000000,0.4061
1749263818,0.41630000,99.00000000,0.4061
1749263818,0.41640000,293.90000000,0.4061
1749263818,0.41650000,209.20000000,0.4061
1749263818,0.41660000,94.80000000,0.4061
1749263818,0.41680000,290.90000000,0.4061
1749263818,0.41690000,66.00000000,0.4061
1749263818,0.41700000,675.00000000,0.4061
1749263818,0.41710000,22.90000000,0.4061
1749263818,0.41720000,20.60000000,0.4061
1749264120,0.40610000,324.20000000,0.406
1749264120,0.40620000,819.00000000,0.406
1749264120,0.40630000,3061.10000000,0.406
1749264120,0.40640000,3538.40000000,0.406
1749264120,0.40650000,4181.30000000,0.406
1749264120,0.40660000,2851.00000000,0.406
1749264120,0.40670000,8768.40000000,0.406
1749264120,0.40680000,14631.80000000,0.406
1749264120,0.40690000,5150.40000000,0.406
1749264120,0.40700000,7187.60000000,0.406
1749264120,0.40710000,10968.60000000,0.406
1749264120,0.40720000,3246.30000000,0.406
1749264120,0.40730000,6983.60000000,0.406
1749264120,0.40740000,7239.90000000,0.406
1749264120,0.40750000,1284.90000000,0.406
1749264120,0.40760000,36613.50000000,0.406
1749264120,0.40770000,21584.00000000,0.406
1749264120,0.40780000,74765.10000000,0.406
1749264120,0.40790000,58.10000000,0.406
1749264120,0.40800000,1333.80000000,0.406
1749264120,0.40810000,3832.10000000,0.406
1749264120,0.40820000,486.60000000,0.406
1749264120,0.40830000,2908.20000000,0.406
1749264120,0.40840000,4186.00000000,0.406
1749264120,0.40850000,1985.70000000,0.406
1749264120,0.40860000,1320.20000000,0.406
1749264120,0.40870000,3749.80000000,0.406
1749264120,0.40880000,7358.80000000,0.406
1749264120,0.40890000,22932.20000000,0.406
1749264120,0.40900000,3866.90000000,0.406
1749264120,0.40910000,3735.80000000,0.406
1749264120,0.40920000,99.30000000,0.406
1749264120,0.40930000,4468.50000000,0.406
1749264120,0.40940000,1983.30000000,0.406
1749264120,0.40950000,1304.30000000,0.406
1749264120,0.40960000,757.40000000,0.406
1749264120,0.40970000,42229.00000000,0.406
1749264120,0.40980000,29687.40000000,0.406
1749264120,0.40990000,2188.40000000,0.406
1749264120,0.41000000,28889.10000000,0.406
1749264120,0.41010000,78.50000000,0.406
1749264120,0.41020000,764.60000000,0.406
1749264120,0.41030000,4991.90000000,0.406
1749264120,0.41040000,56.70000000,0.406
1749264120,0.41050000,1473.80000000,0.406
1749264120,0.41060000,2564.20000000,0.406
1749264120,0.41070000,24.90000000,0.406
1749264120,0.41080000,1341.00000000,0.406
1749264120,0.41090000,2852.90000000,0.406
1749264120,0.41100000,161.10000000,0.406
1749264120,0.41110000,40.20000000,0.406
1749264120,0.41120000,2526.80000000,0.406
1749264120,0.41130000,1266.60000000,0.406
1749264120,0.41140000,43.30000000,0.406
1749264120,0.41150000,3259.90000000,0.406
1749264120,0.41160000,56.60000000,0.406
1749264120,0.41170000,24.80000000,0.406
1749264120,0.41180000,1285.00000000,0.406
1749264120,0.41190000,154.40000000,0.406
1749264120,0.41200000,2479.70000000,0.406
1749264120,0.41210000,2508.30000000,0.406
1749264120,0.41220000,577.00000000,0.406
1749264120,0.41230000,61423.50000000,0.406
1749264120,0.41240000,21581.90000000,0.406
1749264120,0.41250000,24.80000000,0.406
1749264120,0.41260000,24.70000000,0.406
1749264120,0.41270000,38.20000000,0.406
1749264120,0.41280000,2019.30000000,0.406
1749264120,0.41290000,13094.90000000,0.406
1749264120,0.41300000,89.90000000,0.406
1749264120,0.41310000,916.90000000,0.406
1749264120,0.41320000,41.40000000,0.406
1749264120,0.41330000,40.10000000,0.406
1749264120,0.41340000,45.50000000,0.406
1749264120,0.41350000,147349.90000000,0.406
1749264120,0.41360000,159271.60000000,0.406
1749264120,0.41380000,53.60000000,0.406
1749264120,0.41390000,12.90000000,0.406
1749264120,0.41400000,990.10000000,0.406
1749264120,0.41410000,35899.60000000,0.406
1749264120,0.41420000,13.90000000,0.406
1749264120,0.41440000,30.60000000,0.406
1749264120,0.41470000,22.90000000,0.406
1749264120,0.41500000,932.10000000,0.406
1749264120,0.41510000,331.40000000,0.406
1749264120,0.41530000,111.90000000,0.406
1749264120,0.41550000,15.40000000,0.406
1749264120,0.41570000,16.70000000,0.406
1749264120,0.41590000,225.50000000,0.406
1749264120,0.41600000,206.70000000,0.406
1749264120,0.41610000,24.20000000,0.406
1749264120,0.41620000,20.80000000,0.406
1749264120,0.41630000,99.00000000,0.406
1749264120,0.41640000,293.90000000,0.406
1749264120,0.41650000,209.20000000,0.406
1749264120,0.41660000,94.80000000,0.406
1749264120,0.41680000,290.90000000,0.406
1749264120,0.41690000,66.00000000,0.406
1749264120,0.41700000,675.00000000,0.406
1749264120,0.41710000,22.90000000,0.406
1749264426,0.40730000,1959.40000000,0.4072
1749264426,0.40740000,8988.40000000,0.4072
1749264426,0.40750000,4470.10000000,0.4072
1749264426,0.40760000,8785.30000000,0.4072
1749264426,0.40770000,17867.20000000,0.4072
1749264426,0.40780000,12017.40000000,0.4072
1749264426,0.40790000,3598.30000000,0.4072
1749264426,0.40800000,1577.70000000,0.4072
1749264426,0.40810000,12232.10000000,0.4072
1749264426,0.40820000,3134.60000000,0.4072
1749264426,0.40830000,2557.20000000,0.4072
1749264426,0.40840000,4535.40000000,0.4072
1749264426,0.40850000,1351.40000000,0.4072
1749264426,0.40860000,1734.60000000,0.4072
1749264426,0.40870000,3768.20000000,0.4072
1749264426,0.40880000,13978.60000000,0.4072
1749264426,0.40890000,12366.20000000,0.4072
1749264426,0.40900000,2954.10000000,0.4072
1749264426,0.40910000,2983.30000000,0.4072
1749264426,0.40920000,99.30000000,0.4072
1749264426,0.40930000,32728.60000000,0.4072
1749264426,0.40940000,2072.10000000,0.4072
1749264426,0.40950000,1304.30000000,0.4072
1749264426,0.40960000,771.60000000,0.4072
1749264426,0.40970000,3776.50000000,0.4072
1749264426,0.40980000,3011.40000000,0.4072
1749264426,0.40990000,2886.20000000,0.4072
1749264426,0.41000000,23653.30000000,0.4072
1749264426,0.41010000,760.20000000,0.4072
1749264426,0.41020000,5952.50000000,0.4072
1749264426,0.41030000,5675.30000000,0.4072
1749264426,0.41040000,740.10000000,0.4072
1749264426,0.41050000,1841.70000000,0.4072
1749264426,0.41060000,2564.20000000,0.4072
1749264426,0.41070000,708.30000000,0.4072
1749264426,0.41080000,2024.40000000,0.4072
1749264426,0.41090000,2852.90000000,0.4072
1749264426,0.41100000,39215.60000000,0.4072
1749264426,0.41110000,40.20000000,0.4072
1749264426,0.41120000,27876.80000000,0.4072
1749264426,0.41130000,29518.20000000,0.4072
1749264426,0.41140000,374.70000000,0.4072
1749264426,0.41150000,2508.30000000,0.4072
1749264426,0.41160000,56.60000000,0.4072
1749264426,0.41170000,24.80000000,0.4072
1749264426,0.41180000,1285.00000000,0.4072
1749264426,0.41190000,154.40000000,0.4072
1749264426,0.41200000,2479.70000000,0.4072
1749264426,0.41210000,2508.30000000,0.4072
1749264426,0.41220000,577.00000000,0.4072
1749264426,0.41230000,1266.60000000,0.4072
1749264426,0.41240000,348.80000000,0.4072
1749264426,0.41250000,24.80000000,0.4072
1749264426,0.41260000,24.70000000,0.4072
1749264426,0.41270000,38.20000000,0.4072
1749264426,0.41280000,2019.30000000,0.4072
1749264426,0.41290000,239.20000000,0.4072
1749264426,0.41300000,24163.10000000,0.4072
1749264426,0.41310000,13103.20000000,0.4072
1749264426,0.41320000,41.40000000,0.4072
1749264426,0.41330000,40.10000000,0.4072
1749264426,0.41340000,58.90000000,0.4072
1749264426,0.41350000,2458.90000000,0.4072
1749264426,0.41360000,21490.50000000,0.4072
1749264426,0.41370000,24.70000000,0.4072
1749264426,0.41380000,78.30000000,0.4072
1749264426,0.41390000,37.60000000,0.4072
1749264426,0.41400000,1014.80000000,0.4072
1749264426,0.41410000,480.60000000,0.4072
1749264426,0.41420000,36122.30000000,0.4072
1749264426,0.41430000,35451.30000000,0.4072
1749264426,0.41440000,55.30000000,0.4072
1749264426,0.41450000,24.70000000,0.4072
1749264426,0.41460000,24.70000000,0.4072
1749264426,0.41470000,47.50000000,0.4072
1749264426,0.41480000,24.60000000,0.4072
1749264426,0.41490000,160348.80000000,0.4072
1749264426,0.41500000,145859.20000000,0.4072
1749264426,0.41530000,111.90000000,0.4072
1749264426,0.41550000,15.40000000,0.4072
1749264426,0.41570000,16.70000000,0.4072
1749264426,0.41590000,225.50000000,0.4072
1749264426,0.41600000,457.40000000,0.4072
1749264426,0.41610000,24.20000000,0.4072
1749264426,0.41620000,20.80000000,0.4072
1749264426,0.41630000,99.00000000,0.4072
1749264426,0.41640000,293.90000000,0.4072
1749264426,0.41650000,209.20000000,0.4072
1749264426,0.41660000,94.80000000,0.4072
1749264426,0.41680000,290.90000000,0.4072
1749264426,0.41690000,66.00000000,0.4072
1749264426,0.41700000,675.00000000,0.4072
1749264426,0.41710000,22.90000000,0.4072
1749264426,0.41720000,20.60000000,0.4072
1749264426,0.41750000,53.10000000,0.4072
1749264426,0.41760000,2573.70000000,0.4072
1749264426,0.41770000,363.00000000,0.4072
1749264426,0.41780000,13.70000000,0.4072
1749264426,0.41800000,2702.50000000,0.4072
1749264426,0.41810000,13.40000000,0.4072
1749264728,0.40960000,39.00000000,0.4096
1749264728,0.40970000,245.30000000,0.4096
1749264728,0.40980000,2658.70000000,0.4096
1749264728,0.40990000,6611.70000000,0.4096
1749264728,0.41000000,25397.00000000,0.4096
1749264728,0.41010000,6219.60000000,0.4096
1749264728,0.41020000,2819.90000000,0.4096
1749264728,0.41030000,4281.80000000,0.4096
1749264728,0.41040000,4237.60000000,0.4096
1749264728,0.41050000,6060.70000000,0.4096
1749264728,0.41060000,2979.70000000,0.4096
1749264728,0.41070000,10962.60000000,0.4096
1749264728,0.41080000,13688.10000000,0.4096
1749264728,0.41090000,4113.10000000,0.4096
1749264728,0.41100000,1421.30000000,0.4096
1749264728,0.41110000,2039.20000000,0.4096
1749264728,0.41120000,4143.30000000,0.4096
1749264728,0.41130000,3804.80000000,0.4096
1749264728,0.41140000,56.70000000,0.4096
1749264728,0.41150000,3750.10000000,0.4096
1749264728,0.41160000,56.60000000,0.4096
1749264728,0.41170000,30682.90000000,0.4096
1749264728,0.41180000,3768.50000000,0.4096
1749264728,0.41190000,3668.00000000,0.4096
1749264728,0.41200000,3384.90000000,0.4096
1749264728,0.41210000,23080.00000000,0.4096
1749264728,0.41220000,577.00000000,0.4096
1749264728,0.41230000,3188.30000000,0.4096
1749264728,0.41240000,9340.20000000,0.4096
1749264728,0.41250000,24.80000000,0.4096
1749264728,0.41260000,2283.00000000,0.4096
1749264728,0.41270000,2521.70000000,0.4096
1749264728,0.41280000,2037.70000000,0.4096
1749264728,0.41290000,917.90000000,0.4096
1749264728,0.41300000,4021.80000000,0.4096
1749264728,0.41310000,28343.10000000,0.4096
1749264728,0.41320000,25217.00000000,0.4096
1749264728,0.41330000,41783.60000000,0.4096
1749264728,0.41340000,77.30000000,0.4096
1749264728,0.41350000,1808.70000000,0.4096
1749264728,0.41360000,284.80000000,0.4096
1749264728,0.41370000,24.70000000,0.4096
1749264728,0.41380000,3822.00000000,0.4096
1749264728,0.41390000,37.60000000,0.4096
1749264728,0.41400000,1046.40000000,0.4096
1749264728,0.41410000,811.90000000,0.4096
1749264728,0.41420000,56.90000000,0.4096
1749264728,0.41430000,3750.00000000,0.4096
1749264728,0.41440000,55.30000000,0.4096
1749264728,0.41450000,24.70000000,0.4096
1749264728,0.41460000,38.00000000,0.4096
1749264728,0.41470000,47.50000000,0.4096
1749264728,0.41480000,1266.40000000,0.4096
1749264728,0.41490000,2508.10000000,0.4096
1749264728,0.41500000,956.70000000,0.4096
1749264728,0.41510000,24.60000000,0.4096
1749264728,0.41520000,37.90000000,0.4096
1749264728,0.41530000,61535.20000000,0.4096
1749264728,0.41540000,23599.90000000,0.4096
1749264728,0.41550000,40.00000000,0.4096
1749264728,0.41560000,674.80000000,0.4096
1749264728,0.41570000,41.30000000,0.4096
1749264728,0.41580000,14062.20000000,0.4096
1749264728,0.41590000,250.00000000,0.4096
1749264728,0.41600000,481.90000000,0.4096
1749264728,0.41610000,48.70000000,0.4096
1749264728,0.41620000,45.30000000,0.4096
1749264728,0.41630000,123.50000000,0.4096
1749264728,0.41640000,318.40000000,0.4096
1749264728,0.41650000,233.70000000,0.4096
1749264728,0.41660000,119.30000000,0.4096
1749264728,0.41670000,24.50000000,0.4096
1749264728,0.41680000,144967.30000000,0.4096
1749264728,0.41690000,90.50000000,0.4096
1749264728,0.41700000,699.50000000,0.4096
1749264728,0.41710000,47.40000000,0.4096
1749264728,0.41720000,36235.00000000,0.4096
1749264728,0.41730000,194972.20000000,0.4096
1749264728,0.41750000,53.10000000,0.4096
1749264728,0.41760000,15.40000000,0.4096
1749264728,0.41770000,363.00000000,0.4096
1749264728,0.41780000,13.70000000,0.4096
1749264728,0.41800000,2702.50000000,0.4096
1749264728,0.41810000,13.40000000,0.4096
1749264728,0.41820000,29.60000000,0.4096
1749264728,0.41850000,16.20000000,0.4096
1749264728,0.41890000,42.00000000,0.4096
1749264728,0.41900000,637.60000000,0.4096
1749264728,0.41930000,109.00000000,0.4096
1749264728,0.41940000,139.70000000,0.4096
1749264728,0.41950000,22.90000000,0.4096
1749264728,0.41960000,112.40000000,0.4096
1749264728,0.41970000,58.30000000,0.4096
1749264728,0.41980000,2573.70000000,0.4096
1749264728,0.42000000,10373.40000000,0.4096
1749264728,0.42010000,11023.50000000,0.4096
1749264728,0.42030000,27.50000000,0.4096
1749264728,0.42060000,309.80000000,0.4096
1749264728,0.42070000,30.60000000,0.4096
1749264728,0.42080000,499.00000000,0.4096
1749265029,0.41080000,281.10000000,0.4106
1749265029,0.41090000,4922.00000000,0.4106
1749265029,0.41100000,3396.90000000,0.4106
1749265029,0.41110000,853.80000000,0.4106
1749265029,0.41120000,964.80000000,0.4106
1749265029,0.41130000,2742.50000000,0.4106
1749265029,0.41140000,1036.70000000,0.4106
1749265029,0.41150000,8938.70000000,0.4106
1749265029,0.41160000,1340.90000000,0.4106
1749265029,0.41170000,4069.00000000,0.4106
1749265029,0.41180000,24427.30000000,0.4106
1749265029,0.41190000,4290.10000000,0.4106
1749265029,0.41200000,3841.90000000,0.4106
1749265029,0.41210000,3768.40000000,0.4106
1749265029,0.41220000,577.00000000,0.4106
1749265029,0.41230000,2508.40000000,0.4106
1749265029,0.41240000,2864.10000000,0.4106
1749265029,0.41250000,1266.60000000,0.4106
1749265029,0.41260000,2995.50000000,0.4106
1749265029,0.41270000,4668.70000000,0.4106
1749265029,0.41280000,2037.70000000,0.4106
1749265029,0.41290000,29518.80000000,0.4106
1749265029,0.41300000,2591.80000000,0.4106
1749265029,0.41310000,20793.80000000,0.4106
1749265029,0.41320000,735.40000000,0.4106
1749265029,0.41330000,6100.90000000,0.4106
1749265029,0.41340000,752.70000000,0.4106
1749265029,0.41350000,3050.50000000,0.4106
1749265029,0.41360000,25417.00000000,0.4106
1749265029,0.41370000,5107.70000000,0.4106
1749265029,0.41380000,3822.00000000,0.4106
1749265029,0.41390000,1956.10000000,0.4106
1749265029,0.41400000,2670.90000000,0.4106
1749265029,0.41410000,29207.70000000,0.4106
1749265029,0.41420000,733.80000000,0.4106
1749265029,0.41430000,3750.00000000,0.4106
1749265029,0.41440000,750.20000000,0.4106
1749265029,0.41450000,36833.40000000,0.4106
1749265029,0.41460000,2539.80000000,0.4106
1749265029,0.41470000,47.50000000,0.4106
1749265029,0.41480000,2036.30000000,0.4106
1749265029,0.41490000,2508.10000000,0.4106
1749265029,0.41500000,975.00000000,0.4106
1749265029,0.41510000,24.60000000,0.4106
1749265029,0.41520000,56.20000000,0.4106
1749265029,0.41530000,1378.30000000,0.4106
1749265029,0.41540000,2508.10000000,0.4106
1749265029,0.41550000,40.00000000,0.4106
1749265029,0.41560000,24.60000000,0.4106
1749265029,0.41570000,41.30000000,0.4106
1749265029,0.41580000,1279.60000000,0.4106
1749265029,0.41590000,250.00000000,0.4106
1749265029,0.41600000,24304.40000000,0.4106
1749265029,0.41610000,1290.50000000,0.4106
1749265029,0.41620000,45.30000000,0.4106
1749265029,0.41630000,123.50000000,0.4106
1749265029,0.41640000,22942.80000000,0.4106
1749265029,0.41650000,233.70000000,0.4106
1749265029,0.41660000,119.30000000,0.4106
1749265029,0.41670000,674.70000000,0.4106
1749265029,0.41680000,315.40000000,0.4106
1749265029,0.41690000,90.50000000,0.4106
1749265029,0.41700000,36796.40000000,0.4106
1749265029,0.41710000,13088.40000000,0.4106
1749265029,0.41720000,45.10000000,0.4106
1749265029,0.41730000,24.50000000,0.4106
1749265029,0.41740000,24.50000000,0.4106
1749265029,0.41750000,77.60000000,0.4106
1749265029,0.41760000,39.90000000,0.4106
1749265029,0.41770000,35525.60000000,0.4106
1749265029,0.41780000,144163.30000000,0.4106
1749265029,0.41790000,24.40000000,0.4106
1749265029,0.41800000,2699.20000000,0.4106
1749265029,0.41810000,37.80000000,0.4106
1749265029,0.41820000,36268.40000000,0.4106
1749265029,0.41830000,24.40000000,0.4106
1749265029,0.41850000,157071.30000000,0.4106
1749265029,0.41890000,42.00000000,0.4106
1749265029,0.41900000,12.30000000,0.4106
1749265029,0.41930000,109.00000000,0.4106
1749265029,0.41940000,139.70000000,0.4106
1749265029,0.41950000,22.90000000,0.4106
1749265029,0.41960000,112.40000000,0.4106
1749265029,0.41970000,58.30000000,0.4106
1749265029,0.41980000,15.40000000,0.4106
1749265029,0.42000000,10373.40000000,0.4106
1749265029,0.42010000,11023.50000000,0.4106
1749265029,0.42030000,27.50000000,0.4106
1749265029,0.42060000,309.80000000,0.4106
1749265029,0.42070000,30.60000000,0.4106
1749265029,0.42080000,499.00000000,0.4106
1749265029,0.42090000,20.40000000,0.4106
1749265029,0.42100000,2558.30000000,0.4106
1749265029,0.42110000,12.90000000,0.4106
1749265029,0.42120000,102.60000000,0.4106
1749265029,0.42150000,47.90000000,0.4106
1749265029,0.42180000,20.80000000,0.4106
1749265029,0.42200000,55.00000000,0.4106
1749265029,0.42230000,13.90000000,0.4106
1749265029,0.42240000,76.80000000,0.4106
1749265331,0.41260000,12.70000000,0.4124
1749265331,0.41270000,510.70000000,0.4124
1749265331,0.41280000,2393.60000000,0.4124
1749265331,0.41290000,955.30000000,0.4124
1749265331,0.41300000,1863.60000000,0.4124
1749265331,0.41310000,1852.10000000,0.4124
1749265331,0.41320000,2906.10000000,0.4124
1749265331,0.41330000,3452.30000000,0.4124
1749265331,0.41340000,2741.90000000,0.4124
1749265331,0.41350000,8428.30000000,0.4124
1749265331,0.41360000,2122.90000000,0.4124
1749265331,0.41370000,1266.50000000,0.4124
1749265331,0.41380000,3835.30000000,0.4124
1749265331,0.41390000,1484.50000000,0.4124
1749265331,0.41400000,3503.00000000,0.4124
1749265331,0.41410000,1722.40000000,0.4124
1749265331,0.41420000,8444.10000000,0.4124
1749265331,0.41430000,6370.30000000,0.4124
1749265331,0.41440000,1368.60000000,0.4124
1749265331,0.41450000,2023.70000000,0.4124
1749265331,0.41460000,2539.80000000,0.4124
1749265331,0.41470000,2842.10000000,0.4124
1749265331,0.41480000,30074.10000000,0.4124
1749265331,0.41490000,3749.90000000,0.4124
1749265331,0.41500000,1112.70000000,0.4124
1749265331,0.41510000,1369.00000000,0.4124
1749265331,0.41520000,731.40000000,0.4124
1749265331,0.41530000,20599.10000000,0.4124
1749265331,0.41540000,4142.30000000,0.4124
1749265331,0.41550000,62.10000000,0.4124
1749265331,0.41560000,30252.50000000,0.4124
1749265331,0.41570000,2524.80000000,0.4124
1749265331,0.41580000,1297.90000000,0.4124
1749265331,0.41590000,1645.30000000,0.4124
1749265331,0.41600000,3406.70000000,0.4124
1749265331,0.41610000,29906.40000000,0.4124
1749265331,0.41620000,737.30000000,0.4124
1749265331,0.41630000,39561.50000000,0.4124
1749265331,0.41640000,1591.70000000,0.4124
1749265331,0.41650000,233.70000000,0.4124
1749265331,0.41660000,2621.00000000,0.4124
1749265331,0.41670000,24.50000000,0.4124
1749265331,0.41680000,315.40000000,0.4124
1749265331,0.41690000,1663.60000000,0.4124
1749265331,0.41700000,712.70000000,0.4124
1749265331,0.41710000,47.40000000,0.4124
1749265331,0.41720000,26601.80000000,0.4124
1749265331,0.41730000,24.50000000,0.4124
1749265331,0.41740000,1266.30000000,0.4124
1749265331,0.41750000,77.60000000,0.4124
1749265331,0.41760000,53.10000000,0.4124
1749265331,0.41770000,387.40000000,0.4124
1749265331,0.41780000,3171.80000000,0.4124
1749265331,0.41790000,24.40000000,0.4124
1749265331,0.41800000,23671.90000000,0.4124
1749265331,0.41810000,37.80000000,0.4124
1749265331,0.41820000,67.20000000,0.4124
1749265331,0.41830000,24.40000000,0.4124
1749265331,0.41840000,36108.10000000,0.4124
1749265331,0.41850000,12922.50000000,0.4124
1749265331,0.41860000,24.40000000,0.4124
1749265331,0.41870000,24.40000000,0.4124
1749265331,0.41880000,24.40000000,0.4124
1749265331,0.41890000,66.40000000,0.4124
1749265331,0.41900000,36.70000000,0.4124
1749265331,0.41910000,24.40000000,0.4124
1749265331,0.41920000,24.30000000,0.4124
1749265331,0.41930000,133.30000000,0.4124
1749265331,0.41940000,36378.40000000,0.4124
1749265331,0.41950000,47.20000000,0.4124
1749265331,0.41960000,136.70000000,0.4124
1749265331,0.41970000,82.60000000,0.4124
1749265331,0.41980000,143432.40000000,0.4124
1749265331,0.41990000,24.30000000,0.4124
1749265331,0.42000000,10397.70000000,0.4124
1749265331,0.42010000,11047.80000000,0.4124
1749265331,0.42030000,197188.10000000,0.4124
1749265331,0.42060000,309.80000000,0.4124
1749265331,0.42070000,30.60000000,0.4124
1749265331,0.42080000,499.00000000,0.4124
1749265331,0.42090000,20.40000000,0.4124
1749265331,0.42110000,2571.20000000,0.4124
1749265331,0.42120000,102.60000000,0.4124
1749265331,0.42150000,47.90000000,0.4124
1749265331,0.42180000,20.80000000,0.4124
1749265331,0.42200000,55.00000000,0.4124
1749265331,0.42230000,13.90000000,0.4124
1749265331,0.42240000,76.80000000,0.4124
1749265331,0.42250000,12.90000000,0.4124
1749265331,0.42260000,194.80000000,0.4124
1749265331,0.42280000,507.20000000,0.4124
1749265331,0.42300000,166.10000000,0.4124
1749265331,0.42320000,16.70000000,0.4124
1749265331,0.42350000,34.20000000,0.4124
1749265331,0.42400000,3164.50000000,0.4124
1749265331,0.42420000,1763.10000000,0.4124
1749265331,0.42430000,20.30000000,0.4124
1749265331,0.42450000,39.60000000,0.4124
1749265331,0.42470000,20.20000000,0.4124
1749265331,0.42480000,247.40000000,0.4124
1749265633,0.41300000,129.70000000,0.413
1749265633,0.41310000,704.90000000,0.413
1749265633,0.41320000,1834.40000000,0.413
1749265633,0.41330000,3369.90000000,0.413
1749265633,0.41340000,2045.20000000,0.413
1749265633,0.41350000,8251.20000000,0.413
1749265633,0.41360000,2874.00000000,0.413
1749265633,0.41370000,3699.60000000,0.413
1749265633,0.41380000,8531.30000000,0.413
1749265633,0.41390000,2097.90000000,0.413
1749265633,0.41400000,2701.20000000,0.413
1749265633,0.41410000,23524.30000000,0.413
1749265633,0.41420000,88.40000000,0.413
1749265633,0.41430000,4991.80000000,0.413
1749265633,0.41440000,113.40000000,0.413
1749265633,0.41450000,2023.70000000,0.413
1749265633,0.41460000,21755.00000000,0.413
1749265633,0.41470000,5570.00000000,0.413
1749265633,0.41480000,1326.90000000,0.413
1749265633,0.41490000,3749.90000000,0.413
1749265633,0.41500000,359.50000000,0.413
1749265633,0.41510000,1266.40000000,0.413
1749265633,0.41520000,56.20000000,0.413
1749265633,0.41530000,31614.90000000,0.413
1749265633,0.41540000,4075.70000000,0.413
1749265633,0.41550000,1328.70000000,0.413
1749265633,0.41560000,716.70000000,0.413
1749265633,0.41570000,7745.70000000,0.413
1749265633,0.41580000,1297.90000000,0.413
1749265633,0.41590000,2887.20000000,0.413
1749265633,0.41600000,3451.60000000,0.413
1749265633,0.41610000,27224.10000000,0.413
1749265633,0.41620000,63.50000000,0.413
1749265633,0.41630000,3280.60000000,0.413
1749265633,0.41640000,1591.70000000,0.413
1749265633,0.41650000,907.30000000,0.413
1749265633,0.41660000,31240.50000000,0.413
1749265633,0.41670000,697.40000000,0.413
1749265633,0.41680000,333.60000000,0.413
1749265633,0.41690000,1332.30000000,0.413
1749265633,0.41700000,730.90000000,0.413
1749265633,0.41710000,47.40000000,0.413
1749265633,0.41720000,2546.80000000,0.413
1749265633,0.41730000,24097.70000000,0.413
1749265633,0.41740000,1266.30000000,0.413
1749265633,0.41750000,126.40000000,0.413
1749265633,0.41760000,53.10000000,0.413
1749265633,0.41770000,387.40000000,0.413
1749265633,0.41780000,3171.80000000,0.413
1749265633,0.41790000,1266.20000000,0.413
1749265633,0.41800000,2699.20000000,0.413
1749265633,0.41810000,369.10000000,0.413
1749265633,0.41820000,67.20000000,0.413
1749265633,0.41830000,24.40000000,0.413
1749265633,0.41840000,36108.10000000,0.413
1749265633,0.41850000,12790.00000000,0.413
1749265633,0.41860000,24.40000000,0.413
1749265633,0.41870000,20969.30000000,0.413
1749265633,0.41880000,37.60000000,0.413
1749265633,0.41890000,66.40000000,0.413
1749265633,0.41900000,36.70000000,0.413
1749265633,0.41910000,24.40000000,0.413
1749265633,0.41920000,24.40000000,0.413
1749265633,0.41930000,133.30000000,0.413
1749265633,0.41940000,164.00000000,0.413
1749265633,0.41950000,47.20000000,0.413
1749265633,0.41960000,136.70000000,0.413
1749265633,0.41970000,36297.00000000,0.413
1749265633,0.41980000,35002.10000000,0.413
1749265633,0.41990000,24.30000000,0.413
1749265633,0.42000000,10397.70000000,0.413
1749265633,0.42010000,11047.80000000,0.413
1749265633,0.42020000,24.30000000,0.413
1749265633,0.42030000,143525.70000000,0.413
1749265633,0.42040000,24.30000000,0.413
1749265633,0.42050000,24.30000000,0.413
1749265633,0.42060000,156566.20000000,0.413
1749265633,0.42070000,30.60000000,0.413
1749265633,0.42080000,499.00000000,0.413
1749265633,0.42090000,20.40000000,0.413
1749265633,0.42100000,2558.30000000,0.413
1749265633,0.42110000,12.90000000,0.413
1749265633,0.42120000,102.60000000,0.413
1749265633,0.42150000,47.90000000,0.413
1749265633,0.42180000,44.50000000,0.413
1749265633,0.42200000,55.00000000,0.413
1749265633,0.42230000,13.90000000,0.413
1749265633,0.42240000,76.80000000,0.413
1749265633,0.42250000,12.90000000,0.413
1749265633,0.42260000,194.80000000,0.413
1749265633,0.42280000,507.20000000,0.413
1749265633,0.42300000,166.10000000,0.413
1749265633,0.42320000,16.70000000,0.413
1749265633,0.42350000,34.20000000,0.413
1749265633,0.42400000,3164.50000000,0.413
1749265633,0.42420000,1763.10000000,0.413
1749265633,0.42430000,20.30000000,0.413
1749265633,0.42450000,39.60000000,0.413
1749265633,0.42470000,20.20000000,0.413
1749265633,0.42480000,247.40000000,0.413
1749265935,0.40940000,129.70000000,0.4094
1749265935,0.40950000,597.80000000,0.4094
1749265935,0.40960000,2940.40000000,0.4094
1749265935,0.40970000,1347.40000000,0.4094
1749265935,0.40980000,3787.20000000,0.4094
1749265935,0.40990000,3847.40000000,0.4094
1749265935,0.41000000,2506.20000000,0.4094
1749265935,0.41010000,3983.90000000,0.4094
1749265935,0.41020000,1197.70000000,0.4094
1749265935,0.41030000,3307.20000000,0.4094
1749265935,0.41040000,3221.90000000,0.4094
1749265935,0.41050000,2928.00000000,0.4094
1749265935,0.41060000,475.30000000,0.4094
1749265935,0.41070000,5009.80000000,0.4094
1749265935,0.41080000,15406.60000000,0.4094
1749265935,0.41090000,1266.20000000,0.4094
1749265935,0.41100000,10995.40000000,0.4094
1749265935,0.41110000,1281.60000000,0.4094
1749265935,0.41120000,3663.70000000,0.4094
1749265935,0.41130000,2507.90000000,0.4094
1749265935,0.41140000,2203.10000000,0.4094
1749265935,0.41150000,2553.60000000,0.4094
1749265935,0.41160000,31819.20000000,0.4094
1749265935,0.41170000,24.40000000,0.4094
1749265935,0.41180000,2526.30000000,0.4094
1749265935,0.41190000,2383.30000000,0.4094
1749265935,0.41200000,3767.90000000,0.4094
1749265935,0.41210000,701.50000000,0.4094
1749265935,0.41220000,21342.00000000,0.4094
1749265935,0.41230000,3749.60000000,0.4094
1749265935,0.41240000,1297.20000000,0.4094
1749265935,0.41250000,2079.50000000,0.4094
1749265935,0.41260000,7252.20000000,0.4094
1749265935,0.41270000,5257.70000000,0.4094
1749265935,0.41280000,734.80000000,0.4094
1749265935,0.41290000,1266.10000000,0.4094
1749265935,0.41300000,30647.60000000,0.4094
1749265935,0.41310000,39590.50000000,0.4094
1749265935,0.41320000,25216.40000000,0.4094
1749265935,0.41330000,3764.90000000,0.4094
1749265935,0.41340000,76.70000000,0.4094
1749265935,0.41350000,3279.70000000,0.4094
1749265935,0.41360000,2768.30000000,0.4094
1749265935,0.41370000,746.20000000,0.4094
1749265935,0.41380000,1338.50000000,0.4094
1749265935,0.41390000,2726.20000000,0.4094
1749265935,0.41400000,1068.10000000,0.4094
1749265935,0.41410000,722.00000000,0.4094
1749265935,0.41420000,56.90000000,0.4094
1749265935,0.41430000,3750.00000000,0.4094
1749265935,0.41440000,851.70000000,0.4094
1749265935,0.41450000,24.70000000,0.4094
1749265935,0.41460000,2539.80000000,0.4094
1749265935,0.41470000,47.50000000,0.4094
1749265935,0.41480000,1313.60000000,0.4094
1749265935,0.41490000,2508.10000000,0.4094
1749265935,0.41500000,359.50000000,0.4094
1749265935,0.41510000,21135.00000000,0.4094
1749265935,0.41520000,56.20000000,0.4094
1749265935,0.41530000,1430.10000000,0.4094
1749265935,0.41540000,2526.40000000,0.4094
1749265935,0.41550000,86.90000000,0.4094
1749265935,0.41560000,693.10000000,0.4094
1749265935,0.41570000,26625.00000000,0.4094
1749265935,0.41580000,14215.10000000,0.4094
1749265935,0.41590000,250.00000000,0.4094
1749265935,0.41600000,2778.00000000,0.4094
1749265935,0.41610000,1290.50000000,0.4094
1749265935,0.41620000,63.50000000,0.4094
1749265935,0.41630000,2607.00000000,0.4094
1749265935,0.41640000,1578.40000000,0.4094
1749265935,0.41650000,233.70000000,0.4094
1749265935,0.41660000,137.50000000,0.4094
1749265935,0.41670000,93856.60000000,0.4094
1749265935,0.41680000,333.60000000,0.4094
1749265935,0.41690000,1332.30000000,0.4094
1749265935,0.41700000,675.00000000,0.4094
1749265935,0.41710000,249844.50000000,0.4094
1749265935,0.41720000,20.60000000,0.4094
1749265935,0.41730000,35171.90000000,0.4094
1749265935,0.41750000,101.90000000,0.4094
1749265935,0.41760000,15.40000000,0.4094
1749265935,0.41770000,363.00000000,0.4094
1749265935,0.41780000,13.70000000,0.4094
1749265935,0.41800000,2674.80000000,0.4094
1749265935,0.41810000,13.40000000,0.4094
1749265935,0.41820000,29.60000000,0.4094
1749265935,0.41850000,16.20000000,0.4094
1749265935,0.41880000,331.40000000,0.4094
1749265935,0.41890000,42.00000000,0.4094
1749265935,0.41900000,12.30000000,0.4094
1749265935,0.41930000,109.00000000,0.4094
1749265935,0.41940000,139.70000000,0.4094
1749265935,0.41950000,22.90000000,0.4094
1749265935,0.41960000,112.40000000,0.4094
1749265935,0.41970000,58.30000000,0.4094
1749265935,0.41980000,2573.70000000,0.4094
1749265935,0.42000000,10373.40000000,0.4094
1749265935,0.42010000,11023.50000000,0.4094
1749265935,0.42030000,27.50000000,0.4094
1749266236,0.41190000,13.40000000,0.4118
1749266236,0.41200000,37.70000000,0.4118
1749266236,0.41210000,3718.70000000,0.4118
1749266236,0.41220000,1674.00000000,0.4118
1749266236,0.41230000,2638.40000000,0.4118
1749266236,0.41240000,5209.20000000,0.4118
1749266236,0.41250000,4178.10000000,0.4118
1749266236,0.41260000,3984.70000000,0.4118
1749266236,0.41270000,2539.50000000,0.4118
1749266236,0.41280000,455.70000000,0.4118
1749266236,0.41290000,1284.40000000,0.4118
1749266236,0.41300000,26298.80000000,0.4118
1749266236,0.41310000,3010.20000000,0.4118
1749266236,0.41320000,90.80000000,0.4118
1749266236,0.41330000,5401.70000000,0.4118
1749266236,0.41340000,76.70000000,0.4118
1749266236,0.41350000,6562.40000000,0.4118
1749266236,0.41360000,2781.60000000,0.4118
1749266236,0.41370000,2171.70000000,0.4118
1749266236,0.41380000,1351.80000000,0.4118
1749266236,0.41390000,3968.00000000,0.4118
1749266236,0.41400000,2735.60000000,0.4118
1749266236,0.41410000,2100.50000000,0.4118
1749266236,0.41420000,56.90000000,0.4118
1749266236,0.41430000,33029.60000000,0.4118
1749266236,0.41440000,851.70000000,0.4118
1749266236,0.41450000,19914.00000000,0.4118
1749266236,0.41460000,4457.30000000,0.4118
1749266236,0.41470000,1646.40000000,0.4118
1749266236,0.41480000,3231.10000000,0.4118
1749266236,0.41490000,2508.10000000,0.4118
1749266236,0.41500000,2276.50000000,0.4118
1749266236,0.41510000,5258.50000000,0.4118
1749266236,0.41520000,56.20000000,0.4118
1749266236,0.41530000,3346.60000000,0.4118
1749266236,0.41540000,29911.80000000,0.4118
1749266236,0.41550000,28025.10000000,0.4118
1749266236,0.41560000,38296.90000000,0.4118
1749266236,0.41570000,2551.80000000,0.4118
1749266236,0.41580000,1297.90000000,0.4118
1749266236,0.41590000,924.10000000,0.4118
1749266236,0.41600000,3053.20000000,0.4118
1749266236,0.41610000,1290.50000000,0.4118
1749266236,0.41620000,63.50000000,0.4118
1749266236,0.41630000,2607.00000000,0.4118
1749266236,0.41640000,1591.70000000,0.4118
1749266236,0.41650000,233.70000000,0.4118
1749266236,0.41660000,137.50000000,0.4118
1749266236,0.41670000,24.50000000,0.4118
1749266236,0.41680000,333.60000000,0.4118
1749266236,0.41690000,1332.30000000,0.4118
1749266236,0.41700000,712.70000000,0.4118
1749266236,0.41710000,47.40000000,0.4118
1749266236,0.41720000,45.10000000,0.4118
1749266236,0.41730000,24.50000000,0.4118
1749266236,0.41740000,24.50000000,0.4118
1749266236,0.41750000,126.30000000,0.4118
1749266236,0.41760000,53.00000000,0.4118
1749266236,0.41770000,387.40000000,0.4118
1749266236,0.41780000,688.30000000,0.4118
1749266236,0.41790000,24.40000000,0.4118
1749266236,0.41800000,2699.20000000,0.4118
1749266236,0.41810000,60194.70000000,0.4118
1749266236,0.41820000,21349.80000000,0.4118
1749266236,0.41830000,12812.70000000,0.4118
1749266236,0.41840000,24.40000000,0.4118
1749266236,0.41850000,40.60000000,0.4118
1749266236,0.41860000,24.40000000,0.4118
1749266236,0.41870000,24.40000000,0.4118
1749266236,0.41880000,24.40000000,0.4118
1749266236,0.41890000,66.40000000,0.4118
1749266236,0.41900000,36.70000000,0.4118
1749266236,0.41910000,143892.10000000,0.4118
1749266236,0.41920000,24.40000000,0.4118
1749266236,0.41930000,133.30000000,0.4118
1749266236,0.41940000,164.00000000,0.4118
1749266236,0.41950000,155534.70000000,0.4118
1749266236,0.41960000,35091.50000000,0.4118
1749266236,0.41970000,58.30000000,0.4118
1749266236,0.41980000,15.40000000,0.4118
1749266236,0.41990000,36214.40000000,0.4118
1749266236,0.42000000,10373.40000000,0.4118
1749266236,0.42010000,11023.50000000,0.4118
1749266236,0.42030000,27.50000000,0.4118
1749266236,0.42060000,309.80000000,0.4118
1749266236,0.42070000,30.60000000,0.4118
1749266236,0.42080000,499.00000000,0.4118
1749266236,0.42090000,20.40000000,0.4118
1749266236,0.42110000,12.90000000,0.4118
1749266236,0.42120000,102.60000000,0.4118
1749266236,0.42150000,47.90000000,0.4118
1749266236,0.42180000,44.50000000,0.4118
1749266236,0.42200000,55.00000000,0.4118
1749266236,0.42220000,2558.30000000,0.4118
1749266236,0.42230000,13.90000000,0.4118
1749266236,0.42240000,76.80000000,0.4118
1749266236,0.42250000,12.90000000,0.4118
1749266236,0.42260000,194.80000000,0.4118
1749266236,0.42280000,507.20000000,0.4118
1749266236,0.42300000,166.10000000,0.4118
1749266538,0.41350000,9522.30000000,0.4134
1749266538,0.41360000,3605.70000000,0.4134
1749266538,0.41370000,2188.90000000,0.4134
1749266538,0.41380000,529.60000000,0.4134
1749266538,0.41390000,1021.00000000,0.4134
1749266538,0.41400000,2672.20000000,0.4134
1749266538,0.41410000,2438.80000000,0.4134
1749266538,0.41420000,2092.10000000,0.4134
1749266538,0.41430000,3680.00000000,0.4134
1749266538,0.41440000,5673.40000000,0.4134
1749266538,0.41450000,4046.40000000,0.4134
1749266538,0.41460000,3799.80000000,0.4134
1749266538,0.41470000,2939.00000000,0.4134
1749266538,0.41480000,23009.70000000,0.4134
1749266538,0.41490000,2526.30000000,0.4134
1749266538,0.41500000,3893.10000000,0.4134
1749266538,0.41510000,24.60000000,0.4134
1749266538,0.41520000,56.20000000,0.4134
1749266538,0.41530000,3974.40000000,0.4134
1749266538,0.41540000,4152.10000000,0.4134
1749266538,0.41550000,1328.70000000,0.4134
1749266538,0.41560000,727.50000000,0.4134
1749266538,0.41570000,33209.90000000,0.4134
1749266538,0.41580000,1968.90000000,0.4134
1749266538,0.41590000,1491.80000000,0.4134
1749266538,0.41600000,3810.40000000,0.4134
1749266538,0.41610000,5076.00000000,0.4134
1749266538,0.41620000,19879.80000000,0.4134
1749266538,0.41630000,3848.80000000,0.4134
1749266538,0.41640000,2018.70000000,0.4134
1749266538,0.41650000,6642.00000000,0.4134
1749266538,0.41660000,3294.80000000,0.4134
1749266538,0.41670000,776.10000000,0.4134
1749266538,0.41680000,2602.20000000,0.4134
1749266538,0.41690000,5057.60000000,0.4134
1749266538,0.41700000,730.90000000,0.4134
1749266538,0.41710000,1961.00000000,0.4134
1749266538,0.41720000,39787.80000000,0.4134
1749266538,0.41730000,29769.90000000,0.4134
1749266538,0.41740000,1284.50000000,0.4134
1749266538,0.41750000,26837.00000000,0.4134
1749266538,0.41760000,71.20000000,0.4134
1749266538,0.41770000,1629.20000000,0.4134
1749266538,0.41780000,3781.60000000,0.4134
1749266538,0.41790000,24.40000000,0.4134
1749266538,0.41800000,2717.40000000,0.4134
1749266538,0.41810000,37.80000000,0.4134
1749266538,0.41820000,1309.00000000,0.4134
1749266538,0.41830000,24.40000000,0.4134
1749266538,0.41840000,2507.90000000,0.4134
1749266538,0.41850000,40.60000000,0.4134
1749266538,0.41860000,24.40000000,0.4134
1749266538,0.41870000,1266.20000000,0.4134
1749266538,0.41880000,37.60000000,0.4134
1749266538,0.41890000,66.40000000,0.4134
1749266538,0.41900000,2520.20000000,0.4134
1749266538,0.41910000,1005.90000000,0.4134
1749266538,0.41920000,61423.10000000,0.4134
1749266538,0.41930000,133.30000000,0.4134
1749266538,0.41940000,177.20000000,0.4134
1749266538,0.41950000,20922.90000000,0.4134
1749266538,0.41960000,136.70000000,0.4134
1749266538,0.41970000,82.60000000,0.4134
1749266538,0.41980000,13032.90000000,0.4134
1749266538,0.41990000,224.30000000,0.4134
1749266538,0.42000000,11018.20000000,0.4134
1749266538,0.42010000,11047.80000000,0.4134
1749266538,0.42020000,24.30000000,0.4134
1749266538,0.42030000,51.80000000,0.4134
1749266538,0.42040000,24.30000000,0.4134
1749266538,0.42050000,24.30000000,0.4134
1749266538,0.42060000,334.10000000,0.4134
1749266538,0.42070000,66.80000000,0.4134
1749266538,0.42080000,523.30000000,0.4134
1749266538,0.42090000,36259.00000000,0.4134
1749266538,0.42100000,143079.40000000,0.4134
1749266538,0.42110000,34867.40000000,0.4134
1749266538,0.42120000,102.60000000,0.4134
1749266538,0.42130000,155076.90000000,0.4134
1749266538,0.42140000,129.80000000,0.4134
1749266538,0.42150000,47.90000000,0.4134
1749266538,0.42180000,44.50000000,0.4134
1749266538,0.42200000,55.00000000,0.4134
1749266538,0.42230000,13.90000000,0.4134
1749266538,0.42240000,76.80000000,0.4134
1749266538,0.42250000,12.90000000,0.4134
1749266538,0.42260000,194.80000000,0.4134
1749266538,0.42280000,507.20000000,0.4134
1749266538,0.42300000,166.10000000,0.4134
1749266538,0.42320000,16.70000000,0.4134
1749266538,0.42330000,2558.30000000,0.4134
1749266538,0.42350000,34.20000000,0.4134
1749266538,0.42400000,1252.40000000,0.4134
1749266538,0.42420000,1763.10000000,0.4134
1749266538,0.42430000,20.30000000,0.4134
1749266538,0.42450000,39.60000000,0.4134
1749266538,0.42470000,20.20000000,0.4134
1749266538,0.42480000,247.40000000,0.4134
1749266538,0.42490000,13229.40000000,0.4134
1749266538,0.42500000,27871.60000000,0.4134
1749266839,0.41080000,311.90000000,0.4107
1749266839,0.41100000,2511.80000000,0.4107
1749266839,0.41110000,3255.00000000,0.4107
1749266839,0.41120000,4729.90000000,0.4107
1749266839,0.41130000,3376.60000000,0.4107
1749266839,0.41140000,9004.70000000,0.4107
1749266839,0.41150000,1500.30000000,0.4107
1749266839,0.41160000,1859.50000000,0.4107
1749266839,0.41170000,3461.80000000,0.4107
1749266839,0.41180000,8267.00000000,0.4107
1749266839,0.41190000,17160.30000000,0.4107
1749266839,0.41200000,3799.60000000,0.4107
1749266839,0.41210000,56.00000000,0.4107
1749266839,0.41220000,2557.90000000,0.4107
1749266839,0.41230000,2526.00000000,0.4107
1749266839,0.41240000,1328.80000000,0.4107
1749266839,0.41250000,1284.30000000,0.4107
1749266839,0.41260000,2932.40000000,0.4107
1749266839,0.41270000,2507.80000000,0.4107
1749266839,0.41280000,3824.20000000,0.4107
1749266839,0.41290000,24.30000000,0.4107
1749266839,0.41300000,14733.70000000,0.4107
1749266839,0.41310000,1941.50000000,0.4107
1749266839,0.41320000,31822.30000000,0.4107
1749266839,0.41330000,2331.30000000,0.4107
1749266839,0.41340000,2539.50000000,0.4107
1749266839,0.41350000,700.30000000,0.4107
1749266839,0.41360000,2525.90000000,0.4107
1749266839,0.41370000,9280.10000000,0.4107
1749266839,0.41380000,2863.30000000,0.4107
1749266839,0.41390000,22983.60000000,0.4107
1749266839,0.41400000,1675.00000000,0.4107
1749266839,0.41410000,3181.70000000,0.4107
1749266839,0.41420000,2525.90000000,0.4107
1749266839,0.41430000,30025.80000000,0.4107
1749266839,0.41440000,2017.90000000,0.4107
1749266839,0.41450000,3750.00000000,0.4107
1749266839,0.41460000,807.90000000,0.4107
1749266839,0.41470000,2531.10000000,0.4107
1749266839,0.41480000,2555.30000000,0.4107
1749266839,0.41490000,746.10000000,0.4107
1749266839,0.41500000,2619.80000000,0.4107
1749266839,0.41510000,2508.10000000,0.4107
1749266839,0.41520000,56.20000000,0.4107
1749266839,0.41530000,1430.10000000,0.4107
1749266839,0.41540000,2526.40000000,0.4107
1749266839,0.41550000,86.90000000,0.4107
1749266839,0.41560000,42.90000000,0.4107
1749266839,0.41570000,2551.80000000,0.4107
1749266839,0.41580000,25624.10000000,0.4107
1749266839,0.41590000,250.00000000,0.4107
1749266839,0.41600000,3053.20000000,0.4107
1749266839,0.41610000,1290.50000000,0.4107
1749266839,0.41620000,63.50000000,0.4107
1749266839,0.41630000,2607.00000000,0.4107
1749266839,0.41640000,1344.90000000,0.4107
1749266839,0.41650000,233.70000000,0.4107
1749266839,0.41660000,2621.00000000,0.4107
1749266839,0.41670000,21021.10000000,0.4107
1749266839,0.41680000,333.60000000,0.4107
1749266839,0.41690000,3815.80000000,0.4107
1749266839,0.41700000,730.90000000,0.4107
1749266839,0.41710000,47.40000000,0.4107
1749266839,0.41720000,2546.80000000,0.4107
1749266839,0.41730000,13004.50000000,0.4107
1749266839,0.41740000,1284.50000000,0.4107
1749266839,0.41750000,2609.80000000,0.4107
1749266839,0.41760000,71.20000000,0.4107
1749266839,0.41770000,387.40000000,0.4107
1749266839,0.41780000,26613.00000000,0.4107
1749266839,0.41790000,24.40000000,0.4107
1749266839,0.41800000,147220.80000000,0.4107
1749266839,0.41810000,37.80000000,0.4107
1749266839,0.41820000,72.20000000,0.4107
1749266839,0.41830000,24.40000000,0.4107
1749266839,0.41840000,36126.30000000,0.4107
1749266839,0.41850000,16.20000000,0.4107
1749266839,0.41890000,42.00000000,0.4107
1749266839,0.41900000,12.30000000,0.4107
1749266839,0.41930000,109.00000000,0.4107
1749266839,0.41940000,139.70000000,0.4107
1749266839,0.41950000,22.90000000,0.4107
1749266839,0.41960000,112.40000000,0.4107
1749266839,0.41970000,58.30000000,0.4107
1749266839,0.41980000,15.40000000,0.4107
1749266839,0.41990000,36745.80000000,0.4107
1749266839,0.42000000,46041.70000000,0.4107
1749266839,0.42010000,11023.50000000,0.4107
1749266839,0.42030000,27.50000000,0.4107
1749266839,0.42060000,309.80000000,0.4107
1749266839,0.42070000,42.60000000,0.4107
1749266839,0.42080000,499.00000000,0.4107
1749266839,0.42090000,20.40000000,0.4107
1749266839,0.42110000,12.90000000,0.4107
1749266839,0.42120000,102.60000000,0.4107
1749266839,0.42150000,47.90000000,0.4107
1749266839,0.42180000,44.50000000,0.4107
1749266839,0.42200000,55.00000000,0.4107
1749266839,0.42210000,2558.30000000,0.4107
1749266839,0.42230000,13.90000000,0.4107
1749267141,0.40880000,28.50000000,0.4087
1749267141,0.40890000,1768.00000000,0.4087
1749267141,0.40900000,5399.90000000,0.4087
1749267141,0.40910000,2606.00000000,0.4087
1749267141,0.40920000,9880.50000000,0.4087
1749267141,0.40930000,2809.70000000,0.4087
1749267141,0.40940000,5240.90000000,0.4087
1749267141,0.40950000,5017.80000000,0.4087
1749267141,0.40960000,7298.30000000,0.4087
1749267141,0.40970000,941.20000000,0.4087
1749267141,0.40980000,2949.30000000,0.4087
1749267141,0.40990000,9738.60000000,0.4087
1749267141,0.41000000,2558.20000000,0.4087
1749267141,0.41010000,1678.00000000,0.4087
1749267141,0.41020000,1321.00000000,0.4087
1749267141,0.41030000,2023.40000000,0.4087
1749267141,0.41040000,30577.50000000,0.4087
1749267141,0.41050000,16327.10000000,0.4087
1749267141,0.41060000,2987.00000000,0.4087
1749267141,0.41070000,2507.90000000,0.4087
1749267141,0.41080000,2526.30000000,0.4087
1749267141,0.41090000,703.40000000,0.4087
1749267141,0.41100000,3794.30000000,0.4087
1749267141,0.41110000,21338.00000000,0.4087
1749267141,0.41120000,3591.40000000,0.4087
1749267141,0.41130000,3413.10000000,0.4087
1749267141,0.41140000,1284.50000000,0.4087
1749267141,0.41150000,1944.20000000,0.4087
1749267141,0.41160000,7149.30000000,0.4087
1749267141,0.41170000,2507.80000000,0.4087
1749267141,0.41180000,1284.40000000,0.4087
1749267141,0.41190000,3593.80000000,0.4087
1749267141,0.41200000,3767.90000000,0.4087
1749267141,0.41210000,704.40000000,0.4087
1749267141,0.41220000,30805.40000000,0.4087
1749267141,0.41230000,3187.30000000,0.4087
1749267141,0.41240000,24582.20000000,0.4087
1749267141,0.41250000,40864.60000000,0.4087
1749267141,0.41260000,42.50000000,0.4087
1749267141,0.41270000,2507.80000000,0.4087
1749267141,0.41280000,1297.70000000,0.4087
1749267141,0.41290000,24.30000000,0.4087
1749267141,0.41300000,63.30000000,0.4087
1749267141,0.41310000,1266.10000000,0.4087
1749267141,0.41320000,2542.70000000,0.4087
1749267141,0.41330000,39.70000000,0.4087
1749267141,0.41340000,1318.50000000,0.4087
1749267141,0.41350000,1110.40000000,0.4087
1749267141,0.41360000,2525.90000000,0.4087
1749267141,0.41370000,24.20000000,0.4087
1749267141,0.41380000,1337.80000000,0.4087
1749267141,0.41390000,2520.60000000,0.4087
1749267141,0.41400000,9110.70000000,0.4087
1749267141,0.41410000,1266.00000000,0.4087
1749267141,0.41420000,26599.10000000,0.4087
1749267141,0.41430000,21164.40000000,0.4087
1749267141,0.41440000,100.00000000,0.4087
1749267141,0.41450000,2508.20000000,0.4087
1749267141,0.41460000,12994.80000000,0.4087
1749267141,0.41470000,697.70000000,0.4087
1749267141,0.41480000,2555.30000000,0.4087
1749267141,0.41490000,24.60000000,0.4087
1749267141,0.41500000,1378.00000000,0.4087
1749267141,0.41510000,2508.10000000,0.4087
1749267141,0.41520000,42.90000000,0.4087
1749267141,0.41530000,188.30000000,0.4087
1749267141,0.41540000,2526.40000000,0.4087
1749267141,0.41550000,86.90000000,0.4087
1749267141,0.41560000,42.90000000,0.4087
1749267141,0.41570000,2551.80000000,0.4087
1749267141,0.41580000,36458.00000000,0.4087
1749267141,0.41590000,145113.00000000,0.4087
1749267141,0.41600000,3053.20000000,0.4087
1749267141,0.41610000,48.70000000,0.4087
1749267141,0.41620000,63.50000000,0.4087
1749267141,0.41630000,2607.00000000,0.4087
1749267141,0.41640000,159299.50000000,0.4087
1749267141,0.41650000,209.20000000,0.4087
1749267141,0.41660000,2578.30000000,0.4087
1749267141,0.41680000,290.90000000,0.4087
1749267141,0.41690000,66.00000000,0.4087
1749267141,0.41700000,675.00000000,0.4087
1749267141,0.41710000,22.90000000,0.4087
1749267141,0.41720000,20.60000000,0.4087
1749267141,0.41730000,36214.40000000,0.4087
1749267141,0.41740000,35163.50000000,0.4087
1749267141,0.41750000,101.90000000,0.4087
1749267141,0.41760000,15.40000000,0.4087
1749267141,0.41770000,363.00000000,0.4087
1749267141,0.41780000,13.70000000,0.4087
1749267141,0.41800000,2674.80000000,0.4087
1749267141,0.41810000,13.40000000,0.4087
1749267141,0.41820000,29.60000000,0.4087
1749267141,0.41850000,16.20000000,0.4087
1749267141,0.41890000,42.00000000,0.4087
1749267141,0.41900000,12.30000000,0.4087
1749267141,0.41930000,109.00000000,0.4087
1749267141,0.41940000,139.70000000,0.4087
1749267141,0.41950000,22.90000000,0.4087
1749267141,0.41960000,112.40000000,0.4087
1749267443,0.40910000,240.40000000,0.409
1749267443,0.40920000,3337.10000000,0.409
1749267443,0.40930000,2893.50000000,0.409
1749267443,0.40940000,2721.20000000,0.409
1749267443,0.40950000,5355.40000000,0.409
1749267443,0.40960000,11548.10000000,0.409
1749267443,0.40970000,8770.30000000,0.409
1749267443,0.40980000,9903.40000000,0.409
1749267443,0.40990000,18540.00000000,0.409
1749267443,0.41000000,5599.20000000,0.409
1749267443,0.41010000,10136.70000000,0.409
1749267443,0.41020000,3631.80000000,0.409
1749267443,0.41030000,2023.40000000,0.409
1749267443,0.41040000,3128.90000000,0.409
1749267443,0.41050000,2912.70000000,0.409
1749267443,0.41060000,1696.10000000,0.409
1749267443,0.41070000,2507.90000000,0.409
1749267443,0.41080000,2539.70000000,0.409
1749267443,0.41090000,24.40000000,0.409
1749267443,0.41100000,3794.30000000,0.409
1749267443,0.41110000,30598.10000000,0.409
1749267443,0.41120000,2862.10000000,0.409
1749267443,0.41130000,3413.10000000,0.409
1749267443,0.41140000,1445.90000000,0.409
1749267443,0.41150000,2508.00000000,0.409
1749267443,0.41160000,736.90000000,0.409
1749267443,0.41170000,3749.60000000,0.409
1749267443,0.41180000,25285.60000000,0.409
1749267443,0.41190000,22336.70000000,0.409
1749267443,0.41200000,3206.30000000,0.409
1749267443,0.41210000,24.30000000,0.409
1749267443,0.41220000,8513.30000000,0.409
1749267443,0.41230000,2507.80000000,0.409
1749267443,0.41240000,55.40000000,0.409
1749267443,0.41250000,2697.40000000,0.409
1749267443,0.41260000,2286.70000000,0.409
1749267443,0.41270000,30748.80000000,0.409
1749267443,0.41280000,1297.70000000,0.409
1749267443,0.41290000,24.30000000,0.409
1749267443,0.41300000,742.30000000,0.409
1749267443,0.41310000,1266.10000000,0.409
1749267443,0.41320000,2542.70000000,0.409
1749267443,0.41330000,39.70000000,0.409
1749267443,0.41340000,1318.50000000,0.409
1749267443,0.41350000,24.20000000,0.409
1749267443,0.41360000,26599.10000000,0.409
1749267443,0.41370000,24.20000000,0.409
1749267443,0.41380000,96.00000000,0.409
1749267443,0.41390000,2520.60000000,0.409
1749267443,0.41400000,71.90000000,0.409
1749267443,0.41410000,24.20000000,0.409
1749267443,0.41420000,2539.80000000,0.409
1749267443,0.41430000,24.20000000,0.409
1749267443,0.41440000,21237.60000000,0.409
1749267443,0.41450000,38591.90000000,0.409
1749267443,0.41460000,12994.70000000,0.409
1749267443,0.41470000,697.70000000,0.409
1749267443,0.41480000,2526.40000000,0.409
1749267443,0.41490000,24.60000000,0.409
1749267443,0.41500000,1535.80000000,0.409
1749267443,0.41510000,2508.10000000,0.409
1749267443,0.41520000,42.90000000,0.409
1749267443,0.41530000,467.80000000,0.409
1749267443,0.41540000,2508.10000000,0.409
1749267443,0.41550000,62.10000000,0.409
1749267443,0.41560000,35340.40000000,0.409
1749267443,0.41570000,2524.80000000,0.409
1749267443,0.41580000,24.60000000,0.409
1749267443,0.41590000,250.00000000,0.409
1749267443,0.41600000,3035.00000000,0.409
1749267443,0.41610000,48.70000000,0.409
1749267443,0.41620000,45.30000000,0.409
1749267443,0.41630000,2607.00000000,0.409
1749267443,0.41640000,144814.00000000,0.409
1749267443,0.41650000,233.70000000,0.409
1749267443,0.41660000,2602.80000000,0.409
1749267443,0.41670000,158408.00000000,0.409
1749267443,0.41680000,290.90000000,0.409
1749267443,0.41690000,66.00000000,0.409
1749267443,0.41700000,675.00000000,0.409
1749267443,0.41710000,22.90000000,0.409
1749267443,0.41720000,20.60000000,0.409
1749267443,0.41750000,101.90000000,0.409
1749267443,0.41760000,15.40000000,0.409
1749267443,0.41770000,363.00000000,0.409
1749267443,0.41780000,13.70000000,0.409
1749267443,0.41800000,2948.30000000,0.409
1749267443,0.41810000,13.40000000,0.409
1749267443,0.41820000,29.60000000,0.409
1749267443,0.41850000,16.20000000,0.409
1749267443,0.41880000,2558.30000000,0.409
1749267443,0.41890000,42.00000000,0.409
1749267443,0.41900000,2398.90000000,0.409
1749267443,0.41930000,109.00000000,0.409
1749267443,0.41940000,139.70000000,0.409
1749267443,0.41950000,22.90000000,0.409
1749267443,0.41960000,112.40000000,0.409
1749267443,0.41970000,58.30000000,0.409
1749267443,0.41980000,36229.80000000,0.409
1749267443,0.41990000,23681.10000000,0.409
1749267744,0.40980000,2763.60000000,0.4097
1749267744,0.40990000,1585.00000000,0.4097
1749267744,0.41000000,4466.60000000,0.4097
1749267744,0.41010000,6891.00000000,0.4097
1749267744,0.41020000,2558.20000000,0.4097
1749267744,0.41030000,2053.90000000,0.4097
1749267744,0.41040000,8598.60000000,0.4097
1749267744,0.41050000,2737.70000000,0.4097
1749267744,0.41060000,11526.00000000,0.4097
1749267744,0.41070000,23670.10000000,0.4097
1749267744,0.41080000,7645.00000000,0.4097
1749267744,0.41090000,3394.90000000,0.4097
1749267744,0.41100000,12237.10000000,0.4097
