timestamp,price,volume,current_price
1749254490,367.60000000,0.48780000,367.6
1749254490,367.70000000,14.63090000,367.6
1749254490,367.80000000,60.05430000,367.6
1749254490,367.90000000,129.50260000,367.6
1749254490,368.00000000,30.32350000,367.6
1749254490,368.10000000,35.96010000,367.6
1749254490,368.20000000,151.54810000,367.6
1749254490,368.30000000,94.86860000,367.6
1749254490,368.40000000,127.79140000,367.6
1749254490,368.50000000,71.76980000,367.6
1749254490,368.60000000,98.84070000,367.6
1749254490,368.70000000,13.70820000,367.6
1749254490,368.80000000,5.47010000,367.6
1749254490,368.90000000,70.45880000,367.6
1749254490,369.00000000,6.09420000,367.6
1749254490,369.10000000,212.52930000,367.6
1749254490,369.20000000,5.46640000,367.6
1749254490,369.30000000,1.14420000,367.6
1749254490,369.40000000,5.22140000,367.6
1749254490,369.50000000,2.80060000,367.6
1749254490,369.60000000,10.16820000,367.6
1749254490,369.70000000,5.03320000,367.6
1749254490,369.80000000,9.44070000,367.6
1749254490,369.90000000,5.10550000,367.6
1749254490,370.00000000,14.02860000,367.6
1749254490,370.10000000,6.89990000,367.6
1749254490,370.20000000,25.66840000,367.6
1749254490,370.30000000,33.90280000,367.6
1749254490,370.40000000,5.95070000,367.6
1749254490,370.50000000,1.13000000,367.6
1749254490,370.60000000,9.34090000,367.6
1749254490,370.70000000,1.15370000,367.6
1749254490,370.80000000,10.56200000,367.6
1749254490,370.90000000,1.08420000,367.6
1749254490,371.00000000,5.43440000,367.6
1749254490,371.10000000,0.09060000,367.6
1749254490,371.20000000,5.44940000,367.6
1749254490,371.30000000,2.29850000,367.6
1749254490,371.40000000,21.59120000,367.6
1749254490,371.50000000,3.40910000,367.6
1749254490,371.60000000,4.81530000,367.6
1749254490,371.70000000,0.02710000,367.6
1749254490,371.80000000,4.47520000,367.6
1749254490,371.90000000,0.02710000,367.6
1749254490,372.00000000,21.42100000,367.6
1749254490,372.10000000,4.11030000,367.6
1749254490,372.20000000,0.16890000,367.6
1749254490,372.30000000,0.08090000,367.6
1749254490,372.40000000,0.10660000,367.6
1749254490,372.50000000,0.22960000,367.6
1749254490,372.60000000,1.03480000,367.6
1749254490,372.70000000,10.02710000,367.6
1749254490,372.80000000,33.01360000,367.6
1749254490,372.90000000,6.69380000,367.6
1749254490,373.00000000,2.91550000,367.6
1749254490,373.10000000,0.02710000,367.6
1749254490,373.20000000,0.59150000,367.6
1749254490,373.30000000,27.85410000,367.6
1749254490,373.40000000,0.54460000,367.6
1749254490,373.50000000,1.20450000,367.6
1749254490,373.60000000,0.13170000,367.6
1749254490,373.70000000,0.04710000,367.6
1749254490,373.80000000,0.16070000,367.6
1749254490,373.90000000,0.22640000,367.6
1749254490,374.00000000,0.04750000,367.6
1749254490,374.10000000,0.10850000,367.6
1749254490,374.20000000,3.35760000,367.6
1749254490,374.30000000,0.08760000,367.6
1749254490,374.40000000,0.05820000,367.6
1749254490,374.50000000,1.17870000,367.6
1749254490,374.60000000,4.74220000,367.6
1749254490,374.70000000,0.02730000,367.6
1749254490,374.80000000,0.05710000,367.6
1749254490,374.90000000,0.02730000,367.6
1749254490,375.00000000,11.14480000,367.6
1749254490,375.10000000,0.04140000,367.6
1749254490,375.30000000,0.05500000,367.6
1749254490,375.40000000,0.52760000,367.6
1749254490,375.50000000,0.01570000,367.6
1749254490,375.70000000,0.27610000,367.6
1749254490,375.80000000,0.27290000,367.6
1749254490,375.90000000,0.02430000,367.6
1749254490,376.00000000,0.17290000,367.6
1749254490,376.10000000,0.03560000,367.6
1749254490,376.20000000,0.04410000,367.6
1749254490,376.30000000,1.35790000,367.6
1749254490,376.40000000,0.49330000,367.6
1749254490,376.50000000,0.02170000,367.6
1749254490,376.60000000,0.61670000,367.6
1749254490,376.70000000,0.08760000,367.6
1749254490,376.80000000,3.29250000,367.6
1749254490,376.90000000,0.20900000,367.6
1749254490,377.00000000,86.94940000,367.6
1749254490,377.10000000,3.99790000,367.6
1749254490,377.20000000,0.23000000,367.6
1749254490,377.30000000,1.06510000,367.6
1749254490,377.40000000,1.50350000,367.6
1749254490,377.50000000,0.06690000,367.6
1749254490,377.60000000,0.04550000,367.6
1749254490,377.70000000,1.32760000,367.6
1749254797,367.30000000,20.02670000,367.1
1749254797,367.40000000,24.59910000,367.1
1749254797,367.50000000,65.41750000,367.1
1749254797,367.60000000,96.30640000,367.1
1749254797,367.70000000,36.08630000,367.1
1749254797,367.80000000,99.67490000,367.1
1749254797,367.90000000,145.04030000,367.1
1749254797,368.00000000,115.66020000,367.1
1749254797,368.10000000,107.37350000,367.1
1749254797,368.20000000,66.73280000,367.1
1749254797,368.30000000,59.93620000,367.1
1749254797,368.40000000,39.12010000,367.1
1749254797,368.50000000,4.77430000,367.1
1749254797,368.60000000,56.26360000,367.1
1749254797,368.70000000,123.04570000,367.1
1749254797,368.80000000,5.47010000,367.1
1749254797,368.90000000,70.86440000,367.1
1749254797,369.00000000,6.09420000,367.1
1749254797,369.10000000,90.27170000,367.1
1749254797,369.20000000,5.46640000,367.1
1749254797,369.30000000,5.11750000,367.1
1749254797,369.40000000,5.22140000,367.1
1749254797,369.50000000,6.77280000,367.1
1749254797,369.60000000,10.16820000,367.1
1749254797,369.70000000,5.03320000,367.1
1749254797,369.80000000,9.44070000,367.1
1749254797,369.90000000,1.13010000,367.1
1749254797,370.00000000,14.02860000,367.1
1749254797,370.10000000,1.11210000,367.1
1749254797,370.20000000,25.66840000,367.1
1749254797,370.30000000,33.90280000,367.1
1749254797,370.40000000,7.76270000,367.1
1749254797,370.50000000,1.06210000,367.1
1749254797,370.60000000,112.95730000,367.1
1749254797,370.70000000,1.15370000,367.1
1749254797,370.80000000,10.49400000,367.1
1749254797,370.90000000,1.08420000,367.1
1749254797,371.00000000,5.43440000,367.1
1749254797,371.10000000,0.09060000,367.1
1749254797,371.20000000,5.44940000,367.1
1749254797,371.30000000,2.29850000,367.1
1749254797,371.40000000,20.55620000,367.1
1749254797,371.50000000,2.37410000,367.1
1749254797,371.60000000,4.81530000,367.1
1749254797,371.70000000,0.02710000,367.1
1749254797,371.80000000,4.47520000,367.1
1749254797,371.90000000,0.02710000,367.1
1749254797,372.00000000,21.42100000,367.1
1749254797,372.10000000,4.11030000,367.1
1749254797,372.20000000,0.16890000,367.1
1749254797,372.30000000,0.08090000,367.1
1749254797,372.40000000,0.10660000,367.1
1749254797,372.50000000,0.22960000,367.1
1749254797,372.60000000,1.03480000,367.1
1749254797,372.70000000,10.16050000,367.1
1749254797,372.80000000,33.01360000,367.1
1749254797,372.90000000,6.69380000,367.1
1749254797,373.00000000,2.91550000,367.1
1749254797,373.10000000,0.02710000,367.1
1749254797,373.20000000,0.45810000,367.1
1749254797,373.30000000,27.85410000,367.1
1749254797,373.40000000,0.54460000,367.1
1749254797,373.50000000,1.20450000,367.1
1749254797,373.60000000,0.13170000,367.1
1749254797,373.70000000,0.04710000,367.1
1749254797,373.80000000,0.16070000,367.1
1749254797,373.90000000,0.22640000,367.1
1749254797,374.00000000,0.04750000,367.1
1749254797,374.10000000,0.10850000,367.1
1749254797,374.20000000,3.35760000,367.1
1749254797,374.30000000,0.08760000,367.1
1749254797,374.40000000,0.05820000,367.1
1749254797,374.50000000,1.17870000,367.1
1749254797,374.60000000,4.74220000,367.1
1749254797,374.70000000,0.02730000,367.1
1749254797,374.80000000,0.05710000,367.1
1749254797,375.00000000,11.11750000,367.1
1749254797,375.10000000,0.01410000,367.1
1749254797,375.30000000,0.05500000,367.1
1749254797,375.40000000,0.52760000,367.1
1749254797,375.50000000,0.01570000,367.1
1749254797,375.70000000,0.27610000,367.1
1749254797,375.80000000,0.27290000,367.1
1749254797,375.90000000,0.02430000,367.1
1749254797,376.00000000,0.17290000,367.1
1749254797,376.10000000,0.03560000,367.1
1749254797,376.20000000,0.04410000,367.1
1749254797,376.30000000,1.35790000,367.1
1749254797,376.40000000,0.49330000,367.1
1749254797,376.50000000,0.02170000,367.1
1749254797,376.60000000,0.61670000,367.1
1749254797,376.70000000,0.08760000,367.1
1749254797,376.80000000,3.29250000,367.1
1749254797,376.90000000,0.20900000,367.1
1749254797,377.00000000,86.94940000,367.1
1749254797,377.10000000,3.99790000,367.1
1749254797,377.20000000,0.23000000,367.1
1749254797,377.30000000,1.06510000,367.1
1749254797,377.40000000,1.50350000,367.1
1749254797,377.50000000,0.06690000,367.1
