timestamp,price,volume,current_price
1749260837,0.03386000,11178.00000000,0.03382
1749260837,0.03388000,4221.00000000,0.03382
1749260837,0.03389000,15321.00000000,0.03382
1749260837,0.03390000,20664.00000000,0.03382
1749260837,0.03391000,14072.00000000,0.03382
1749260837,0.03392000,11808.00000000,0.03382
1749260837,0.03393000,26260.00000000,0.03382
1749260837,0.03394000,49471.00000000,0.03382
1749260837,0.03395000,44507.00000000,0.03382
1749260837,0.03396000,11785.00000000,0.03382
1749260837,0.03397000,11780.00000000,0.03382
1749260837,0.03398000,13262.00000000,0.03382
1749260837,0.03399000,15314.00000000,0.03382
1749260837,0.03400000,11766.00000000,0.03382
1749260837,0.03401000,36498.00000000,0.03382
1749260837,0.03402000,245917.00000000,0.03382
1749260837,0.03403000,11968.00000000,0.03382
1749260837,0.03404000,11750.00000000,0.03382
1749260837,0.03405000,215674.00000000,0.03382
1749260837,0.03406000,11787.00000000,0.03382
1749260837,0.03407000,132166.00000000,0.03382
1749260837,0.03408000,11750.00000000,0.03382
1749260837,0.03409000,19239.00000000,0.03382
1749260837,0.03411000,5153.00000000,0.03382
1749260837,0.03412000,2660.00000000,0.03382
1749260837,0.03415000,6587.00000000,0.03382
1749260837,0.03423000,209.00000000,0.03382
1749260837,0.03424000,158.00000000,0.03382
1749260837,0.03432000,318.00000000,0.03382
1749260837,0.03433000,209.00000000,0.03382
1749260837,0.03441000,1500.00000000,0.03382
1749260837,0.03442000,14778.00000000,0.03382
1749260837,0.03443000,372.00000000,0.03382
1749260837,0.03447000,4464.00000000,0.03382
1749260837,0.03449000,8379.00000000,0.03382
1749260837,0.03450000,238934.00000000,0.03382
1749260837,0.03453000,209.00000000,0.03382
1749260837,0.03454000,1473.00000000,0.03382
1749260837,0.03456000,231.00000000,0.03382
1749260837,0.03458000,1847.00000000,0.03382
1749260837,0.03459000,260.00000000,0.03382
1749260837,0.03462000,3245.00000000,0.03382
1749260837,0.03463000,498.00000000,0.03382
1749260837,0.03471000,5521.00000000,0.03382
1749260837,0.03472000,45929.00000000,0.03382
1749260837,0.03473000,209.00000000,0.03382
1749260837,0.03475000,303.00000000,0.03382
1749260837,0.03483000,209.00000000,0.03382
1749260837,0.03486000,1646.00000000,0.03382
1749260837,0.03488000,229.00000000,0.03382
1749260837,0.03492000,211.00000000,0.03382
1749260837,0.03493000,653.00000000,0.03382
1749260837,0.03500000,55936.00000000,0.03382
1749260837,0.03502000,228.00000000,0.03382
1749260837,0.03503000,209.00000000,0.03382
1749260837,0.03508000,463.00000000,0.03382
1749260837,0.03510000,14330.00000000,0.03382
1749260837,0.03513000,209.00000000,0.03382
1749260837,0.03523000,493.00000000,0.03382
1749260837,0.03526000,340.00000000,0.03382
1749260837,0.03527000,52585.00000000,0.03382
1749260837,0.03528000,158.00000000,0.03382
1749260837,0.03529000,1419.00000000,0.03382
1749260837,0.03530000,16991.00000000,0.03382
1749260837,0.03533000,209.00000000,0.03382
1749260837,0.03534000,16991.00000000,0.03382
1749260837,0.03538000,16991.00000000,0.03382
1749260837,0.03541000,17362.00000000,0.03382
1749260837,0.03543000,209.00000000,0.03382
1749260837,0.03553000,209.00000000,0.03382
1749260837,0.03560000,4852.00000000,0.03382
1749260837,0.03562000,158.00000000,0.03382
1749260837,0.03563000,209.00000000,0.03382
1749260837,0.03566000,1199.00000000,0.03382
1749260837,0.03573000,209.00000000,0.03382
1749260837,0.03579000,972.00000000,0.03382
1749260837,0.03581000,1725.00000000,0.03382
1749260837,0.03583000,209.00000000,0.03382
1749260837,0.03587000,1260.00000000,0.03382
1749260837,0.03593000,209.00000000,0.03382
1749260837,0.03597000,158.00000000,0.03382
1749260837,0.03600000,1011.00000000,0.03382
1749260837,0.03603000,209.00000000,0.03382
1749260837,0.03612000,6519.00000000,0.03382
1749260837,0.03613000,209.00000000,0.03382
1749260837,0.03623000,209.00000000,0.03382
1749260837,0.03624000,155.00000000,0.03382
1749260837,0.03632000,158.00000000,0.03382
1749260837,0.03633000,209.00000000,0.03382
1749260837,0.03641000,238.00000000,0.03382
1749260837,0.03643000,209.00000000,0.03382
1749260837,0.03644000,1260.00000000,0.03382
1749260837,0.03647000,3515.00000000,0.03382
1749260837,0.03649000,647.00000000,0.03382
1749260837,0.03651000,10106.00000000,0.03382
1749260837,0.03653000,209.00000000,0.03382
1749260837,0.03663000,209.00000000,0.03382
1749260837,0.03666000,158.00000000,0.03382
1749260837,0.03672000,13757.00000000,0.03382
1749260837,0.03673000,209.00000000,0.03382
1749261163,0.03392000,20197.00000000,0.03391
1749261163,0.03393000,209.00000000,0.03391
1749261163,0.03395000,5285.00000000,0.03391
1749261163,0.03396000,18861.00000000,0.03391
1749261163,0.03397000,36595.00000000,0.03391
1749261163,0.03398000,39061.00000000,0.03391
1749261163,0.03399000,16425.00000000,0.03391
1749261163,0.03400000,11766.00000000,0.03391
1749261163,0.03401000,11759.00000000,0.03391
1749261163,0.03402000,19493.00000000,0.03391
1749261163,0.03403000,60123.00000000,0.03391
1749261163,0.03404000,11750.00000000,0.03391
1749261163,0.03405000,11750.00000000,0.03391
1749261163,0.03406000,11787.00000000,0.03391
1749261163,0.03407000,11759.00000000,0.03391
1749261163,0.03408000,11750.00000000,0.03391
1749261163,0.03409000,245936.00000000,0.03391
1749261163,0.03410000,135952.00000000,0.03391
1749261163,0.03411000,143037.00000000,0.03391
1749261163,0.03412000,2660.00000000,0.03391
1749261163,0.03414000,74422.00000000,0.03391
1749261163,0.03415000,6587.00000000,0.03391
1749261163,0.03417000,7452.00000000,0.03391
1749261163,0.03423000,209.00000000,0.03391
1749261163,0.03424000,158.00000000,0.03391
1749261163,0.03432000,318.00000000,0.03391
1749261163,0.03433000,209.00000000,0.03391
1749261163,0.03441000,1500.00000000,0.03391
1749261163,0.03442000,14778.00000000,0.03391
1749261163,0.03443000,372.00000000,0.03391
1749261163,0.03447000,4464.00000000,0.03391
1749261163,0.03449000,8379.00000000,0.03391
1749261163,0.03450000,238934.00000000,0.03391
1749261163,0.03453000,209.00000000,0.03391
1749261163,0.03455000,1473.00000000,0.03391
1749261163,0.03456000,231.00000000,0.03391
1749261163,0.03458000,394.00000000,0.03391
1749261163,0.03459000,1713.00000000,0.03391
1749261163,0.03462000,3245.00000000,0.03391
1749261163,0.03463000,498.00000000,0.03391
1749261163,0.03472000,45929.00000000,0.03391
1749261163,0.03473000,209.00000000,0.03391
1749261163,0.03475000,303.00000000,0.03391
1749261163,0.03480000,5521.00000000,0.03391
1749261163,0.03483000,209.00000000,0.03391
1749261163,0.03486000,1646.00000000,0.03391
1749261163,0.03488000,229.00000000,0.03391
1749261163,0.03492000,211.00000000,0.03391
1749261163,0.03493000,653.00000000,0.03391
1749261163,0.03500000,27198.00000000,0.03391
1749261163,0.03502000,228.00000000,0.03391
1749261163,0.03503000,209.00000000,0.03391
1749261163,0.03508000,463.00000000,0.03391
1749261163,0.03509000,28738.00000000,0.03391
1749261163,0.03510000,14330.00000000,0.03391
1749261163,0.03513000,209.00000000,0.03391
1749261163,0.03523000,493.00000000,0.03391
1749261163,0.03526000,340.00000000,0.03391
1749261163,0.03527000,24318.00000000,0.03391
1749261163,0.03528000,158.00000000,0.03391
1749261163,0.03529000,1419.00000000,0.03391
1749261163,0.03530000,16991.00000000,0.03391
1749261163,0.03533000,209.00000000,0.03391
1749261163,0.03534000,16991.00000000,0.03391
1749261163,0.03536000,28267.00000000,0.03391
1749261163,0.03538000,16991.00000000,0.03391
1749261163,0.03541000,17362.00000000,0.03391
1749261163,0.03543000,209.00000000,0.03391
1749261163,0.03553000,209.00000000,0.03391
1749261163,0.03560000,4852.00000000,0.03391
1749261163,0.03562000,158.00000000,0.03391
1749261163,0.03563000,209.00000000,0.03391
1749261163,0.03566000,1199.00000000,0.03391
1749261163,0.03573000,209.00000000,0.03391
1749261163,0.03579000,972.00000000,0.03391
1749261163,0.03581000,1725.00000000,0.03391
1749261163,0.03583000,209.00000000,0.03391
1749261163,0.03587000,1260.00000000,0.03391
1749261163,0.03593000,209.00000000,0.03391
1749261163,0.03597000,158.00000000,0.03391
1749261163,0.03600000,1011.00000000,0.03391
1749261163,0.03603000,209.00000000,0.03391
1749261163,0.03612000,6519.00000000,0.03391
1749261163,0.03613000,209.00000000,0.03391
1749261163,0.03623000,209.00000000,0.03391
1749261163,0.03624000,155.00000000,0.03391
1749261163,0.03632000,158.00000000,0.03391
1749261163,0.03633000,209.00000000,0.03391
1749261163,0.03641000,238.00000000,0.03391
1749261163,0.03643000,209.00000000,0.03391
1749261163,0.03644000,1260.00000000,0.03391
1749261163,0.03647000,3515.00000000,0.03391
1749261163,0.03649000,647.00000000,0.03391
1749261163,0.03651000,10106.00000000,0.03391
1749261163,0.03653000,209.00000000,0.03391
1749261163,0.03663000,209.00000000,0.03391
1749261163,0.03666000,158.00000000,0.03391
1749261163,0.03672000,13757.00000000,0.03391
1749261163,0.03673000,209.00000000,0.03391
1749261163,0.03675000,291.00000000,0.03391
1749261478,0.03391000,19836.00000000,0.03388
1749261478,0.03393000,11511.00000000,0.03388
1749261478,0.03394000,11806.00000000,0.03388
1749261478,0.03395000,14058.00000000,0.03388
1749261478,0.03396000,11780.00000000,0.03388
1749261478,0.03397000,1110.00000000,0.03388
1749261478,0.03398000,11792.00000000,0.03388
1749261478,0.03399000,39307.00000000,0.03388
1749261478,0.03400000,11776.00000000,0.03388
1749261478,0.03401000,19505.00000000,0.03388
1749261478,0.03403000,1676.00000000,0.03388
1749261478,0.03406000,54377.00000000,0.03388
1749261478,0.03407000,36780.00000000,0.03388
1749261478,0.03408000,234149.00000000,0.03388
1749261478,0.03409000,11780.00000000,0.03388
1749261478,0.03410000,11780.00000000,0.03388
1749261478,0.03411000,146931.00000000,0.03388
1749261478,0.03412000,122844.00000000,0.03388
1749261478,0.03414000,74422.00000000,0.03388
1749261478,0.03415000,14039.00000000,0.03388
1749261478,0.03423000,209.00000000,0.03388
1749261478,0.03424000,158.00000000,0.03388
1749261478,0.03432000,318.00000000,0.03388
1749261478,0.03433000,209.00000000,0.03388
1749261478,0.03441000,1500.00000000,0.03388
1749261478,0.03442000,14778.00000000,0.03388
1749261478,0.03443000,372.00000000,0.03388
1749261478,0.03447000,4464.00000000,0.03388
1749261478,0.03449000,8379.00000000,0.03388
1749261478,0.03450000,238934.00000000,0.03388
1749261478,0.03453000,209.00000000,0.03388
1749261478,0.03455000,1473.00000000,0.03388
1749261478,0.03456000,231.00000000,0.03388
1749261478,0.03458000,394.00000000,0.03388
1749261478,0.03459000,1713.00000000,0.03388
1749261478,0.03462000,3245.00000000,0.03388
1749261478,0.03463000,498.00000000,0.03388
1749261478,0.03472000,45929.00000000,0.03388
1749261478,0.03473000,209.00000000,0.03388
1749261478,0.03475000,303.00000000,0.03388
1749261478,0.03480000,5521.00000000,0.03388
1749261478,0.03483000,209.00000000,0.03388
1749261478,0.03486000,1646.00000000,0.03388
1749261478,0.03488000,229.00000000,0.03388
1749261478,0.03492000,211.00000000,0.03388
1749261478,0.03493000,653.00000000,0.03388
1749261478,0.03500000,27198.00000000,0.03388
1749261478,0.03502000,228.00000000,0.03388
1749261478,0.03503000,209.00000000,0.03388
1749261478,0.03508000,463.00000000,0.03388
1749261478,0.03509000,28738.00000000,0.03388
1749261478,0.03510000,14330.00000000,0.03388
1749261478,0.03513000,209.00000000,0.03388
1749261478,0.03523000,493.00000000,0.03388
1749261478,0.03526000,340.00000000,0.03388
1749261478,0.03527000,24318.00000000,0.03388
1749261478,0.03528000,158.00000000,0.03388
1749261478,0.03529000,1419.00000000,0.03388
1749261478,0.03530000,16991.00000000,0.03388
1749261478,0.03533000,209.00000000,0.03388
1749261478,0.03534000,16991.00000000,0.03388
1749261478,0.03536000,28267.00000000,0.03388
1749261478,0.03538000,16991.00000000,0.03388
1749261478,0.03541000,17362.00000000,0.03388
1749261478,0.03543000,209.00000000,0.03388
1749261478,0.03553000,209.00000000,0.03388
1749261478,0.03560000,4852.00000000,0.03388
1749261478,0.03562000,158.00000000,0.03388
1749261478,0.03563000,209.00000000,0.03388
1749261478,0.03566000,1199.00000000,0.03388
1749261478,0.03573000,209.00000000,0.03388
1749261478,0.03579000,972.00000000,0.03388
1749261478,0.03581000,1725.00000000,0.03388
1749261478,0.03583000,209.00000000,0.03388
1749261478,0.03587000,1260.00000000,0.03388
1749261478,0.03593000,209.00000000,0.03388
1749261478,0.03597000,158.00000000,0.03388
1749261478,0.03600000,1011.00000000,0.03388
1749261478,0.03603000,209.00000000,0.03388
1749261478,0.03612000,6519.00000000,0.03388
1749261478,0.03613000,209.00000000,0.03388
1749261478,0.03623000,209.00000000,0.03388
1749261478,0.03624000,155.00000000,0.03388
1749261478,0.03632000,158.00000000,0.03388
1749261478,0.03633000,209.00000000,0.03388
1749261478,0.03641000,238.00000000,0.03388
1749261478,0.03643000,209.00000000,0.03388
1749261478,0.03644000,1260.00000000,0.03388
1749261478,0.03647000,3515.00000000,0.03388
1749261478,0.03649000,647.00000000,0.03388
1749261478,0.03651000,10106.00000000,0.03388
1749261478,0.03653000,209.00000000,0.03388
1749261478,0.03663000,209.00000000,0.03388
1749261478,0.03666000,158.00000000,0.03388
1749261478,0.03672000,13757.00000000,0.03388
1749261478,0.03673000,209.00000000,0.03388
1749261478,0.03675000,291.00000000,0.03388
1749261478,0.03679000,284.00000000,0.03388
1749261478,0.03683000,209.00000000,0.03388
1749261478,0.03693000,209.00000000,0.03388
1749261789,0.03389000,13865.00000000,0.03388
1749261789,0.03391000,5285.00000000,0.03388
1749261789,0.03392000,8853.00000000,0.03388
1749261789,0.03393000,14945.00000000,0.03388
1749261789,0.03395000,14058.00000000,0.03388
1749261789,0.03396000,11780.00000000,0.03388
1749261789,0.03397000,21854.00000000,0.03388
1749261789,0.03398000,33579.00000000,0.03388
1749261789,0.03399000,49161.00000000,0.03388
1749261789,0.03400000,11776.00000000,0.03388
1749261789,0.03401000,11780.00000000,0.03388
1749261789,0.03403000,209.00000000,0.03388
1749261789,0.03404000,11783.00000000,0.03388
1749261789,0.03405000,11783.00000000,0.03388
1749261789,0.03406000,54377.00000000,0.03388
1749261789,0.03407000,11780.00000000,0.03388
1749261789,0.03408000,234149.00000000,0.03388
1749261789,0.03409000,11780.00000000,0.03388
1749261789,0.03410000,135949.00000000,0.03388
1749261789,0.03411000,22806.00000000,0.03388
1749261789,0.03412000,122852.00000000,0.03388
1749261789,0.03413000,1920.00000000,0.03388
1749261789,0.03414000,81874.00000000,0.03388
1749261789,0.03415000,4667.00000000,0.03388
1749261789,0.03423000,209.00000000,0.03388
1749261789,0.03424000,158.00000000,0.03388
1749261789,0.03432000,318.00000000,0.03388
1749261789,0.03433000,209.00000000,0.03388
1749261789,0.03441000,1500.00000000,0.03388
1749261789,0.03442000,14778.00000000,0.03388
1749261789,0.03443000,372.00000000,0.03388
1749261789,0.03447000,4464.00000000,0.03388
1749261789,0.03449000,8379.00000000,0.03388
1749261789,0.03450000,238934.00000000,0.03388
1749261789,0.03453000,209.00000000,0.03388
1749261789,0.03455000,1473.00000000,0.03388
1749261789,0.03456000,231.00000000,0.03388
1749261789,0.03458000,394.00000000,0.03388
1749261789,0.03459000,1713.00000000,0.03388
1749261789,0.03462000,3245.00000000,0.03388
1749261789,0.03463000,498.00000000,0.03388
1749261789,0.03472000,45929.00000000,0.03388
1749261789,0.03473000,209.00000000,0.03388
1749261789,0.03475000,303.00000000,0.03388
1749261789,0.03480000,5521.00000000,0.03388
1749261789,0.03483000,209.00000000,0.03388
1749261789,0.03486000,1646.00000000,0.03388
1749261789,0.03488000,229.00000000,0.03388
1749261789,0.03492000,211.00000000,0.03388
1749261789,0.03493000,653.00000000,0.03388
1749261789,0.03500000,27198.00000000,0.03388
1749261789,0.03502000,228.00000000,0.03388
1749261789,0.03503000,209.00000000,0.03388
1749261789,0.03508000,463.00000000,0.03388
1749261789,0.03509000,28738.00000000,0.03388
1749261789,0.03510000,14330.00000000,0.03388
1749261789,0.03513000,209.00000000,0.03388
1749261789,0.03523000,493.00000000,0.03388
1749261789,0.03526000,340.00000000,0.03388
1749261789,0.03527000,24318.00000000,0.03388
1749261789,0.03528000,158.00000000,0.03388
1749261789,0.03529000,1419.00000000,0.03388
1749261789,0.03530000,16991.00000000,0.03388
1749261789,0.03533000,209.00000000,0.03388
1749261789,0.03534000,16991.00000000,0.03388
1749261789,0.03536000,28267.00000000,0.03388
1749261789,0.03538000,16991.00000000,0.03388
1749261789,0.03541000,17362.00000000,0.03388
1749261789,0.03543000,209.00000000,0.03388
1749261789,0.03553000,209.00000000,0.03388
1749261789,0.03560000,4852.00000000,0.03388
1749261789,0.03562000,158.00000000,0.03388
1749261789,0.03563000,209.00000000,0.03388
1749261789,0.03566000,1199.00000000,0.03388
1749261789,0.03573000,209.00000000,0.03388
1749261789,0.03579000,972.00000000,0.03388
1749261789,0.03581000,1725.00000000,0.03388
1749261789,0.03583000,209.00000000,0.03388
1749261789,0.03587000,1260.00000000,0.03388
1749261789,0.03593000,209.00000000,0.03388
1749261789,0.03597000,158.00000000,0.03388
1749261789,0.03600000,1011.00000000,0.03388
1749261789,0.03603000,209.00000000,0.03388
1749261789,0.03612000,6519.00000000,0.03388
1749261789,0.03613000,209.00000000,0.03388
1749261789,0.03623000,209.00000000,0.03388
1749261789,0.03624000,155.00000000,0.03388
1749261789,0.03632000,158.00000000,0.03388
1749261789,0.03633000,209.00000000,0.03388
1749261789,0.03641000,238.00000000,0.03388
1749261789,0.03643000,209.00000000,0.03388
1749261789,0.03644000,1260.00000000,0.03388
1749261789,0.03647000,3515.00000000,0.03388
1749261789,0.03649000,647.00000000,0.03388
1749261789,0.03651000,10106.00000000,0.03388
1749261789,0.03653000,209.00000000,0.03388
1749261789,0.03663000,209.00000000,0.03388
1749261789,0.03666000,158.00000000,0.03388
1749261789,0.03672000,13757.00000000,0.03388
1749261789,0.03673000,209.00000000,0.03388
1749262091,0.03384000,9956.00000000,0.03385
1749262091,0.03387000,5992.00000000,0.03385
1749262091,0.03388000,6877.00000000,0.03385
1749262091,0.03389000,11145.00000000,0.03385
1749262091,0.03390000,11808.00000000,0.03385
1749262091,0.03391000,21811.00000000,0.03385
1749262091,0.03392000,39637.00000000,0.03385
1749262091,0.03393000,20826.00000000,0.03385
1749262091,0.03394000,11797.00000000,0.03385
1749262091,0.03395000,11780.00000000,0.03385
1749262091,0.03396000,11780.00000000,0.03385
1749262091,0.03397000,46630.00000000,0.03385
1749262091,0.03398000,133962.00000000,0.03385
1749262091,0.03399000,40326.00000000,0.03385
1749262091,0.03400000,11776.00000000,0.03385
1749262091,0.03401000,370458.00000000,0.03385
1749262091,0.03402000,11794.00000000,0.03385
1749262091,0.03403000,12001.00000000,0.03385
1749262091,0.03404000,11783.00000000,0.03385
1749262091,0.03405000,11783.00000000,0.03385
1749262091,0.03406000,17635.00000000,0.03385
1749262091,0.03407000,11780.00000000,0.03385
1749262091,0.03408000,7452.00000000,0.03385
1749262091,0.03409000,11780.00000000,0.03385
1749262091,0.03410000,11780.00000000,0.03385
1749262091,0.03411000,16933.00000000,0.03385
1749262091,0.03412000,2660.00000000,0.03385
1749262091,0.03413000,1920.00000000,0.03385
1749262091,0.03414000,74422.00000000,0.03385
1749262091,0.03415000,4667.00000000,0.03385
1749262091,0.03423000,209.00000000,0.03385
1749262091,0.03424000,158.00000000,0.03385
1749262091,0.03432000,318.00000000,0.03385
1749262091,0.03433000,209.00000000,0.03385
1749262091,0.03441000,1500.00000000,0.03385
1749262091,0.03442000,14778.00000000,0.03385
1749262091,0.03443000,372.00000000,0.03385
1749262091,0.03447000,4464.00000000,0.03385
1749262091,0.03449000,8379.00000000,0.03385
1749262091,0.03450000,238934.00000000,0.03385
1749262091,0.03453000,209.00000000,0.03385
1749262091,0.03455000,1473.00000000,0.03385
1749262091,0.03456000,231.00000000,0.03385
1749262091,0.03458000,394.00000000,0.03385
1749262091,0.03459000,1713.00000000,0.03385
1749262091,0.03462000,3245.00000000,0.03385
1749262091,0.03463000,498.00000000,0.03385
1749262091,0.03472000,45929.00000000,0.03385
1749262091,0.03473000,209.00000000,0.03385
1749262091,0.03475000,303.00000000,0.03385
1749262091,0.03480000,5521.00000000,0.03385
1749262091,0.03483000,209.00000000,0.03385
1749262091,0.03486000,1646.00000000,0.03385
1749262091,0.03488000,229.00000000,0.03385
1749262091,0.03492000,211.00000000,0.03385
1749262091,0.03493000,653.00000000,0.03385
1749262091,0.03500000,27198.00000000,0.03385
1749262091,0.03502000,228.00000000,0.03385
1749262091,0.03503000,209.00000000,0.03385
1749262091,0.03508000,463.00000000,0.03385
1749262091,0.03509000,28738.00000000,0.03385
1749262091,0.03510000,14330.00000000,0.03385
1749262091,0.03513000,209.00000000,0.03385
1749262091,0.03523000,493.00000000,0.03385
1749262091,0.03526000,340.00000000,0.03385
1749262091,0.03527000,24318.00000000,0.03385
1749262091,0.03528000,158.00000000,0.03385
1749262091,0.03529000,1419.00000000,0.03385
1749262091,0.03530000,16991.00000000,0.03385
1749262091,0.03533000,209.00000000,0.03385
1749262091,0.03534000,16991.00000000,0.03385
1749262091,0.03536000,28267.00000000,0.03385
1749262091,0.03538000,16991.00000000,0.03385
1749262091,0.03541000,17362.00000000,0.03385
1749262091,0.03543000,209.00000000,0.03385
1749262091,0.03553000,209.00000000,0.03385
1749262091,0.03560000,4852.00000000,0.03385
1749262091,0.03562000,158.00000000,0.03385
1749262091,0.03563000,209.00000000,0.03385
1749262091,0.03566000,1199.00000000,0.03385
1749262091,0.03573000,209.00000000,0.03385
1749262091,0.03579000,972.00000000,0.03385
1749262091,0.03581000,1725.00000000,0.03385
1749262091,0.03583000,209.00000000,0.03385
1749262091,0.03587000,1260.00000000,0.03385
1749262091,0.03593000,209.00000000,0.03385
1749262091,0.03597000,158.00000000,0.03385
1749262091,0.03600000,1011.00000000,0.03385
1749262091,0.03603000,209.00000000,0.03385
1749262091,0.03612000,6519.00000000,0.03385
1749262091,0.03613000,209.00000000,0.03385
1749262091,0.03623000,209.00000000,0.03385
1749262091,0.03624000,155.00000000,0.03385
1749262091,0.03632000,158.00000000,0.03385
1749262091,0.03633000,209.00000000,0.03385
1749262091,0.03641000,238.00000000,0.03385
1749262091,0.03643000,209.00000000,0.03385
1749262091,0.03644000,1260.00000000,0.03385
1749262091,0.03647000,3515.00000000,0.03385
1749262091,0.03649000,647.00000000,0.03385
1749262393,0.03393000,4692.00000000,0.03392
1749262393,0.03396000,5285.00000000,0.03392
1749262393,0.03397000,19543.00000000,0.03392
1749262393,0.03398000,35696.00000000,0.03392
1749262393,0.03399000,64406.00000000,0.03392
1749262393,0.03400000,78840.00000000,0.03392
1749262393,0.03401000,11780.00000000,0.03392
1749262393,0.03402000,19519.00000000,0.03392
1749262393,0.03403000,13448.00000000,0.03392
1749262393,0.03404000,11783.00000000,0.03392
1749262393,0.03405000,11783.00000000,0.03392
1749262393,0.03406000,11780.00000000,0.03392
1749262393,0.03407000,132117.00000000,0.03392
1749262393,0.03408000,234149.00000000,0.03392
1749262393,0.03409000,11780.00000000,0.03392
1749262393,0.03410000,135921.00000000,0.03392
1749262393,0.03411000,16933.00000000,0.03392
1749262393,0.03412000,14443.00000000,0.03392
1749262393,0.03413000,13703.00000000,0.03392
1749262393,0.03414000,74422.00000000,0.03392
1749262393,0.03415000,4667.00000000,0.03392
1749262393,0.03416000,5824.00000000,0.03392
1749262393,0.03418000,7452.00000000,0.03392
1749262393,0.03423000,209.00000000,0.03392
1749262393,0.03424000,158.00000000,0.03392
1749262393,0.03432000,318.00000000,0.03392
1749262393,0.03433000,209.00000000,0.03392
1749262393,0.03441000,1500.00000000,0.03392
1749262393,0.03442000,14778.00000000,0.03392
1749262393,0.03443000,372.00000000,0.03392
1749262393,0.03447000,4464.00000000,0.03392
1749262393,0.03449000,8379.00000000,0.03392
1749262393,0.03450000,238934.00000000,0.03392
1749262393,0.03453000,209.00000000,0.03392
1749262393,0.03455000,1473.00000000,0.03392
1749262393,0.03456000,231.00000000,0.03392
1749262393,0.03458000,394.00000000,0.03392
1749262393,0.03459000,1713.00000000,0.03392
1749262393,0.03462000,3245.00000000,0.03392
1749262393,0.03463000,498.00000000,0.03392
1749262393,0.03472000,45929.00000000,0.03392
1749262393,0.03473000,209.00000000,0.03392
1749262393,0.03475000,303.00000000,0.03392
1749262393,0.03480000,5521.00000000,0.03392
1749262393,0.03483000,209.00000000,0.03392
1749262393,0.03486000,1646.00000000,0.03392
1749262393,0.03488000,229.00000000,0.03392
1749262393,0.03492000,211.00000000,0.03392
1749262393,0.03493000,653.00000000,0.03392
1749262393,0.03500000,27198.00000000,0.03392
1749262393,0.03502000,228.00000000,0.03392
1749262393,0.03503000,209.00000000,0.03392
1749262393,0.03508000,463.00000000,0.03392
1749262393,0.03509000,28738.00000000,0.03392
1749262393,0.03510000,14330.00000000,0.03392
1749262393,0.03513000,209.00000000,0.03392
1749262393,0.03523000,493.00000000,0.03392
1749262393,0.03526000,340.00000000,0.03392
1749262393,0.03527000,24318.00000000,0.03392
1749262393,0.03528000,158.00000000,0.03392
1749262393,0.03529000,1419.00000000,0.03392
1749262393,0.03530000,16991.00000000,0.03392
1749262393,0.03533000,209.00000000,0.03392
1749262393,0.03534000,16991.00000000,0.03392
1749262393,0.03536000,28267.00000000,0.03392
1749262393,0.03538000,16991.00000000,0.03392
1749262393,0.03541000,17362.00000000,0.03392
1749262393,0.03543000,209.00000000,0.03392
1749262393,0.03553000,209.00000000,0.03392
1749262393,0.03560000,4852.00000000,0.03392
1749262393,0.03562000,158.00000000,0.03392
1749262393,0.03563000,209.00000000,0.03392
1749262393,0.03566000,1199.00000000,0.03392
1749262393,0.03573000,209.00000000,0.03392
1749262393,0.03579000,972.00000000,0.03392
1749262393,0.03581000,1725.00000000,0.03392
1749262393,0.03583000,209.00000000,0.03392
1749262393,0.03587000,1260.00000000,0.03392
1749262393,0.03593000,209.00000000,0.03392
1749262393,0.03597000,158.00000000,0.03392
1749262393,0.03600000,1011.00000000,0.03392
1749262393,0.03603000,209.00000000,0.03392
1749262393,0.03612000,6519.00000000,0.03392
1749262393,0.03613000,209.00000000,0.03392
1749262393,0.03623000,209.00000000,0.03392
1749262393,0.03624000,155.00000000,0.03392
1749262393,0.03632000,158.00000000,0.03392
1749262393,0.03633000,209.00000000,0.03392
1749262393,0.03641000,238.00000000,0.03392
1749262393,0.03643000,209.00000000,0.03392
1749262393,0.03644000,1260.00000000,0.03392
1749262393,0.03647000,3515.00000000,0.03392
1749262393,0.03649000,647.00000000,0.03392
1749262393,0.03651000,10106.00000000,0.03392
1749262393,0.03653000,209.00000000,0.03392
1749262393,0.03663000,209.00000000,0.03392
1749262393,0.03666000,158.00000000,0.03392
1749262393,0.03672000,13757.00000000,0.03392
1749262393,0.03673000,209.00000000,0.03392
1749262393,0.03675000,291.00000000,0.03392
1749262696,0.03398000,5456.00000000,0.03393
1749262696,0.03399000,5030.00000000,0.03393
1749262696,0.03400000,22852.00000000,0.03393
1749262696,0.03401000,36780.00000000,0.03393
1749262696,0.03402000,14072.00000000,0.03393
1749262696,0.03403000,13112.00000000,0.03393
1749262696,0.03404000,11783.00000000,0.03393
1749262696,0.03405000,11783.00000000,0.03393
1749262696,0.03406000,19505.00000000,0.03393
1749262696,0.03407000,13254.00000000,0.03393
1749262696,0.03408000,11766.00000000,0.03393
1749262696,0.03409000,50014.00000000,0.03393
1749262696,0.03410000,11780.00000000,0.03393
1749262696,0.03411000,16933.00000000,0.03393
1749262696,0.03412000,14443.00000000,0.03393
1749262696,0.03413000,13703.00000000,0.03393
1749262696,0.03414000,11764.00000000,0.03393
1749262696,0.03415000,4667.00000000,0.03393
1749262696,0.03416000,141561.00000000,0.03393
1749262696,0.03417000,245913.00000000,0.03393
1749262696,0.03418000,205934.00000000,0.03393
1749262696,0.03421000,7452.00000000,0.03393
1749262696,0.03423000,209.00000000,0.03393
1749262696,0.03424000,158.00000000,0.03393
1749262696,0.03432000,318.00000000,0.03393
1749262696,0.03433000,209.00000000,0.03393
1749262696,0.03442000,14778.00000000,0.03393
1749262696,0.03443000,372.00000000,0.03393
1749262696,0.03447000,4464.00000000,0.03393
1749262696,0.03449000,8379.00000000,0.03393
1749262696,0.03450000,240434.00000000,0.03393
1749262696,0.03453000,209.00000000,0.03393
1749262696,0.03456000,231.00000000,0.03393
1749262696,0.03458000,394.00000000,0.03393
1749262696,0.03459000,260.00000000,0.03393
1749262696,0.03462000,3245.00000000,0.03393
1749262696,0.03463000,498.00000000,0.03393
1749262696,0.03464000,1473.00000000,0.03393
1749262696,0.03468000,1453.00000000,0.03393
1749262696,0.03472000,45929.00000000,0.03393
1749262696,0.03473000,209.00000000,0.03393
1749262696,0.03475000,303.00000000,0.03393
1749262696,0.03480000,5521.00000000,0.03393
1749262696,0.03483000,209.00000000,0.03393
1749262696,0.03486000,1646.00000000,0.03393
1749262696,0.03488000,229.00000000,0.03393
1749262696,0.03492000,211.00000000,0.03393
1749262696,0.03493000,653.00000000,0.03393
1749262696,0.03500000,27198.00000000,0.03393
1749262696,0.03502000,228.00000000,0.03393
1749262696,0.03503000,209.00000000,0.03393
1749262696,0.03508000,463.00000000,0.03393
1749262696,0.03510000,14330.00000000,0.03393
1749262696,0.03513000,209.00000000,0.03393
1749262696,0.03518000,28738.00000000,0.03393
1749262696,0.03523000,493.00000000,0.03393
1749262696,0.03526000,340.00000000,0.03393
1749262696,0.03527000,16991.00000000,0.03393
1749262696,0.03528000,158.00000000,0.03393
1749262696,0.03529000,1419.00000000,0.03393
1749262696,0.03530000,16991.00000000,0.03393
1749262696,0.03533000,209.00000000,0.03393
1749262696,0.03534000,16991.00000000,0.03393
1749262696,0.03536000,7327.00000000,0.03393
1749262696,0.03538000,16991.00000000,0.03393
1749262696,0.03541000,17362.00000000,0.03393
1749262696,0.03543000,209.00000000,0.03393
1749262696,0.03545000,28267.00000000,0.03393
1749262696,0.03553000,209.00000000,0.03393
1749262696,0.03560000,4852.00000000,0.03393
1749262696,0.03562000,158.00000000,0.03393
1749262696,0.03563000,209.00000000,0.03393
1749262696,0.03566000,1199.00000000,0.03393
1749262696,0.03573000,209.00000000,0.03393
1749262696,0.03579000,972.00000000,0.03393
1749262696,0.03581000,1725.00000000,0.03393
1749262696,0.03583000,209.00000000,0.03393
1749262696,0.03587000,1260.00000000,0.03393
1749262696,0.03593000,209.00000000,0.03393
1749262696,0.03597000,158.00000000,0.03393
1749262696,0.03600000,1011.00000000,0.03393
1749262696,0.03603000,209.00000000,0.03393
1749262696,0.03612000,6519.00000000,0.03393
1749262696,0.03613000,209.00000000,0.03393
1749262696,0.03623000,209.00000000,0.03393
1749262696,0.03624000,155.00000000,0.03393
1749262696,0.03632000,158.00000000,0.03393
1749262696,0.03633000,209.00000000,0.03393
1749262696,0.03641000,238.00000000,0.03393
1749262696,0.03643000,209.00000000,0.03393
1749262696,0.03644000,1260.00000000,0.03393
1749262696,0.03647000,3515.00000000,0.03393
1749262696,0.03649000,647.00000000,0.03393
1749262696,0.03651000,10106.00000000,0.03393
1749262696,0.03653000,209.00000000,0.03393
1749262696,0.03663000,209.00000000,0.03393
1749262696,0.03666000,158.00000000,0.03393
1749262696,0.03672000,13757.00000000,0.03393
1749262696,0.03673000,209.00000000,0.03393
1749262696,0.03675000,291.00000000,0.03393
1749263005,0.03396000,14412.00000000,0.03393
1749263005,0.03398000,5030.00000000,0.03393
1749263005,0.03399000,11782.00000000,0.03393
1749263005,0.03400000,12870.00000000,0.03393
1749263005,0.03401000,14058.00000000,0.03393
1749263005,0.03402000,21711.00000000,0.03393
1749263005,0.03403000,33057.00000000,0.03393
1749263005,0.03404000,17969.00000000,0.03393
1749263005,0.03405000,19508.00000000,0.03393
1749263005,0.03406000,36780.00000000,0.03393
1749263005,0.03407000,13254.00000000,0.03393
1749263005,0.03408000,54774.00000000,0.03393
1749263005,0.03409000,11780.00000000,0.03393
1749263005,0.03410000,132356.00000000,0.03393
1749263005,0.03411000,16933.00000000,0.03393
1749263005,0.03412000,248592.00000000,0.03393
1749263005,0.03413000,137713.00000000,0.03393
1749263005,0.03414000,11764.00000000,0.03393
1749263005,0.03415000,16426.00000000,0.03393
1749263005,0.03416000,17667.00000000,0.03393
1749263005,0.03417000,85682.00000000,0.03393
1749263005,0.03418000,11766.00000000,0.03393
1749263005,0.03420000,7452.00000000,0.03393
1749263005,0.03423000,209.00000000,0.03393
1749263005,0.03424000,158.00000000,0.03393
1749263005,0.03432000,318.00000000,0.03393
1749263005,0.03433000,209.00000000,0.03393
1749263005,0.03442000,14778.00000000,0.03393
1749263005,0.03443000,372.00000000,0.03393
1749263005,0.03447000,4464.00000000,0.03393
1749263005,0.03449000,8379.00000000,0.03393
1749263005,0.03450000,240434.00000000,0.03393
1749263005,0.03453000,209.00000000,0.03393
1749263005,0.03456000,231.00000000,0.03393
1749263005,0.03458000,394.00000000,0.03393
1749263005,0.03459000,260.00000000,0.03393
1749263005,0.03462000,3245.00000000,0.03393
1749263005,0.03463000,498.00000000,0.03393
1749263005,0.03464000,1473.00000000,0.03393
1749263005,0.03468000,1453.00000000,0.03393
1749263005,0.03472000,45929.00000000,0.03393
1749263005,0.03473000,209.00000000,0.03393
1749263005,0.03475000,303.00000000,0.03393
1749263005,0.03480000,5521.00000000,0.03393
1749263005,0.03483000,209.00000000,0.03393
1749263005,0.03486000,1646.00000000,0.03393
1749263005,0.03488000,229.00000000,0.03393
1749263005,0.03492000,211.00000000,0.03393
1749263005,0.03493000,653.00000000,0.03393
1749263005,0.03500000,27198.00000000,0.03393
1749263005,0.03502000,228.00000000,0.03393
1749263005,0.03503000,209.00000000,0.03393
1749263005,0.03508000,463.00000000,0.03393
1749263005,0.03510000,14330.00000000,0.03393
1749263005,0.03513000,209.00000000,0.03393
1749263005,0.03518000,28738.00000000,0.03393
1749263005,0.03523000,493.00000000,0.03393
1749263005,0.03526000,340.00000000,0.03393
1749263005,0.03527000,16991.00000000,0.03393
1749263005,0.03528000,158.00000000,0.03393
1749263005,0.03529000,1419.00000000,0.03393
1749263005,0.03530000,16991.00000000,0.03393
1749263005,0.03533000,209.00000000,0.03393
1749263005,0.03534000,16991.00000000,0.03393
1749263005,0.03536000,7327.00000000,0.03393
1749263005,0.03538000,16991.00000000,0.03393
1749263005,0.03541000,17362.00000000,0.03393
1749263005,0.03543000,209.00000000,0.03393
1749263005,0.03545000,28267.00000000,0.03393
1749263005,0.03553000,209.00000000,0.03393
1749263005,0.03560000,4852.00000000,0.03393
1749263005,0.03562000,158.00000000,0.03393
1749263005,0.03563000,209.00000000,0.03393
1749263005,0.03566000,1199.00000000,0.03393
1749263005,0.03573000,209.00000000,0.03393
1749263005,0.03579000,972.00000000,0.03393
1749263005,0.03581000,1725.00000000,0.03393
1749263005,0.03583000,209.00000000,0.03393
1749263005,0.03587000,1260.00000000,0.03393
1749263005,0.03593000,209.00000000,0.03393
1749263005,0.03597000,158.00000000,0.03393
1749263005,0.03600000,1011.00000000,0.03393
1749263005,0.03603000,209.00000000,0.03393
1749263005,0.03612000,6519.00000000,0.03393
1749263005,0.03613000,209.00000000,0.03393
1749263005,0.03623000,209.00000000,0.03393
1749263005,0.03624000,155.00000000,0.03393
1749263005,0.03632000,158.00000000,0.03393
1749263005,0.03633000,209.00000000,0.03393
1749263005,0.03641000,238.00000000,0.03393
1749263005,0.03643000,209.00000000,0.03393
1749263005,0.03644000,1260.00000000,0.03393
1749263005,0.03647000,3515.00000000,0.03393
1749263005,0.03649000,647.00000000,0.03393
1749263005,0.03651000,10106.00000000,0.03393
1749263005,0.03653000,209.00000000,0.03393
1749263005,0.03663000,209.00000000,0.03393
1749263005,0.03666000,158.00000000,0.03393
1749263005,0.03672000,13757.00000000,0.03393
1749263005,0.03673000,209.00000000,0.03393
1749263313,0.03395000,6446.00000000,0.03393
1749263313,0.03398000,5030.00000000,0.03393
1749263313,0.03399000,12894.00000000,0.03393
1749263313,0.03400000,11759.00000000,0.03393
1749263313,0.03401000,14058.00000000,0.03393
1749263313,0.03402000,21711.00000000,0.03393
1749263313,0.03403000,33057.00000000,0.03393
1749263313,0.03404000,17969.00000000,0.03393
1749263313,0.03405000,19508.00000000,0.03393
1749263313,0.03406000,11780.00000000,0.03393
1749263313,0.03407000,13254.00000000,0.03393
1749263313,0.03408000,54774.00000000,0.03393
1749263313,0.03409000,36780.00000000,0.03393
1749263313,0.03410000,132356.00000000,0.03393
1749263313,0.03411000,141020.00000000,0.03393
1749263313,0.03412000,248592.00000000,0.03393
1749263313,0.03413000,13703.00000000,0.03393
1749263313,0.03414000,11764.00000000,0.03393
1749263313,0.03415000,16426.00000000,0.03393
1749263313,0.03416000,91391.00000000,0.03393
1749263313,0.03417000,11764.00000000,0.03393
1749263313,0.03418000,11766.00000000,0.03393
1749263313,0.03420000,7452.00000000,0.03393
1749263313,0.03423000,209.00000000,0.03393
1749263313,0.03424000,158.00000000,0.03393
1749263313,0.03432000,318.00000000,0.03393
1749263313,0.03433000,209.00000000,0.03393
1749263313,0.03442000,14778.00000000,0.03393
1749263313,0.03443000,372.00000000,0.03393
1749263313,0.03447000,4464.00000000,0.03393
1749263313,0.03449000,8379.00000000,0.03393
1749263313,0.03450000,240434.00000000,0.03393
1749263313,0.03453000,209.00000000,0.03393
1749263313,0.03456000,231.00000000,0.03393
1749263313,0.03458000,394.00000000,0.03393
1749263313,0.03459000,260.00000000,0.03393
1749263313,0.03462000,3245.00000000,0.03393
1749263313,0.03463000,498.00000000,0.03393
1749263313,0.03464000,1473.00000000,0.03393
1749263313,0.03468000,1453.00000000,0.03393
1749263313,0.03472000,45929.00000000,0.03393
1749263313,0.03473000,209.00000000,0.03393
1749263313,0.03475000,303.00000000,0.03393
1749263313,0.03480000,5521.00000000,0.03393
1749263313,0.03483000,209.00000000,0.03393
1749263313,0.03486000,1646.00000000,0.03393
1749263313,0.03488000,229.00000000,0.03393
1749263313,0.03492000,211.00000000,0.03393
1749263313,0.03493000,653.00000000,0.03393
1749263313,0.03500000,27198.00000000,0.03393
1749263313,0.03502000,228.00000000,0.03393
1749263313,0.03503000,209.00000000,0.03393
1749263313,0.03508000,463.00000000,0.03393
1749263313,0.03510000,14330.00000000,0.03393
1749263313,0.03513000,209.00000000,0.03393
1749263313,0.03518000,28738.00000000,0.03393
1749263313,0.03523000,493.00000000,0.03393
1749263313,0.03526000,340.00000000,0.03393
1749263313,0.03527000,16991.00000000,0.03393
1749263313,0.03528000,158.00000000,0.03393
1749263313,0.03529000,1419.00000000,0.03393
1749263313,0.03530000,16991.00000000,0.03393
1749263313,0.03533000,209.00000000,0.03393
1749263313,0.03534000,16991.00000000,0.03393
1749263313,0.03536000,7327.00000000,0.03393
1749263313,0.03538000,16991.00000000,0.03393
1749263313,0.03541000,17362.00000000,0.03393
1749263313,0.03543000,209.00000000,0.03393
1749263313,0.03545000,28267.00000000,0.03393
1749263313,0.03553000,209.00000000,0.03393
1749263313,0.03560000,4852.00000000,0.03393
1749263313,0.03562000,158.00000000,0.03393
1749263313,0.03563000,209.00000000,0.03393
1749263313,0.03566000,1199.00000000,0.03393
1749263313,0.03573000,209.00000000,0.03393
1749263313,0.03579000,972.00000000,0.03393
1749263313,0.03581000,1725.00000000,0.03393
1749263313,0.03583000,209.00000000,0.03393
1749263313,0.03587000,1260.00000000,0.03393
1749263313,0.03593000,209.00000000,0.03393
1749263313,0.03597000,158.00000000,0.03393
1749263313,0.03600000,1011.00000000,0.03393
1749263313,0.03603000,209.00000000,0.03393
1749263313,0.03612000,6519.00000000,0.03393
1749263313,0.03613000,209.00000000,0.03393
1749263313,0.03623000,209.00000000,0.03393
1749263313,0.03624000,155.00000000,0.03393
1749263313,0.03632000,158.00000000,0.03393
1749263313,0.03633000,209.00000000,0.03393
1749263313,0.03641000,238.00000000,0.03393
1749263313,0.03643000,209.00000000,0.03393
1749263313,0.03644000,1260.00000000,0.03393
1749263313,0.03647000,3515.00000000,0.03393
1749263313,0.03649000,647.00000000,0.03393
1749263313,0.03651000,10106.00000000,0.03393
1749263313,0.03653000,209.00000000,0.03393
1749263313,0.03663000,209.00000000,0.03393
1749263313,0.03666000,158.00000000,0.03393
1749263313,0.03672000,13757.00000000,0.03393
1749263313,0.03673000,209.00000000,0.03393
1749263615,0.03395000,14187.00000000,0.03393
1749263615,0.03398000,5030.00000000,0.03393
1749263615,0.03399000,12893.00000000,0.03393
1749263615,0.03400000,11759.00000000,0.03393
1749263615,0.03401000,14058.00000000,0.03393
1749263615,0.03402000,24561.00000000,0.03393
1749263615,0.03403000,42557.00000000,0.03393
1749263615,0.03404000,17969.00000000,0.03393
1749263615,0.03405000,19508.00000000,0.03393
1749263615,0.03406000,36780.00000000,0.03393
1749263615,0.03407000,13254.00000000,0.03393
1749263615,0.03408000,167006.00000000,0.03393
1749263615,0.03409000,11780.00000000,0.03393
1749263615,0.03410000,136274.00000000,0.03393
1749263615,0.03411000,16933.00000000,0.03393
1749263615,0.03412000,248592.00000000,0.03393
1749263615,0.03413000,13703.00000000,0.03393
1749263615,0.03414000,11764.00000000,0.03393
1749263615,0.03415000,16426.00000000,0.03393
1749263615,0.03416000,90273.00000000,0.03393
1749263615,0.03417000,11764.00000000,0.03393
1749263615,0.03418000,11766.00000000,0.03393
1749263615,0.03420000,7452.00000000,0.03393
1749263615,0.03423000,209.00000000,0.03393
1749263615,0.03424000,158.00000000,0.03393
1749263615,0.03432000,318.00000000,0.03393
1749263615,0.03433000,209.00000000,0.03393
1749263615,0.03442000,14778.00000000,0.03393
1749263615,0.03443000,372.00000000,0.03393
1749263615,0.03447000,4464.00000000,0.03393
1749263615,0.03449000,8379.00000000,0.03393
1749263615,0.03450000,240434.00000000,0.03393
1749263615,0.03453000,209.00000000,0.03393
1749263615,0.03456000,231.00000000,0.03393
1749263615,0.03458000,394.00000000,0.03393
1749263615,0.03459000,260.00000000,0.03393
1749263615,0.03462000,3245.00000000,0.03393
1749263615,0.03463000,498.00000000,0.03393
1749263615,0.03464000,1473.00000000,0.03393
1749263615,0.03468000,1453.00000000,0.03393
1749263615,0.03472000,45929.00000000,0.03393
1749263615,0.03473000,209.00000000,0.03393
1749263615,0.03475000,303.00000000,0.03393
1749263615,0.03480000,5521.00000000,0.03393
1749263615,0.03483000,209.00000000,0.03393
1749263615,0.03486000,1646.00000000,0.03393
1749263615,0.03488000,229.00000000,0.03393
1749263615,0.03492000,211.00000000,0.03393
1749263615,0.03493000,653.00000000,0.03393
1749263615,0.03500000,27198.00000000,0.03393
1749263615,0.03502000,228.00000000,0.03393
1749263615,0.03503000,209.00000000,0.03393
1749263615,0.03508000,463.00000000,0.03393
1749263615,0.03510000,14330.00000000,0.03393
1749263615,0.03513000,209.00000000,0.03393
1749263615,0.03518000,28738.00000000,0.03393
1749263615,0.03523000,493.00000000,0.03393
1749263615,0.03526000,340.00000000,0.03393
1749263615,0.03527000,16991.00000000,0.03393
1749263615,0.03528000,158.00000000,0.03393
1749263615,0.03529000,1419.00000000,0.03393
1749263615,0.03530000,16991.00000000,0.03393
1749263615,0.03533000,209.00000000,0.03393
1749263615,0.03534000,16991.00000000,0.03393
1749263615,0.03536000,7327.00000000,0.03393
1749263615,0.03538000,16991.00000000,0.03393
1749263615,0.03541000,17362.00000000,0.03393
1749263615,0.03543000,209.00000000,0.03393
1749263615,0.03545000,28267.00000000,0.03393
1749263615,0.03553000,209.00000000,0.03393
1749263615,0.03560000,4852.00000000,0.03393
1749263615,0.03562000,158.00000000,0.03393
1749263615,0.03563000,209.00000000,0.03393
1749263615,0.03566000,1199.00000000,0.03393
1749263615,0.03573000,209.00000000,0.03393
1749263615,0.03579000,972.00000000,0.03393
1749263615,0.03581000,1725.00000000,0.03393
1749263615,0.03583000,209.00000000,0.03393
1749263615,0.03587000,1260.00000000,0.03393
1749263615,0.03593000,209.00000000,0.03393
1749263615,0.03597000,158.00000000,0.03393
1749263615,0.03600000,1011.00000000,0.03393
1749263615,0.03603000,209.00000000,0.03393
1749263615,0.03612000,6519.00000000,0.03393
1749263615,0.03613000,209.00000000,0.03393
1749263615,0.03623000,209.00000000,0.03393
1749263615,0.03624000,155.00000000,0.03393
1749263615,0.03632000,158.00000000,0.03393
1749263615,0.03633000,209.00000000,0.03393
1749263615,0.03641000,238.00000000,0.03393
1749263615,0.03643000,209.00000000,0.03393
1749263615,0.03644000,1260.00000000,0.03393
1749263615,0.03647000,3515.00000000,0.03393
1749263615,0.03649000,647.00000000,0.03393
1749263615,0.03651000,10106.00000000,0.03393
1749263615,0.03653000,209.00000000,0.03393
1749263615,0.03663000,209.00000000,0.03393
1749263615,0.03666000,158.00000000,0.03393
1749263615,0.03672000,13757.00000000,0.03393
1749263615,0.03673000,209.00000000,0.03393
1749263917,0.03398000,5599.00000000,0.03394
1749263917,0.03399000,5030.00000000,0.03394
1749263917,0.03400000,11786.00000000,0.03394
1749263917,0.03401000,11372.00000000,0.03394
1749263917,0.03402000,52951.00000000,0.03394
1749263917,0.03403000,42557.00000000,0.03394
1749263917,0.03404000,11783.00000000,0.03394
1749263917,0.03405000,11783.00000000,0.03394
1749263917,0.03406000,11780.00000000,0.03394
1749263917,0.03407000,20979.00000000,0.03394
1749263917,0.03408000,46726.00000000,0.03394
1749263917,0.03409000,11780.00000000,0.03394
1749263917,0.03410000,12151.00000000,0.03394
1749263917,0.03411000,256026.00000000,0.03394
1749263917,0.03412000,248592.00000000,0.03394
1749263917,0.03413000,11783.00000000,0.03394
1749263917,0.03414000,11764.00000000,0.03394
1749263917,0.03415000,24259.00000000,0.03394
1749263917,0.03416000,17667.00000000,0.03394
1749263917,0.03417000,11764.00000000,0.03394
1749263917,0.03418000,11766.00000000,0.03394
1749263917,0.03420000,83785.00000000,0.03394
1749263917,0.03421000,7452.00000000,0.03394
1749263917,0.03423000,209.00000000,0.03394
1749263917,0.03424000,158.00000000,0.03394
1749263917,0.03432000,318.00000000,0.03394
1749263917,0.03433000,209.00000000,0.03394
1749263917,0.03442000,14778.00000000,0.03394
1749263917,0.03443000,372.00000000,0.03394
1749263917,0.03447000,4464.00000000,0.03394
1749263917,0.03449000,10689.00000000,0.03394
1749263917,0.03450000,240434.00000000,0.03394
1749263917,0.03453000,209.00000000,0.03394
1749263917,0.03458000,394.00000000,0.03394
1749263917,0.03459000,260.00000000,0.03394
1749263917,0.03462000,3245.00000000,0.03394
1749263917,0.03463000,209.00000000,0.03394
1749263917,0.03464000,1473.00000000,0.03394
1749263917,0.03468000,1453.00000000,0.03394
1749263917,0.03472000,45929.00000000,0.03394
1749263917,0.03473000,209.00000000,0.03394
1749263917,0.03475000,303.00000000,0.03394
1749263917,0.03480000,5521.00000000,0.03394
1749263917,0.03483000,209.00000000,0.03394
1749263917,0.03492000,211.00000000,0.03394
1749263917,0.03493000,653.00000000,0.03394
1749263917,0.03500000,27198.00000000,0.03394
1749263917,0.03503000,209.00000000,0.03394
1749263917,0.03508000,463.00000000,0.03394
1749263917,0.03510000,14330.00000000,0.03394
1749263917,0.03513000,209.00000000,0.03394
1749263917,0.03518000,28738.00000000,0.03394
1749263917,0.03523000,209.00000000,0.03394
1749263917,0.03526000,340.00000000,0.03394
1749263917,0.03527000,16991.00000000,0.03394
1749263917,0.03528000,158.00000000,0.03394
1749263917,0.03529000,1419.00000000,0.03394
1749263917,0.03530000,16991.00000000,0.03394
1749263917,0.03533000,209.00000000,0.03394
1749263917,0.03534000,16991.00000000,0.03394
1749263917,0.03536000,7327.00000000,0.03394
1749263917,0.03538000,16991.00000000,0.03394
1749263917,0.03541000,17362.00000000,0.03394
1749263917,0.03543000,209.00000000,0.03394
1749263917,0.03545000,28267.00000000,0.03394
1749263917,0.03553000,209.00000000,0.03394
1749263917,0.03560000,4852.00000000,0.03394
1749263917,0.03562000,158.00000000,0.03394
1749263917,0.03563000,209.00000000,0.03394
1749263917,0.03566000,1199.00000000,0.03394
1749263917,0.03573000,209.00000000,0.03394
1749263917,0.03579000,972.00000000,0.03394
1749263917,0.03581000,1725.00000000,0.03394
1749263917,0.03583000,209.00000000,0.03394
1749263917,0.03587000,1260.00000000,0.03394
1749263917,0.03593000,209.00000000,0.03394
1749263917,0.03597000,158.00000000,0.03394
1749263917,0.03600000,1011.00000000,0.03394
1749263917,0.03603000,209.00000000,0.03394
1749263917,0.03612000,6519.00000000,0.03394
1749263917,0.03613000,209.00000000,0.03394
1749263917,0.03623000,209.00000000,0.03394
1749263917,0.03624000,155.00000000,0.03394
1749263917,0.03632000,158.00000000,0.03394
1749263917,0.03633000,209.00000000,0.03394
1749263917,0.03641000,238.00000000,0.03394
1749263917,0.03643000,209.00000000,0.03394
1749263917,0.03644000,1260.00000000,0.03394
1749263917,0.03647000,3515.00000000,0.03394
1749263917,0.03649000,647.00000000,0.03394
1749263917,0.03651000,10106.00000000,0.03394
1749263917,0.03653000,209.00000000,0.03394
1749263917,0.03663000,209.00000000,0.03394
1749263917,0.03666000,158.00000000,0.03394
1749263917,0.03672000,13757.00000000,0.03394
1749263917,0.03673000,209.00000000,0.03394
1749263917,0.03675000,291.00000000,0.03394
1749263917,0.03679000,284.00000000,0.03394
1749263917,0.03683000,209.00000000,0.03394
1749263917,0.03693000,209.00000000,0.03394
1749264218,0.03403000,4072.00000000,0.03396
1749264218,0.03405000,5030.00000000,0.03396
1749264218,0.03406000,11134.00000000,0.03396
1749264218,0.03407000,12860.00000000,0.03396
1749264218,0.03408000,14021.00000000,0.03396
1749264218,0.03409000,17743.00000000,0.03396
1749264218,0.03410000,19876.00000000,0.03396
1749264218,0.03411000,35487.00000000,0.03396
1749264218,0.03412000,84136.00000000,0.03396
1749264218,0.03413000,11783.00000000,0.03396
1749264218,0.03414000,131786.00000000,0.03396
1749264218,0.03415000,24259.00000000,0.03396
1749264218,0.03416000,11773.00000000,0.03396
1749264218,0.03417000,11764.00000000,0.03396
1749264218,0.03418000,135560.00000000,0.03396
1749264218,0.03419000,245906.00000000,0.03396
1749264218,0.03420000,11749.00000000,0.03396
1749264218,0.03421000,17671.00000000,0.03396
1749264218,0.03422000,11749.00000000,0.03396
1749264218,0.03423000,11958.00000000,0.03396
1749264218,0.03424000,7610.00000000,0.03396
1749264218,0.03426000,11747.00000000,0.03396
1749264218,0.03430000,72338.00000000,0.03396
1749264218,0.03432000,318.00000000,0.03396
1749264218,0.03433000,209.00000000,0.03396
1749264218,0.03443000,372.00000000,0.03396
1749264218,0.03447000,4464.00000000,0.03396
1749264218,0.03449000,10689.00000000,0.03396
1749264218,0.03450000,240434.00000000,0.03396
1749264218,0.03453000,15007.00000000,0.03396
1749264218,0.03458000,394.00000000,0.03396
1749264218,0.03459000,260.00000000,0.03396
1749264218,0.03462000,3245.00000000,0.03396
1749264218,0.03463000,209.00000000,0.03396
1749264218,0.03464000,1473.00000000,0.03396
1749264218,0.03468000,1453.00000000,0.03396
1749264218,0.03472000,45929.00000000,0.03396
1749264218,0.03473000,209.00000000,0.03396
1749264218,0.03475000,303.00000000,0.03396
1749264218,0.03483000,209.00000000,0.03396
1749264218,0.03489000,5521.00000000,0.03396
1749264218,0.03492000,211.00000000,0.03396
1749264218,0.03493000,653.00000000,0.03396
1749264218,0.03500000,27198.00000000,0.03396
1749264218,0.03503000,209.00000000,0.03396
1749264218,0.03508000,463.00000000,0.03396
1749264218,0.03510000,14330.00000000,0.03396
1749264218,0.03513000,209.00000000,0.03396
1749264218,0.03518000,28738.00000000,0.03396
1749264218,0.03523000,209.00000000,0.03396
1749264218,0.03526000,340.00000000,0.03396
1749264218,0.03527000,16991.00000000,0.03396
1749264218,0.03528000,158.00000000,0.03396
1749264218,0.03529000,1419.00000000,0.03396
1749264218,0.03530000,16991.00000000,0.03396
1749264218,0.03533000,209.00000000,0.03396
1749264218,0.03534000,16991.00000000,0.03396
1749264218,0.03536000,7327.00000000,0.03396
1749264218,0.03538000,16991.00000000,0.03396
1749264218,0.03541000,17362.00000000,0.03396
1749264218,0.03543000,209.00000000,0.03396
1749264218,0.03545000,28267.00000000,0.03396
1749264218,0.03553000,209.00000000,0.03396
1749264218,0.03560000,4852.00000000,0.03396
1749264218,0.03562000,158.00000000,0.03396
1749264218,0.03563000,209.00000000,0.03396
1749264218,0.03566000,1199.00000000,0.03396
1749264218,0.03573000,209.00000000,0.03396
1749264218,0.03579000,972.00000000,0.03396
1749264218,0.03581000,1725.00000000,0.03396
1749264218,0.03583000,209.00000000,0.03396
1749264218,0.03587000,1260.00000000,0.03396
1749264218,0.03593000,209.00000000,0.03396
1749264218,0.03597000,158.00000000,0.03396
1749264218,0.03600000,1011.00000000,0.03396
1749264218,0.03603000,209.00000000,0.03396
1749264218,0.03612000,6519.00000000,0.03396
1749264218,0.03613000,209.00000000,0.03396
1749264218,0.03623000,209.00000000,0.03396
1749264218,0.03624000,155.00000000,0.03396
1749264218,0.03632000,158.00000000,0.03396
1749264218,0.03633000,209.00000000,0.03396
1749264218,0.03641000,238.00000000,0.03396
1749264218,0.03643000,209.00000000,0.03396
1749264218,0.03644000,1260.00000000,0.03396
1749264218,0.03647000,3515.00000000,0.03396
1749264218,0.03649000,647.00000000,0.03396
1749264218,0.03651000,10106.00000000,0.03396
1749264218,0.03653000,209.00000000,0.03396
1749264218,0.03663000,209.00000000,0.03396
1749264218,0.03666000,158.00000000,0.03396
1749264218,0.03672000,13757.00000000,0.03396
1749264218,0.03673000,209.00000000,0.03396
1749264218,0.03675000,291.00000000,0.03396
1749264218,0.03679000,284.00000000,0.03396
1749264218,0.03683000,209.00000000,0.03396
1749264218,0.03693000,209.00000000,0.03396
1749264218,0.03700000,10792.00000000,0.03396
1749264218,0.03701000,158.00000000,0.03396
1749264218,0.03702000,1260.00000000,0.03396
1749264520,0.03402000,9372.00000000,0.03399
1749264520,0.03404000,5122.00000000,0.03399
1749264520,0.03405000,12482.00000000,0.03399
1749264520,0.03406000,22876.00000000,0.03399
1749264520,0.03407000,2278.00000000,0.03399
1749264520,0.03408000,11743.00000000,0.03399
1749264520,0.03409000,17743.00000000,0.03399
1749264520,0.03410000,19876.00000000,0.03399
1749264520,0.03411000,12893.00000000,0.03399
1749264520,0.03412000,15902.00000000,0.03399
1749264520,0.03413000,11783.00000000,0.03399
1749264520,0.03414000,11764.00000000,0.03399
1749264520,0.03415000,63936.00000000,0.03399
1749264520,0.03416000,11773.00000000,0.03399
1749264520,0.03417000,11764.00000000,0.03399
1749264520,0.03418000,245915.00000000,0.03399
1749264520,0.03419000,135508.00000000,0.03399
1749264520,0.03420000,11749.00000000,0.03399
1749264520,0.03421000,42671.00000000,0.03399
1749264520,0.03422000,11749.00000000,0.03399
1749264520,0.03423000,84716.00000000,0.03399
1749264520,0.03424000,11912.00000000,0.03399
1749264520,0.03425000,131382.00000000,0.03399
1749264520,0.03426000,19199.00000000,0.03399
1749264520,0.03432000,318.00000000,0.03399
1749264520,0.03433000,209.00000000,0.03399
1749264520,0.03443000,372.00000000,0.03399
1749264520,0.03447000,4464.00000000,0.03399
1749264520,0.03449000,10689.00000000,0.03399
1749264520,0.03450000,240434.00000000,0.03399
1749264520,0.03453000,15007.00000000,0.03399
1749264520,0.03458000,394.00000000,0.03399
1749264520,0.03459000,260.00000000,0.03399
1749264520,0.03462000,3245.00000000,0.03399
1749264520,0.03463000,209.00000000,0.03399
1749264520,0.03464000,1473.00000000,0.03399
1749264520,0.03468000,1453.00000000,0.03399
1749264520,0.03472000,45929.00000000,0.03399
1749264520,0.03473000,209.00000000,0.03399
1749264520,0.03475000,303.00000000,0.03399
1749264520,0.03483000,209.00000000,0.03399
1749264520,0.03489000,5521.00000000,0.03399
1749264520,0.03492000,211.00000000,0.03399
1749264520,0.03493000,653.00000000,0.03399
1749264520,0.03500000,27198.00000000,0.03399
1749264520,0.03503000,209.00000000,0.03399
1749264520,0.03508000,463.00000000,0.03399
1749264520,0.03510000,14330.00000000,0.03399
1749264520,0.03513000,209.00000000,0.03399
1749264520,0.03518000,28738.00000000,0.03399
1749264520,0.03523000,209.00000000,0.03399
1749264520,0.03526000,340.00000000,0.03399
1749264520,0.03527000,16991.00000000,0.03399
1749264520,0.03528000,158.00000000,0.03399
1749264520,0.03529000,1419.00000000,0.03399
1749264520,0.03530000,16991.00000000,0.03399
1749264520,0.03533000,209.00000000,0.03399
1749264520,0.03534000,16991.00000000,0.03399
1749264520,0.03536000,7327.00000000,0.03399
1749264520,0.03538000,16991.00000000,0.03399
1749264520,0.03541000,17362.00000000,0.03399
1749264520,0.03543000,209.00000000,0.03399
1749264520,0.03545000,28267.00000000,0.03399
1749264520,0.03553000,209.00000000,0.03399
1749264520,0.03560000,4852.00000000,0.03399
1749264520,0.03562000,158.00000000,0.03399
1749264520,0.03563000,209.00000000,0.03399
1749264520,0.03566000,1199.00000000,0.03399
1749264520,0.03573000,209.00000000,0.03399
1749264520,0.03579000,972.00000000,0.03399
1749264520,0.03581000,1725.00000000,0.03399
1749264520,0.03583000,209.00000000,0.03399
1749264520,0.03587000,1260.00000000,0.03399
1749264520,0.03593000,209.00000000,0.03399
1749264520,0.03597000,158.00000000,0.03399
1749264520,0.03600000,1011.00000000,0.03399
1749264520,0.03603000,209.00000000,0.03399
1749264520,0.03612000,6519.00000000,0.03399
1749264520,0.03613000,209.00000000,0.03399
1749264520,0.03623000,209.00000000,0.03399
1749264520,0.03624000,155.00000000,0.03399
1749264520,0.03632000,158.00000000,0.03399
1749264520,0.03633000,209.00000000,0.03399
1749264520,0.03641000,238.00000000,0.03399
1749264520,0.03643000,209.00000000,0.03399
1749264520,0.03644000,1260.00000000,0.03399
1749264520,0.03647000,3515.00000000,0.03399
1749264520,0.03649000,647.00000000,0.03399
1749264520,0.03651000,10106.00000000,0.03399
1749264520,0.03653000,209.00000000,0.03399
1749264520,0.03663000,209.00000000,0.03399
1749264520,0.03666000,158.00000000,0.03399
1749264520,0.03672000,13757.00000000,0.03399
1749264520,0.03673000,209.00000000,0.03399
1749264520,0.03675000,291.00000000,0.03399
1749264520,0.03679000,284.00000000,0.03399
1749264520,0.03683000,209.00000000,0.03399
1749264520,0.03693000,209.00000000,0.03399
1749264520,0.03700000,10792.00000000,0.03399
1749264520,0.03701000,158.00000000,0.03399
1749264821,0.03403000,3957.00000000,0.03396
1749264821,0.03405000,5285.00000000,0.03396
1749264821,0.03406000,11121.00000000,0.03396
1749264821,0.03407000,15138.00000000,0.03396
1749264821,0.03408000,11743.00000000,0.03396
1749264821,0.03409000,17743.00000000,0.03396
1749264821,0.03410000,19876.00000000,0.03396
1749264821,0.03411000,11780.00000000,0.03396
1749264821,0.03412000,15902.00000000,0.03396
1749264821,0.03413000,11783.00000000,0.03396
1749264821,0.03414000,11764.00000000,0.03396
1749264821,0.03415000,63936.00000000,0.03396
1749264821,0.03416000,11773.00000000,0.03396
1749264821,0.03417000,36764.00000000,0.03396
1749264821,0.03418000,11766.00000000,0.03396
1749264821,0.03419000,245906.00000000,0.03396
1749264821,0.03420000,135470.00000000,0.03396
1749264821,0.03421000,17671.00000000,0.03396
1749264821,0.03422000,11749.00000000,0.03396
1749264821,0.03423000,204423.00000000,0.03396
1749264821,0.03424000,19364.00000000,0.03396
1749264821,0.03425000,11754.00000000,0.03396
1749264821,0.03426000,11747.00000000,0.03396
1749264821,0.03432000,318.00000000,0.03396
1749264821,0.03433000,209.00000000,0.03396
1749264821,0.03443000,372.00000000,0.03396
1749264821,0.03447000,4464.00000000,0.03396
1749264821,0.03449000,10689.00000000,0.03396
1749264821,0.03450000,240434.00000000,0.03396
1749264821,0.03453000,15007.00000000,0.03396
1749264821,0.03458000,394.00000000,0.03396
1749264821,0.03462000,3245.00000000,0.03396
1749264821,0.03463000,209.00000000,0.03396
1749264821,0.03464000,1473.00000000,0.03396
1749264821,0.03468000,1453.00000000,0.03396
1749264821,0.03472000,45929.00000000,0.03396
1749264821,0.03473000,209.00000000,0.03396
1749264821,0.03475000,303.00000000,0.03396
1749264821,0.03483000,209.00000000,0.03396
1749264821,0.03489000,5521.00000000,0.03396
1749264821,0.03492000,211.00000000,0.03396
1749264821,0.03493000,367.00000000,0.03396
1749264821,0.03500000,27198.00000000,0.03396
1749264821,0.03503000,209.00000000,0.03396
1749264821,0.03508000,463.00000000,0.03396
1749264821,0.03510000,14330.00000000,0.03396
1749264821,0.03513000,209.00000000,0.03396
1749264821,0.03518000,28738.00000000,0.03396
1749264821,0.03523000,209.00000000,0.03396
1749264821,0.03527000,16991.00000000,0.03396
1749264821,0.03528000,158.00000000,0.03396
1749264821,0.03529000,1419.00000000,0.03396
1749264821,0.03530000,16991.00000000,0.03396
1749264821,0.03533000,209.00000000,0.03396
1749264821,0.03534000,16991.00000000,0.03396
1749264821,0.03536000,7327.00000000,0.03396
1749264821,0.03538000,16991.00000000,0.03396
1749264821,0.03541000,17362.00000000,0.03396
1749264821,0.03543000,209.00000000,0.03396
1749264821,0.03545000,28267.00000000,0.03396
1749264821,0.03553000,209.00000000,0.03396
1749264821,0.03560000,4852.00000000,0.03396
1749264821,0.03562000,158.00000000,0.03396
1749264821,0.03563000,209.00000000,0.03396
1749264821,0.03566000,1199.00000000,0.03396
1749264821,0.03573000,209.00000000,0.03396
1749264821,0.03579000,972.00000000,0.03396
1749264821,0.03581000,1725.00000000,0.03396
1749264821,0.03583000,209.00000000,0.03396
1749264821,0.03587000,1260.00000000,0.03396
1749264821,0.03593000,209.00000000,0.03396
1749264821,0.03597000,158.00000000,0.03396
1749264821,0.03600000,1011.00000000,0.03396
1749264821,0.03603000,209.00000000,0.03396
1749264821,0.03612000,6519.00000000,0.03396
1749264821,0.03613000,209.00000000,0.03396
1749264821,0.03623000,209.00000000,0.03396
1749264821,0.03624000,155.00000000,0.03396
1749264821,0.03632000,158.00000000,0.03396
1749264821,0.03633000,209.00000000,0.03396
1749264821,0.03641000,238.00000000,0.03396
1749264821,0.03643000,209.00000000,0.03396
1749264821,0.03644000,1260.00000000,0.03396
1749264821,0.03647000,3515.00000000,0.03396
1749264821,0.03649000,647.00000000,0.03396
1749264821,0.03651000,10106.00000000,0.03396
1749264821,0.03653000,209.00000000,0.03396
1749264821,0.03663000,209.00000000,0.03396
1749264821,0.03666000,158.00000000,0.03396
1749264821,0.03672000,13757.00000000,0.03396
1749264821,0.03673000,209.00000000,0.03396
1749264821,0.03675000,291.00000000,0.03396
1749264821,0.03679000,284.00000000,0.03396
1749264821,0.03683000,209.00000000,0.03396
1749264821,0.03693000,209.00000000,0.03396
1749264821,0.03700000,10792.00000000,0.03396
1749264821,0.03701000,158.00000000,0.03396
1749264821,0.03702000,1260.00000000,0.03396
1749264821,0.03703000,209.00000000,0.03396
1749264821,0.03704000,193.00000000,0.03396
1749265123,0.03405000,7684.00000000,0.03399
1749265123,0.03406000,4221.00000000,0.03399
1749265123,0.03407000,5285.00000000,0.03399
1749265123,0.03408000,11121.00000000,0.03399
1749265123,0.03409000,12894.00000000,0.03399
1749265123,0.03410000,14429.00000000,0.03399
1749265123,0.03411000,11780.00000000,0.03399
1749265123,0.03412000,14443.00000000,0.03399
1749265123,0.03413000,29669.00000000,0.03399
1749265123,0.03414000,33871.00000000,0.03399
1749265123,0.03415000,13019.00000000,0.03399
1749265123,0.03416000,36773.00000000,0.03399
1749265123,0.03417000,13208.00000000,0.03399
1749265123,0.03418000,11766.00000000,0.03399
1749265123,0.03419000,11757.00000000,0.03399
1749265123,0.03420000,50454.00000000,0.03399
1749265123,0.03421000,11752.00000000,0.03399
1749265123,0.03422000,135380.00000000,0.03399
1749265123,0.03423000,11958.00000000,0.03399
1749265123,0.03424000,11912.00000000,0.03399
1749265123,0.03425000,131370.00000000,0.03399
1749265123,0.03426000,17602.00000000,0.03399
1749265123,0.03427000,72696.00000000,0.03399
1749265123,0.03428000,7452.00000000,0.03399
1749265123,0.03432000,318.00000000,0.03399
1749265123,0.03433000,209.00000000,0.03399
1749265123,0.03443000,372.00000000,0.03399
1749265123,0.03446000,234149.00000000,0.03399
1749265123,0.03447000,4464.00000000,0.03399
1749265123,0.03449000,21929.00000000,0.03399
1749265123,0.03450000,240434.00000000,0.03399
1749265123,0.03453000,15007.00000000,0.03399
1749265123,0.03458000,394.00000000,0.03399
1749265123,0.03462000,3245.00000000,0.03399
1749265123,0.03463000,209.00000000,0.03399
1749265123,0.03464000,1473.00000000,0.03399
1749265123,0.03468000,1453.00000000,0.03399
1749265123,0.03472000,1260.00000000,0.03399
1749265123,0.03473000,209.00000000,0.03399
1749265123,0.03475000,303.00000000,0.03399
1749265123,0.03483000,44878.00000000,0.03399
1749265123,0.03489000,5521.00000000,0.03399
1749265123,0.03492000,211.00000000,0.03399
1749265123,0.03493000,367.00000000,0.03399
1749265123,0.03500000,27198.00000000,0.03399
1749265123,0.03503000,209.00000000,0.03399
1749265123,0.03508000,463.00000000,0.03399
1749265123,0.03510000,14330.00000000,0.03399
1749265123,0.03513000,209.00000000,0.03399
1749265123,0.03523000,209.00000000,0.03399
1749265123,0.03527000,45729.00000000,0.03399
1749265123,0.03528000,158.00000000,0.03399
1749265123,0.03529000,1419.00000000,0.03399
1749265123,0.03530000,16991.00000000,0.03399
1749265123,0.03533000,209.00000000,0.03399
1749265123,0.03534000,16991.00000000,0.03399
1749265123,0.03538000,16991.00000000,0.03399
1749265123,0.03541000,17362.00000000,0.03399
1749265123,0.03543000,209.00000000,0.03399
1749265123,0.03545000,7327.00000000,0.03399
1749265123,0.03553000,209.00000000,0.03399
1749265123,0.03554000,28267.00000000,0.03399
1749265123,0.03560000,4852.00000000,0.03399
1749265123,0.03562000,158.00000000,0.03399
1749265123,0.03563000,209.00000000,0.03399
1749265123,0.03566000,1199.00000000,0.03399
1749265123,0.03573000,209.00000000,0.03399
1749265123,0.03579000,972.00000000,0.03399
1749265123,0.03581000,1725.00000000,0.03399
1749265123,0.03583000,209.00000000,0.03399
1749265123,0.03587000,1260.00000000,0.03399
1749265123,0.03593000,209.00000000,0.03399
1749265123,0.03597000,158.00000000,0.03399
1749265123,0.03600000,1011.00000000,0.03399
1749265123,0.03603000,209.00000000,0.03399
1749265123,0.03612000,6519.00000000,0.03399
1749265123,0.03613000,209.00000000,0.03399
1749265123,0.03623000,209.00000000,0.03399
1749265123,0.03624000,155.00000000,0.03399
1749265123,0.03632000,158.00000000,0.03399
1749265123,0.03633000,209.00000000,0.03399
1749265123,0.03641000,238.00000000,0.03399
1749265123,0.03643000,209.00000000,0.03399
1749265123,0.03644000,1260.00000000,0.03399
1749265123,0.03647000,3515.00000000,0.03399
1749265123,0.03649000,647.00000000,0.03399
1749265123,0.03651000,10106.00000000,0.03399
1749265123,0.03653000,209.00000000,0.03399
1749265123,0.03663000,209.00000000,0.03399
1749265123,0.03666000,158.00000000,0.03399
1749265123,0.03672000,13757.00000000,0.03399
1749265123,0.03673000,209.00000000,0.03399
1749265123,0.03675000,291.00000000,0.03399
1749265123,0.03679000,284.00000000,0.03399
1749265123,0.03683000,209.00000000,0.03399
1749265123,0.03693000,209.00000000,0.03399
1749265123,0.03700000,10792.00000000,0.03399
1749265123,0.03701000,158.00000000,0.03399
1749265123,0.03702000,1260.00000000,0.03399
1749265123,0.03703000,209.00000000,0.03399
1749265425,0.03401000,4250.00000000,0.03395
1749265425,0.03402000,4221.00000000,0.03395
1749265425,0.03403000,5285.00000000,0.03395
1749265425,0.03404000,11121.00000000,0.03395
1749265425,0.03405000,12860.00000000,0.03395
1749265425,0.03407000,14014.00000000,0.03395
1749265425,0.03408000,11743.00000000,0.03395
1749265425,0.03409000,19505.00000000,0.03395
1749265425,0.03410000,12151.00000000,0.03395
1749265425,0.03411000,11780.00000000,0.03395
1749265425,0.03412000,83101.00000000,0.03395
1749265425,0.03413000,11783.00000000,0.03395
1749265425,0.03414000,11764.00000000,0.03395
1749265425,0.03415000,256936.00000000,0.03395
1749265425,0.03416000,11773.00000000,0.03395
1749265425,0.03417000,36764.00000000,0.03395
1749265425,0.03418000,11766.00000000,0.03395
1749265425,0.03419000,11757.00000000,0.03395
1749265425,0.03420000,11749.00000000,0.03395
1749265425,0.03421000,251724.00000000,0.03395
1749265425,0.03422000,11749.00000000,0.03395
1749265425,0.03423000,19410.00000000,0.03395
1749265425,0.03424000,84512.00000000,0.03395
1749265425,0.03425000,11754.00000000,0.03395
1749265425,0.03426000,11747.00000000,0.03395
1749265425,0.03432000,318.00000000,0.03395
1749265425,0.03433000,209.00000000,0.03395
1749265425,0.03443000,372.00000000,0.03395
1749265425,0.03447000,4464.00000000,0.03395
1749265425,0.03449000,21929.00000000,0.03395
1749265425,0.03450000,240434.00000000,0.03395
1749265425,0.03453000,15007.00000000,0.03395
1749265425,0.03458000,394.00000000,0.03395
1749265425,0.03462000,3245.00000000,0.03395
1749265425,0.03463000,209.00000000,0.03395
1749265425,0.03464000,1473.00000000,0.03395
1749265425,0.03468000,1453.00000000,0.03395
1749265425,0.03472000,1260.00000000,0.03395
1749265425,0.03473000,209.00000000,0.03395
1749265425,0.03475000,303.00000000,0.03395
1749265425,0.03483000,44878.00000000,0.03395
1749265425,0.03489000,5521.00000000,0.03395
1749265425,0.03492000,211.00000000,0.03395
1749265425,0.03493000,367.00000000,0.03395
1749265425,0.03500000,27198.00000000,0.03395
1749265425,0.03503000,209.00000000,0.03395
1749265425,0.03508000,463.00000000,0.03395
1749265425,0.03510000,14330.00000000,0.03395
1749265425,0.03513000,209.00000000,0.03395
1749265425,0.03518000,28738.00000000,0.03395
1749265425,0.03523000,209.00000000,0.03395
1749265425,0.03527000,16991.00000000,0.03395
1749265425,0.03528000,158.00000000,0.03395
1749265425,0.03529000,1419.00000000,0.03395
1749265425,0.03530000,16991.00000000,0.03395
1749265425,0.03533000,209.00000000,0.03395
1749265425,0.03534000,16991.00000000,0.03395
1749265425,0.03538000,16991.00000000,0.03395
1749265425,0.03541000,17362.00000000,0.03395
1749265425,0.03543000,209.00000000,0.03395
1749265425,0.03545000,7327.00000000,0.03395
1749265425,0.03553000,209.00000000,0.03395
1749265425,0.03554000,28267.00000000,0.03395
1749265425,0.03560000,4852.00000000,0.03395
1749265425,0.03562000,158.00000000,0.03395
1749265425,0.03563000,209.00000000,0.03395
1749265425,0.03566000,1199.00000000,0.03395
1749265425,0.03573000,209.00000000,0.03395
1749265425,0.03579000,972.00000000,0.03395
1749265425,0.03581000,1725.00000000,0.03395
1749265425,0.03583000,209.00000000,0.03395
1749265425,0.03587000,1260.00000000,0.03395
1749265425,0.03593000,209.00000000,0.03395
1749265425,0.03597000,158.00000000,0.03395
1749265425,0.03600000,1011.00000000,0.03395
1749265425,0.03603000,209.00000000,0.03395
1749265425,0.03612000,6519.00000000,0.03395
1749265425,0.03613000,209.00000000,0.03395
1749265425,0.03623000,209.00000000,0.03395
1749265425,0.03624000,155.00000000,0.03395
1749265425,0.03632000,158.00000000,0.03395
1749265425,0.03633000,209.00000000,0.03395
1749265425,0.03641000,238.00000000,0.03395
1749265425,0.03643000,209.00000000,0.03395
1749265425,0.03644000,1260.00000000,0.03395
1749265425,0.03647000,3515.00000000,0.03395
1749265425,0.03649000,647.00000000,0.03395
1749265425,0.03651000,10106.00000000,0.03395
1749265425,0.03653000,209.00000000,0.03395
1749265425,0.03663000,209.00000000,0.03395
1749265425,0.03666000,158.00000000,0.03395
1749265425,0.03672000,13757.00000000,0.03395
1749265425,0.03673000,209.00000000,0.03395
1749265425,0.03675000,291.00000000,0.03395
1749265425,0.03679000,284.00000000,0.03395
1749265425,0.03683000,209.00000000,0.03395
1749265425,0.03693000,209.00000000,0.03395
1749265425,0.03700000,10792.00000000,0.03395
1749265425,0.03701000,158.00000000,0.03395
1749265425,0.03702000,1260.00000000,0.03395
1749265730,0.03407000,4090.00000000,0.03401
1749265730,0.03409000,7292.00000000,0.03401
1749265730,0.03410000,11478.00000000,0.03401
1749265730,0.03411000,14006.00000000,0.03401
1749265730,0.03412000,14388.00000000,0.03401
1749265730,0.03413000,11783.00000000,0.03401
1749265730,0.03414000,17987.00000000,0.03401
1749265730,0.03415000,20744.00000000,0.03401
1749265730,0.03416000,13222.00000000,0.03401
1749265730,0.03417000,11764.00000000,0.03401
1749265730,0.03418000,36766.00000000,0.03401
1749265730,0.03419000,54057.00000000,0.03401
1749265730,0.03420000,11749.00000000,0.03401
1749265730,0.03421000,11752.00000000,0.03401
1749265730,0.03422000,255056.00000000,0.03401
1749265730,0.03423000,11958.00000000,0.03401
1749265730,0.03424000,11912.00000000,0.03401
1749265730,0.03425000,11754.00000000,0.03401
1749265730,0.03426000,17522.00000000,0.03401
1749265730,0.03427000,11750.00000000,0.03401
1749265730,0.03428000,91600.00000000,0.03401
1749265730,0.03429000,234149.00000000,0.03401
1749265730,0.03430000,11735.00000000,0.03401
1749265730,0.03432000,318.00000000,0.03401
1749265730,0.03433000,209.00000000,0.03401
1749265730,0.03443000,372.00000000,0.03401
1749265730,0.03447000,4464.00000000,0.03401
1749265730,0.03449000,21929.00000000,0.03401
1749265730,0.03450000,240434.00000000,0.03401
1749265730,0.03453000,15007.00000000,0.03401
1749265730,0.03458000,394.00000000,0.03401
1749265730,0.03463000,469.00000000,0.03401
1749265730,0.03464000,1473.00000000,0.03401
1749265730,0.03468000,1453.00000000,0.03401
1749265730,0.03471000,3245.00000000,0.03401
1749265730,0.03472000,1260.00000000,0.03401
1749265730,0.03473000,209.00000000,0.03401
1749265730,0.03475000,303.00000000,0.03401
1749265730,0.03483000,44878.00000000,0.03401
1749265730,0.03489000,5521.00000000,0.03401
1749265730,0.03492000,211.00000000,0.03401
1749265730,0.03493000,367.00000000,0.03401
1749265730,0.03500000,27198.00000000,0.03401
1749265730,0.03503000,209.00000000,0.03401
1749265730,0.03508000,463.00000000,0.03401
1749265730,0.03510000,14330.00000000,0.03401
1749265730,0.03513000,209.00000000,0.03401
1749265730,0.03523000,209.00000000,0.03401
1749265730,0.03527000,45729.00000000,0.03401
1749265730,0.03528000,158.00000000,0.03401
1749265730,0.03529000,1419.00000000,0.03401
1749265730,0.03530000,16991.00000000,0.03401
1749265730,0.03531000,340.00000000,0.03401
1749265730,0.03533000,209.00000000,0.03401
1749265730,0.03534000,16991.00000000,0.03401
1749265730,0.03538000,16991.00000000,0.03401
1749265730,0.03541000,17362.00000000,0.03401
1749265730,0.03543000,209.00000000,0.03401
1749265730,0.03545000,7327.00000000,0.03401
1749265730,0.03553000,209.00000000,0.03401
1749265730,0.03554000,28267.00000000,0.03401
1749265730,0.03560000,4852.00000000,0.03401
1749265730,0.03562000,158.00000000,0.03401
1749265730,0.03563000,209.00000000,0.03401
1749265730,0.03566000,1199.00000000,0.03401
1749265730,0.03573000,209.00000000,0.03401
1749265730,0.03579000,972.00000000,0.03401
1749265730,0.03581000,1725.00000000,0.03401
1749265730,0.03583000,209.00000000,0.03401
1749265730,0.03587000,1260.00000000,0.03401
1749265730,0.03593000,209.00000000,0.03401
1749265730,0.03597000,158.00000000,0.03401
1749265730,0.03599000,417.00000000,0.03401
1749265730,0.03600000,1011.00000000,0.03401
1749265730,0.03603000,209.00000000,0.03401
1749265730,0.03612000,6519.00000000,0.03401
1749265730,0.03613000,209.00000000,0.03401
1749265730,0.03623000,209.00000000,0.03401
1749265730,0.03624000,155.00000000,0.03401
1749265730,0.03632000,158.00000000,0.03401
1749265730,0.03633000,209.00000000,0.03401
1749265730,0.03641000,238.00000000,0.03401
1749265730,0.03643000,209.00000000,0.03401
1749265730,0.03644000,1260.00000000,0.03401
1749265730,0.03647000,3515.00000000,0.03401
1749265730,0.03649000,647.00000000,0.03401
1749265730,0.03651000,10106.00000000,0.03401
1749265730,0.03653000,209.00000000,0.03401
1749265730,0.03663000,209.00000000,0.03401
1749265730,0.03666000,158.00000000,0.03401
1749265730,0.03672000,13757.00000000,0.03401
1749265730,0.03673000,209.00000000,0.03401
1749265730,0.03675000,291.00000000,0.03401
1749265730,0.03679000,284.00000000,0.03401
1749265730,0.03683000,209.00000000,0.03401
1749265730,0.03693000,209.00000000,0.03401
1749265730,0.03700000,10792.00000000,0.03401
1749265730,0.03701000,158.00000000,0.03401
1749265730,0.03702000,1260.00000000,0.03401
1749265730,0.03703000,209.00000000,0.03401
1749266032,0.03410000,3516.00000000,0.03403
1749266032,0.03412000,4954.00000000,0.03403
1749266032,0.03413000,8813.00000000,0.03403
1749266032,0.03414000,5285.00000000,0.03403
1749266032,0.03415000,9822.00000000,0.03403
1749266032,0.03416000,20947.00000000,0.03403
1749266032,0.03417000,22794.00000000,0.03403
1749266032,0.03418000,36766.00000000,0.03403
1749266032,0.03419000,11757.00000000,0.03403
1749266032,0.03420000,11749.00000000,0.03403
1749266032,0.03421000,11752.00000000,0.03403
1749266032,0.03422000,54245.00000000,0.03403
1749266032,0.03423000,11958.00000000,0.03403
1749266032,0.03424000,11912.00000000,0.03403
1749266032,0.03425000,11754.00000000,0.03403
1749266032,0.03426000,140971.00000000,0.03403
1749266032,0.03427000,11750.00000000,0.03403
1749266032,0.03428000,84148.00000000,0.03403
1749266032,0.03429000,119432.00000000,0.03403
1749266032,0.03430000,11735.00000000,0.03403
1749266032,0.03431000,245879.00000000,0.03403
1749266032,0.03432000,7770.00000000,0.03403
1749266032,0.03433000,209.00000000,0.03403
1749266032,0.03443000,372.00000000,0.03403
1749266032,0.03447000,4464.00000000,0.03403
1749266032,0.03449000,21929.00000000,0.03403
1749266032,0.03450000,238934.00000000,0.03403
1749266032,0.03453000,15007.00000000,0.03403
1749266032,0.03458000,394.00000000,0.03403
1749266032,0.03459000,1500.00000000,0.03403
1749266032,0.03463000,469.00000000,0.03403
1749266032,0.03464000,1473.00000000,0.03403
1749266032,0.03468000,1453.00000000,0.03403
1749266032,0.03471000,3245.00000000,0.03403
1749266032,0.03472000,1260.00000000,0.03403
1749266032,0.03473000,209.00000000,0.03403
1749266032,0.03475000,303.00000000,0.03403
1749266032,0.03483000,44878.00000000,0.03403
1749266032,0.03492000,211.00000000,0.03403
1749266032,0.03493000,367.00000000,0.03403
1749266032,0.03499000,5521.00000000,0.03403
1749266032,0.03500000,27198.00000000,0.03403
1749266032,0.03503000,209.00000000,0.03403
1749266032,0.03508000,463.00000000,0.03403
1749266032,0.03510000,14330.00000000,0.03403
1749266032,0.03513000,209.00000000,0.03403
1749266032,0.03523000,209.00000000,0.03403
1749266032,0.03527000,45729.00000000,0.03403
1749266032,0.03528000,158.00000000,0.03403
1749266032,0.03529000,1419.00000000,0.03403
1749266032,0.03530000,16991.00000000,0.03403
1749266032,0.03531000,340.00000000,0.03403
1749266032,0.03533000,209.00000000,0.03403
1749266032,0.03534000,16991.00000000,0.03403
1749266032,0.03538000,16991.00000000,0.03403
1749266032,0.03541000,17362.00000000,0.03403
1749266032,0.03543000,209.00000000,0.03403
1749266032,0.03545000,7327.00000000,0.03403
1749266032,0.03553000,209.00000000,0.03403
1749266032,0.03554000,28267.00000000,0.03403
1749266032,0.03560000,4852.00000000,0.03403
1749266032,0.03562000,158.00000000,0.03403
1749266032,0.03563000,209.00000000,0.03403
1749266032,0.03566000,1199.00000000,0.03403
1749266032,0.03573000,209.00000000,0.03403
1749266032,0.03579000,972.00000000,0.03403
1749266032,0.03581000,1725.00000000,0.03403
1749266032,0.03583000,209.00000000,0.03403
1749266032,0.03587000,1260.00000000,0.03403
1749266032,0.03593000,209.00000000,0.03403
1749266032,0.03597000,158.00000000,0.03403
1749266032,0.03599000,417.00000000,0.03403
1749266032,0.03600000,1011.00000000,0.03403
1749266032,0.03603000,209.00000000,0.03403
1749266032,0.03612000,6519.00000000,0.03403
1749266032,0.03613000,209.00000000,0.03403
1749266032,0.03623000,209.00000000,0.03403
1749266032,0.03624000,155.00000000,0.03403
1749266032,0.03632000,158.00000000,0.03403
1749266032,0.03633000,209.00000000,0.03403
1749266032,0.03641000,238.00000000,0.03403
1749266032,0.03643000,209.00000000,0.03403
1749266032,0.03644000,1260.00000000,0.03403
1749266032,0.03647000,3515.00000000,0.03403
1749266032,0.03649000,647.00000000,0.03403
1749266032,0.03651000,10106.00000000,0.03403
1749266032,0.03653000,209.00000000,0.03403
1749266032,0.03663000,209.00000000,0.03403
1749266032,0.03666000,158.00000000,0.03403
1749266032,0.03672000,13757.00000000,0.03403
1749266032,0.03673000,209.00000000,0.03403
1749266032,0.03675000,291.00000000,0.03403
1749266032,0.03679000,284.00000000,0.03403
1749266032,0.03683000,209.00000000,0.03403
1749266032,0.03693000,209.00000000,0.03403
1749266032,0.03700000,10792.00000000,0.03403
1749266032,0.03701000,158.00000000,0.03403
1749266032,0.03702000,1260.00000000,0.03403
1749266032,0.03703000,209.00000000,0.03403
1749266032,0.03704000,193.00000000,0.03403
1749266334,0.03410000,9655.00000000,0.03409
1749266334,0.03412000,5845.00000000,0.03409
1749266334,0.03413000,1667.00000000,0.03409
1749266334,0.03414000,5700.00000000,0.03409
1749266334,0.03415000,630.00000000,0.03409
1749266334,0.03416000,6155.00000000,0.03409
1749266334,0.03417000,20517.00000000,0.03409
1749266334,0.03418000,11704.00000000,0.03409
1749266334,0.03419000,19425.00000000,0.03409
1749266334,0.03420000,11694.00000000,0.03409
1749266334,0.03421000,46485.00000000,0.03409
1749266334,0.03422000,13175.00000000,0.03409
1749266334,0.03423000,11958.00000000,0.03409
1749266334,0.03424000,11912.00000000,0.03409
1749266334,0.03425000,11754.00000000,0.03409
1749266334,0.03426000,11747.00000000,0.03409
1749266334,0.03427000,11750.00000000,0.03409
1749266334,0.03428000,51318.00000000,0.03409
1749266334,0.03429000,11695.00000000,0.03409
1749266334,0.03430000,245884.00000000,0.03409
1749266334,0.03431000,131033.00000000,0.03409
1749266334,0.03432000,140983.00000000,0.03409
1749266334,0.03433000,11915.00000000,0.03409
1749266334,0.03434000,19163.00000000,0.03409
1749266334,0.03435000,72432.00000000,0.03409
1749266334,0.03436000,11706.00000000,0.03409
1749266334,0.03437000,11711.00000000,0.03409
1749266334,0.03443000,372.00000000,0.03409
1749266334,0.03447000,4464.00000000,0.03409
1749266334,0.03449000,21929.00000000,0.03409
1749266334,0.03450000,238934.00000000,0.03409
1749266334,0.03453000,209.00000000,0.03409
1749266334,0.03458000,394.00000000,0.03409
1749266334,0.03459000,1500.00000000,0.03409
1749266334,0.03463000,469.00000000,0.03409
1749266334,0.03466000,14554.00000000,0.03409
1749266334,0.03470000,24123.00000000,0.03409
1749266334,0.03471000,3245.00000000,0.03409
1749266334,0.03472000,1260.00000000,0.03409
1749266334,0.03473000,209.00000000,0.03409
1749266334,0.03474000,1473.00000000,0.03409
1749266334,0.03475000,303.00000000,0.03409
1749266334,0.03478000,1453.00000000,0.03409
1749266334,0.03483000,44878.00000000,0.03409
1749266334,0.03492000,211.00000000,0.03409
1749266334,0.03493000,367.00000000,0.03409
1749266334,0.03499000,5521.00000000,0.03409
1749266334,0.03500000,331.00000000,0.03409
1749266334,0.03503000,209.00000000,0.03409
1749266334,0.03508000,463.00000000,0.03409
1749266334,0.03510000,14330.00000000,0.03409
1749266334,0.03513000,209.00000000,0.03409
1749266334,0.03523000,209.00000000,0.03409
1749266334,0.03525000,27068.00000000,0.03409
1749266334,0.03527000,16991.00000000,0.03409
1749266334,0.03528000,158.00000000,0.03409
1749266334,0.03529000,1419.00000000,0.03409
1749266334,0.03530000,16991.00000000,0.03409
1749266334,0.03531000,340.00000000,0.03409
1749266334,0.03533000,209.00000000,0.03409
1749266334,0.03534000,16991.00000000,0.03409
1749266334,0.03536000,28738.00000000,0.03409
1749266334,0.03538000,16991.00000000,0.03409
1749266334,0.03541000,17362.00000000,0.03409
1749266334,0.03543000,209.00000000,0.03409
1749266334,0.03553000,209.00000000,0.03409
1749266334,0.03555000,7327.00000000,0.03409
1749266334,0.03560000,4852.00000000,0.03409
1749266334,0.03562000,158.00000000,0.03409
1749266334,0.03563000,28476.00000000,0.03409
1749266334,0.03566000,1199.00000000,0.03409
1749266334,0.03573000,209.00000000,0.03409
1749266334,0.03579000,972.00000000,0.03409
1749266334,0.03581000,1725.00000000,0.03409
1749266334,0.03583000,209.00000000,0.03409
1749266334,0.03587000,1260.00000000,0.03409
1749266334,0.03593000,209.00000000,0.03409
1749266334,0.03597000,158.00000000,0.03409
1749266334,0.03599000,417.00000000,0.03409
1749266334,0.03600000,1011.00000000,0.03409
1749266334,0.03603000,209.00000000,0.03409
1749266334,0.03612000,6519.00000000,0.03409
1749266334,0.03613000,209.00000000,0.03409
1749266334,0.03623000,209.00000000,0.03409
1749266334,0.03624000,155.00000000,0.03409
1749266334,0.03632000,158.00000000,0.03409
1749266334,0.03633000,209.00000000,0.03409
1749266334,0.03641000,238.00000000,0.03409
1749266334,0.03643000,209.00000000,0.03409
1749266334,0.03644000,1260.00000000,0.03409
1749266334,0.03647000,3515.00000000,0.03409
1749266334,0.03649000,647.00000000,0.03409
1749266334,0.03651000,10106.00000000,0.03409
1749266334,0.03653000,209.00000000,0.03409
1749266334,0.03663000,209.00000000,0.03409
1749266334,0.03666000,158.00000000,0.03409
1749266334,0.03672000,13757.00000000,0.03409
1749266334,0.03673000,209.00000000,0.03409
1749266334,0.03675000,291.00000000,0.03409
1749266334,0.03679000,284.00000000,0.03409
1749266644,0.03414000,9388.00000000,0.03408
1749266644,0.03416000,5431.00000000,0.03408
1749266644,0.03417000,3476.00000000,0.03408
1749266644,0.03418000,8804.00000000,0.03408
1749266644,0.03420000,22709.00000000,0.03408
1749266644,0.03421000,36716.00000000,0.03408
1749266644,0.03422000,19080.00000000,0.03408
1749266644,0.03423000,30347.00000000,0.03408
1749266644,0.03424000,35545.00000000,0.03408
1749266644,0.03425000,11754.00000000,0.03408
1749266644,0.03426000,11747.00000000,0.03408
1749266644,0.03427000,131201.00000000,0.03408
1749266644,0.03428000,11730.00000000,0.03408
1749266644,0.03429000,11695.00000000,0.03408
1749266644,0.03430000,134997.00000000,0.03408
1749266644,0.03431000,11730.00000000,0.03408
1749266644,0.03432000,53365.00000000,0.03408
1749266644,0.03433000,11915.00000000,0.03408
1749266644,0.03434000,11707.00000000,0.03408
1749266644,0.03435000,317896.00000000,0.03408
1749266644,0.03436000,11700.00000000,0.03408
1749266644,0.03437000,11700.00000000,0.03408
1749266644,0.03438000,7452.00000000,0.03408
1749266644,0.03443000,372.00000000,0.03408
1749266644,0.03447000,4464.00000000,0.03408
1749266644,0.03449000,21929.00000000,0.03408
1749266644,0.03450000,238934.00000000,0.03408
1749266644,0.03453000,209.00000000,0.03408
1749266644,0.03458000,394.00000000,0.03408
1749266644,0.03459000,1500.00000000,0.03408
1749266644,0.03463000,469.00000000,0.03408
1749266644,0.03466000,14554.00000000,0.03408
1749266644,0.03470000,24123.00000000,0.03408
1749266644,0.03471000,3245.00000000,0.03408
1749266644,0.03472000,1260.00000000,0.03408
1749266644,0.03473000,209.00000000,0.03408
1749266644,0.03474000,1473.00000000,0.03408
1749266644,0.03475000,303.00000000,0.03408
1749266644,0.03478000,1453.00000000,0.03408
1749266644,0.03483000,44878.00000000,0.03408
1749266644,0.03492000,211.00000000,0.03408
1749266644,0.03493000,367.00000000,0.03408
1749266644,0.03499000,5521.00000000,0.03408
1749266644,0.03500000,331.00000000,0.03408
1749266644,0.03503000,209.00000000,0.03408
1749266644,0.03508000,463.00000000,0.03408
1749266644,0.03510000,14330.00000000,0.03408
1749266644,0.03513000,209.00000000,0.03408
1749266644,0.03523000,209.00000000,0.03408
1749266644,0.03525000,27068.00000000,0.03408
1749266644,0.03527000,16991.00000000,0.03408
1749266644,0.03528000,158.00000000,0.03408
1749266644,0.03529000,1419.00000000,0.03408
1749266644,0.03530000,16991.00000000,0.03408
1749266644,0.03531000,340.00000000,0.03408
1749266644,0.03533000,209.00000000,0.03408
1749266644,0.03534000,16991.00000000,0.03408
1749266644,0.03536000,28738.00000000,0.03408
1749266644,0.03538000,16991.00000000,0.03408
1749266644,0.03541000,17362.00000000,0.03408
1749266644,0.03543000,209.00000000,0.03408
1749266644,0.03553000,209.00000000,0.03408
1749266644,0.03555000,7327.00000000,0.03408
1749266644,0.03560000,4852.00000000,0.03408
1749266644,0.03562000,158.00000000,0.03408
1749266644,0.03563000,28476.00000000,0.03408
1749266644,0.03566000,1199.00000000,0.03408
1749266644,0.03573000,209.00000000,0.03408
1749266644,0.03579000,972.00000000,0.03408
1749266644,0.03581000,1725.00000000,0.03408
1749266644,0.03583000,209.00000000,0.03408
1749266644,0.03587000,1260.00000000,0.03408
1749266644,0.03593000,209.00000000,0.03408
1749266644,0.03597000,158.00000000,0.03408
1749266644,0.03599000,417.00000000,0.03408
1749266644,0.03600000,1011.00000000,0.03408
1749266644,0.03603000,209.00000000,0.03408
1749266644,0.03612000,6519.00000000,0.03408
1749266644,0.03613000,209.00000000,0.03408
1749266644,0.03623000,209.00000000,0.03408
1749266644,0.03624000,155.00000000,0.03408
1749266644,0.03632000,158.00000000,0.03408
1749266644,0.03633000,209.00000000,0.03408
1749266644,0.03641000,238.00000000,0.03408
1749266644,0.03643000,209.00000000,0.03408
1749266644,0.03644000,1260.00000000,0.03408
1749266644,0.03647000,3515.00000000,0.03408
1749266644,0.03649000,647.00000000,0.03408
1749266644,0.03651000,10106.00000000,0.03408
1749266644,0.03653000,209.00000000,0.03408
1749266644,0.03663000,209.00000000,0.03408
1749266644,0.03666000,158.00000000,0.03408
1749266644,0.03672000,13757.00000000,0.03408
1749266644,0.03673000,209.00000000,0.03408
1749266644,0.03675000,291.00000000,0.03408
1749266644,0.03679000,284.00000000,0.03408
1749266644,0.03683000,209.00000000,0.03408
1749266644,0.03693000,209.00000000,0.03408
1749266644,0.03700000,10792.00000000,0.03408
1749266644,0.03701000,158.00000000,0.03408
1749266945,0.03409000,8912.00000000,0.03406
1749266945,0.03411000,9178.00000000,0.03406
1749266945,0.03412000,7314.00000000,0.03406
1749266945,0.03413000,21899.00000000,0.03406
1749266945,0.03414000,20520.00000000,0.03406
1749266945,0.03415000,23411.00000000,0.03406
1749266945,0.03416000,38983.00000000,0.03406
1749266945,0.03417000,25028.00000000,0.03406
1749266945,0.03418000,44425.00000000,0.03406
1749266945,0.03419000,11694.00000000,0.03406
1749266945,0.03420000,11694.00000000,0.03406
1749266945,0.03421000,13138.00000000,0.03406
1749266945,0.03422000,11706.00000000,0.03406
1749266945,0.03423000,19434.00000000,0.03406
1749266945,0.03424000,11912.00000000,0.03406
1749266945,0.03425000,135235.00000000,0.03406
1749266945,0.03426000,11747.00000000,0.03406
1749266945,0.03427000,137079.00000000,0.03406
1749266945,0.03428000,11730.00000000,0.03406
1749266945,0.03429000,11695.00000000,0.03406
1749266945,0.03430000,11735.00000000,0.03406
1749266945,0.03431000,11730.00000000,0.03406
1749266945,0.03432000,12025.00000000,0.03406
1749266945,0.03433000,91450.00000000,0.03406
1749266945,0.03443000,372.00000000,0.03406
1749266945,0.03446000,234149.00000000,0.03406
1749266945,0.03447000,4464.00000000,0.03406
1749266945,0.03449000,21929.00000000,0.03406
1749266945,0.03450000,238934.00000000,0.03406
1749266945,0.03453000,209.00000000,0.03406
1749266945,0.03458000,394.00000000,0.03406
1749266945,0.03459000,1500.00000000,0.03406
1749266945,0.03463000,469.00000000,0.03406
1749266945,0.03465000,1473.00000000,0.03406
1749266945,0.03466000,14554.00000000,0.03406
1749266945,0.03469000,1453.00000000,0.03406
1749266945,0.03470000,24123.00000000,0.03406
1749266945,0.03471000,3245.00000000,0.03406
1749266945,0.03472000,1260.00000000,0.03406
1749266945,0.03473000,209.00000000,0.03406
1749266945,0.03475000,303.00000000,0.03406
1749266945,0.03483000,44878.00000000,0.03406
1749266945,0.03492000,211.00000000,0.03406
1749266945,0.03493000,367.00000000,0.03406
1749266945,0.03499000,5521.00000000,0.03406
1749266945,0.03500000,331.00000000,0.03406
1749266945,0.03503000,209.00000000,0.03406
1749266945,0.03508000,463.00000000,0.03406
1749266945,0.03510000,14330.00000000,0.03406
1749266945,0.03513000,209.00000000,0.03406
1749266945,0.03523000,209.00000000,0.03406
1749266945,0.03525000,27068.00000000,0.03406
1749266945,0.03527000,16991.00000000,0.03406
1749266945,0.03528000,158.00000000,0.03406
1749266945,0.03529000,1419.00000000,0.03406
1749266945,0.03530000,16991.00000000,0.03406
1749266945,0.03531000,340.00000000,0.03406
1749266945,0.03533000,209.00000000,0.03406
1749266945,0.03534000,16991.00000000,0.03406
1749266945,0.03536000,28738.00000000,0.03406
1749266945,0.03538000,16991.00000000,0.03406
1749266945,0.03541000,17362.00000000,0.03406
1749266945,0.03543000,209.00000000,0.03406
1749266945,0.03553000,209.00000000,0.03406
1749266945,0.03555000,7327.00000000,0.03406
1749266945,0.03560000,4852.00000000,0.03406
1749266945,0.03562000,158.00000000,0.03406
1749266945,0.03563000,28476.00000000,0.03406
1749266945,0.03566000,1199.00000000,0.03406
1749266945,0.03573000,209.00000000,0.03406
1749266945,0.03579000,972.00000000,0.03406
1749266945,0.03581000,1725.00000000,0.03406
1749266945,0.03583000,209.00000000,0.03406
1749266945,0.03587000,1260.00000000,0.03406
1749266945,0.03593000,209.00000000,0.03406
1749266945,0.03597000,158.00000000,0.03406
1749266945,0.03599000,417.00000000,0.03406
1749266945,0.03600000,1011.00000000,0.03406
1749266945,0.03603000,209.00000000,0.03406
1749266945,0.03612000,6519.00000000,0.03406
1749266945,0.03613000,209.00000000,0.03406
1749266945,0.03623000,209.00000000,0.03406
1749266945,0.03624000,155.00000000,0.03406
1749266945,0.03632000,158.00000000,0.03406
1749266945,0.03633000,209.00000000,0.03406
1749266945,0.03641000,238.00000000,0.03406
1749266945,0.03643000,209.00000000,0.03406
1749266945,0.03644000,1260.00000000,0.03406
1749266945,0.03647000,3515.00000000,0.03406
1749266945,0.03649000,647.00000000,0.03406
1749266945,0.03651000,10106.00000000,0.03406
1749266945,0.03653000,209.00000000,0.03406
1749266945,0.03663000,209.00000000,0.03406
1749266945,0.03666000,158.00000000,0.03406
1749266945,0.03672000,13757.00000000,0.03406
1749266945,0.03673000,209.00000000,0.03406
1749266945,0.03675000,291.00000000,0.03406
1749266945,0.03679000,284.00000000,0.03406
1749266945,0.03683000,209.00000000,0.03406
1749266945,0.03693000,209.00000000,0.03406
1749267247,0.03405000,3179.00000000,0.03405
1749267247,0.03406000,4221.00000000,0.03405
1749267247,0.03407000,4833.00000000,0.03405
1749267247,0.03408000,15748.00000000,0.03405
1749267247,0.03409000,11731.00000000,0.03405
1749267247,0.03410000,11733.00000000,0.03405
1749267247,0.03411000,18005.00000000,0.03405
1749267247,0.03412000,20937.00000000,0.03405
1749267247,0.03413000,11719.00000000,0.03405
1749267247,0.03414000,11716.00000000,0.03405
1749267247,0.03415000,11716.00000000,0.03405
1749267247,0.03416000,11716.00000000,0.03405
1749267247,0.03417000,56185.00000000,0.03405
1749267247,0.03418000,36700.00000000,0.03405
1749267247,0.03419000,135431.00000000,0.03405
1749267247,0.03420000,11694.00000000,0.03405
1749267247,0.03421000,131465.00000000,0.03405
1749267247,0.03422000,11706.00000000,0.03405
1749267247,0.03423000,11958.00000000,0.03405
1749267247,0.03424000,11912.00000000,0.03405
1749267247,0.03425000,11754.00000000,0.03405
1749267247,0.03426000,19199.00000000,0.03405
1749267247,0.03427000,90619.00000000,0.03405
1749267247,0.03428000,11730.00000000,0.03405
1749267247,0.03432000,318.00000000,0.03405
1749267247,0.03433000,209.00000000,0.03405
1749267247,0.03443000,372.00000000,0.03405
1749267247,0.03446000,234149.00000000,0.03405
1749267247,0.03447000,4464.00000000,0.03405
1749267247,0.03449000,21929.00000000,0.03405
1749267247,0.03450000,238934.00000000,0.03405
1749267247,0.03453000,209.00000000,0.03405
1749267247,0.03454000,14719.00000000,0.03405
1749267247,0.03456000,1500.00000000,0.03405
1749267247,0.03458000,394.00000000,0.03405
1749267247,0.03463000,469.00000000,0.03405
1749267247,0.03465000,1473.00000000,0.03405
1749267247,0.03469000,1453.00000000,0.03405
1749267247,0.03470000,24123.00000000,0.03405
1749267247,0.03471000,3245.00000000,0.03405
1749267247,0.03472000,1260.00000000,0.03405
1749267247,0.03473000,209.00000000,0.03405
1749267247,0.03475000,303.00000000,0.03405
1749267247,0.03483000,44878.00000000,0.03405
1749267247,0.03490000,5521.00000000,0.03405
1749267247,0.03492000,211.00000000,0.03405
1749267247,0.03493000,367.00000000,0.03405
1749267247,0.03500000,331.00000000,0.03405
1749267247,0.03503000,209.00000000,0.03405
1749267247,0.03508000,463.00000000,0.03405
1749267247,0.03510000,14330.00000000,0.03405
1749267247,0.03513000,209.00000000,0.03405
1749267247,0.03523000,209.00000000,0.03405
1749267247,0.03525000,27068.00000000,0.03405
1749267247,0.03526000,28738.00000000,0.03405
1749267247,0.03527000,16991.00000000,0.03405
1749267247,0.03528000,158.00000000,0.03405
1749267247,0.03529000,1419.00000000,0.03405
1749267247,0.03530000,16991.00000000,0.03405
1749267247,0.03531000,340.00000000,0.03405
1749267247,0.03533000,209.00000000,0.03405
1749267247,0.03534000,16991.00000000,0.03405
1749267247,0.03538000,16991.00000000,0.03405
1749267247,0.03541000,17362.00000000,0.03405
1749267247,0.03543000,209.00000000,0.03405
1749267247,0.03544000,7327.00000000,0.03405
1749267247,0.03553000,209.00000000,0.03405
1749267247,0.03554000,28267.00000000,0.03405
1749267247,0.03560000,4852.00000000,0.03405
1749267247,0.03562000,158.00000000,0.03405
1749267247,0.03563000,209.00000000,0.03405
1749267247,0.03566000,1199.00000000,0.03405
1749267247,0.03573000,209.00000000,0.03405
1749267247,0.03579000,972.00000000,0.03405
1749267247,0.03581000,1725.00000000,0.03405
1749267247,0.03583000,209.00000000,0.03405
1749267247,0.03587000,1260.00000000,0.03405
1749267247,0.03593000,209.00000000,0.03405
1749267247,0.03597000,158.00000000,0.03405
1749267247,0.03599000,417.00000000,0.03405
1749267247,0.03600000,1011.00000000,0.03405
1749267247,0.03603000,209.00000000,0.03405
1749267247,0.03612000,6519.00000000,0.03405
1749267247,0.03613000,209.00000000,0.03405
1749267247,0.03623000,209.00000000,0.03405
1749267247,0.03624000,155.00000000,0.03405
1749267247,0.03632000,158.00000000,0.03405
1749267247,0.03633000,209.00000000,0.03405
1749267247,0.03641000,238.00000000,0.03405
1749267247,0.03643000,209.00000000,0.03405
1749267247,0.03644000,1260.00000000,0.03405
1749267247,0.03647000,3515.00000000,0.03405
1749267247,0.03649000,647.00000000,0.03405
1749267247,0.03651000,10106.00000000,0.03405
1749267247,0.03653000,209.00000000,0.03405
1749267247,0.03663000,209.00000000,0.03405
1749267247,0.03666000,158.00000000,0.03405
1749267247,0.03672000,13757.00000000,0.03405
1749267247,0.03673000,209.00000000,0.03405
1749267247,0.03675000,291.00000000,0.03405
1749267548,0.03391000,10019.00000000,0.03387
1749267548,0.03392000,4221.00000000,0.03387
1749267548,0.03393000,5641.00000000,0.03387
1749267548,0.03394000,5147.00000000,0.03387
1749267548,0.03395000,7052.00000000,0.03387
1749267548,0.03396000,17030.00000000,0.03387
1749267548,0.03397000,10646.00000000,0.03387
1749267548,0.03398000,35488.00000000,0.03387
1749267548,0.03399000,18152.00000000,0.03387
1749267548,0.03400000,21965.00000000,0.03387
1749267548,0.03401000,19494.00000000,0.03387
1749267548,0.03403000,209.00000000,0.03387
1749267548,0.03404000,56846.00000000,0.03387
1749267548,0.03405000,13219.00000000,0.03387
1749267548,0.03406000,11754.00000000,0.03387
1749267548,0.03407000,11733.00000000,0.03387
1749267548,0.03408000,245882.00000000,0.03387
1749267548,0.03409000,11731.00000000,0.03387
1749267548,0.03410000,11733.00000000,0.03387
1749267548,0.03411000,36724.00000000,0.03387
1749267548,0.03412000,135807.00000000,0.03387
1749267548,0.03413000,216036.00000000,0.03387
1749267548,0.03414000,11716.00000000,0.03387
