timestamp,price,volume,current_price
1749254699,0.03383000,2849.00000000,0.03373
1749254699,0.03385000,2601.00000000,0.03373
1749254699,0.03387000,3853.00000000,0.03373
1749254699,0.03388000,8913.00000000,0.03373
1749254699,0.03389000,158.00000000,0.03373
1749254699,0.03392000,5285.00000000,0.03373
1749254699,0.03393000,11720.00000000,0.03373
1749254699,0.03394000,11848.00000000,0.03373
1749254699,0.03395000,57199.00000000,0.03373
1749254699,0.03397000,11848.00000000,0.03373
1749254699,0.03403000,7661.00000000,0.03373
1749254699,0.03406000,1459.00000000,0.03373
1749254699,0.03415000,214731.00000000,0.03373
1749254699,0.03416000,5933.00000000,0.03373
1749254699,0.03423000,209.00000000,0.03373
1749254699,0.03424000,158.00000000,0.03373
1749254699,0.03430000,1500.00000000,0.03373
1749254699,0.03433000,209.00000000,0.03373
1749254699,0.03440000,14547.00000000,0.03373
1749254699,0.03443000,372.00000000,0.03373
1749254699,0.03450000,242185.00000000,0.03373
1749254699,0.03453000,209.00000000,0.03373
1749254699,0.03454000,1453.00000000,0.03373
1749254699,0.03456000,231.00000000,0.03373
1749254699,0.03458000,158.00000000,0.03373
1749254699,0.03459000,260.00000000,0.03373
1749254699,0.03460000,5521.00000000,0.03373
1749254699,0.03462000,3245.00000000,0.03373
1749254699,0.03463000,498.00000000,0.03373
1749254699,0.03472000,1260.00000000,0.03373
1749254699,0.03473000,209.00000000,0.03373
1749254699,0.03475000,303.00000000,0.03373
1749254699,0.03479000,44669.00000000,0.03373
1749254699,0.03483000,209.00000000,0.03373
1749254699,0.03486000,13737.00000000,0.03373
1749254699,0.03487000,28738.00000000,0.03373
1749254699,0.03488000,229.00000000,0.03373
1749254699,0.03489000,26761.00000000,0.03373
1749254699,0.03492000,211.00000000,0.03373
1749254699,0.03493000,653.00000000,0.03373
1749254699,0.03498000,7445.00000000,0.03373
1749254699,0.03499000,7327.00000000,0.03373
1749254699,0.03500000,331.00000000,0.03373
1749254699,0.03502000,228.00000000,0.03373
1749254699,0.03503000,209.00000000,0.03373
1749254699,0.03508000,28730.00000000,0.03373
1749254699,0.03510000,14330.00000000,0.03373
1749254699,0.03513000,209.00000000,0.03373
1749254699,0.03523000,493.00000000,0.03373
1749254699,0.03526000,340.00000000,0.03373
1749254699,0.03527000,16991.00000000,0.03373
1749254699,0.03528000,158.00000000,0.03373
1749254699,0.03529000,1419.00000000,0.03373
1749254699,0.03530000,16991.00000000,0.03373
1749254699,0.03533000,209.00000000,0.03373
1749254699,0.03534000,16991.00000000,0.03373
1749254699,0.03538000,16991.00000000,0.03373
1749254699,0.03541000,17362.00000000,0.03373
1749254699,0.03543000,209.00000000,0.03373
1749254699,0.03553000,209.00000000,0.03373
1749254699,0.03560000,4852.00000000,0.03373
1749254699,0.03562000,158.00000000,0.03373
1749254699,0.03563000,209.00000000,0.03373
1749254699,0.03566000,1199.00000000,0.03373
1749254699,0.03573000,209.00000000,0.03373
1749254699,0.03579000,972.00000000,0.03373
1749254699,0.03581000,1725.00000000,0.03373
1749254699,0.03583000,209.00000000,0.03373
1749254699,0.03587000,1260.00000000,0.03373
1749254699,0.03593000,209.00000000,0.03373
1749254699,0.03597000,158.00000000,0.03373
1749254699,0.03600000,1011.00000000,0.03373
1749254699,0.03603000,209.00000000,0.03373
1749254699,0.03612000,6519.00000000,0.03373
1749254699,0.03613000,209.00000000,0.03373
1749254699,0.03619000,3407.00000000,0.03373
1749254699,0.03623000,209.00000000,0.03373
1749254699,0.03624000,155.00000000,0.03373
1749254699,0.03632000,158.00000000,0.03373
1749254699,0.03633000,209.00000000,0.03373
1749254699,0.03641000,238.00000000,0.03373
1749254699,0.03643000,209.00000000,0.03373
1749254699,0.03644000,1260.00000000,0.03373
1749254699,0.03647000,3515.00000000,0.03373
1749254699,0.03649000,647.00000000,0.03373
1749254699,0.03651000,10106.00000000,0.03373
1749254699,0.03653000,209.00000000,0.03373
1749254699,0.03663000,209.00000000,0.03373
1749254699,0.03666000,158.00000000,0.03373
1749254699,0.03672000,13757.00000000,0.03373
1749254699,0.03673000,209.00000000,0.03373
1749254699,0.03675000,291.00000000,0.03373
1749254699,0.03679000,284.00000000,0.03373
1749254699,0.03683000,209.00000000,0.03373
1749254699,0.03693000,209.00000000,0.03373
1749254699,0.03700000,10792.00000000,0.03373
1749254699,0.03701000,158.00000000,0.03373
1749254699,0.03702000,1260.00000000,0.03373
1749254699,0.03703000,209.00000000,0.03373
1749254699,0.03704000,193.00000000,0.03373
1749255029,0.03380000,13623.00000000,0.03374
1749255029,0.03383000,3177.00000000,0.03374
1749255029,0.03384000,2602.00000000,0.03374
1749255029,0.03385000,9125.00000000,0.03374
1749255029,0.03386000,8904.00000000,0.03374
1749255029,0.03387000,6999.00000000,0.03374
1749255029,0.03388000,23329.00000000,0.03374
1749255029,0.03389000,23029.00000000,0.03374
1749255029,0.03390000,36843.00000000,0.03374
1749255029,0.03391000,11851.00000000,0.03374
1749255029,0.03393000,209.00000000,0.03374
1749255029,0.03395000,1691.00000000,0.03374
1749255029,0.03399000,11820.00000000,0.03374
1749255029,0.03402000,8907.00000000,0.03374
1749255029,0.03403000,209.00000000,0.03374
1749255029,0.03406000,32199.00000000,0.03374
1749255029,0.03414000,213471.00000000,0.03374
1749255029,0.03415000,7150.00000000,0.03374
1749255029,0.03423000,209.00000000,0.03374
1749255029,0.03424000,158.00000000,0.03374
1749255029,0.03432000,1500.00000000,0.03374
1749255029,0.03433000,209.00000000,0.03374
1749255029,0.03440000,14547.00000000,0.03374
1749255029,0.03443000,372.00000000,0.03374
1749255029,0.03450000,240712.00000000,0.03374
1749255029,0.03452000,1473.00000000,0.03374
1749255029,0.03453000,209.00000000,0.03374
1749255029,0.03456000,1684.00000000,0.03374
1749255029,0.03458000,158.00000000,0.03374
1749255029,0.03459000,260.00000000,0.03374
1749255029,0.03460000,5521.00000000,0.03374
1749255029,0.03462000,3245.00000000,0.03374
1749255029,0.03463000,498.00000000,0.03374
1749255029,0.03472000,1260.00000000,0.03374
1749255029,0.03473000,209.00000000,0.03374
1749255029,0.03475000,303.00000000,0.03374
1749255029,0.03479000,44669.00000000,0.03374
1749255029,0.03483000,209.00000000,0.03374
1749255029,0.03486000,13737.00000000,0.03374
1749255029,0.03488000,229.00000000,0.03374
1749255029,0.03489000,26761.00000000,0.03374
1749255029,0.03492000,211.00000000,0.03374
1749255029,0.03493000,653.00000000,0.03374
1749255029,0.03496000,28738.00000000,0.03374
1749255029,0.03498000,7445.00000000,0.03374
1749255029,0.03499000,7327.00000000,0.03374
1749255029,0.03500000,331.00000000,0.03374
1749255029,0.03502000,228.00000000,0.03374
1749255029,0.03503000,209.00000000,0.03374
1749255029,0.03508000,463.00000000,0.03374
1749255029,0.03510000,14330.00000000,0.03374
1749255029,0.03513000,209.00000000,0.03374
1749255029,0.03519000,28267.00000000,0.03374
1749255029,0.03523000,493.00000000,0.03374
1749255029,0.03526000,340.00000000,0.03374
1749255029,0.03527000,16991.00000000,0.03374
1749255029,0.03528000,158.00000000,0.03374
1749255029,0.03529000,1419.00000000,0.03374
1749255029,0.03530000,16991.00000000,0.03374
1749255029,0.03533000,209.00000000,0.03374
1749255029,0.03534000,16991.00000000,0.03374
1749255029,0.03538000,16991.00000000,0.03374
1749255029,0.03541000,17362.00000000,0.03374
1749255029,0.03543000,209.00000000,0.03374
1749255029,0.03553000,209.00000000,0.03374
1749255029,0.03560000,4852.00000000,0.03374
1749255029,0.03562000,158.00000000,0.03374
1749255029,0.03563000,209.00000000,0.03374
1749255029,0.03566000,1199.00000000,0.03374
1749255029,0.03573000,209.00000000,0.03374
1749255029,0.03579000,972.00000000,0.03374
1749255029,0.03581000,1725.00000000,0.03374
1749255029,0.03583000,209.00000000,0.03374
1749255029,0.03587000,1260.00000000,0.03374
1749255029,0.03593000,209.00000000,0.03374
1749255029,0.03597000,158.00000000,0.03374
1749255029,0.03600000,1011.00000000,0.03374
1749255029,0.03603000,209.00000000,0.03374
1749255029,0.03612000,6519.00000000,0.03374
1749255029,0.03613000,209.00000000,0.03374
1749255029,0.03619000,3407.00000000,0.03374
1749255029,0.03623000,209.00000000,0.03374
1749255029,0.03624000,155.00000000,0.03374
1749255029,0.03632000,158.00000000,0.03374
1749255029,0.03633000,209.00000000,0.03374
1749255029,0.03641000,238.00000000,0.03374
1749255029,0.03643000,209.00000000,0.03374
1749255029,0.03644000,1260.00000000,0.03374
1749255029,0.03647000,3515.00000000,0.03374
1749255029,0.03649000,647.00000000,0.03374
1749255029,0.03651000,10106.00000000,0.03374
1749255029,0.03653000,209.00000000,0.03374
1749255029,0.03663000,209.00000000,0.03374
1749255029,0.03666000,158.00000000,0.03374
1749255029,0.03672000,13757.00000000,0.03374
1749255029,0.03673000,209.00000000,0.03374
1749255029,0.03675000,291.00000000,0.03374
1749255029,0.03679000,284.00000000,0.03374
1749255029,0.03683000,209.00000000,0.03374
1749255029,0.03693000,209.00000000,0.03374
