timestamp,price,volume,current_price
1749258308,0.76600000,12813.00000000,0.765
1749258308,0.76700000,22750.50000000,0.765
1749258308,0.76800000,13009.90000000,0.765
1749258308,0.76900000,15012.30000000,0.765
1749258308,0.77000000,10362.30000000,0.765
1749258308,0.77100000,4996.60000000,0.765
1749258308,0.77200000,2965.80000000,0.765
1749258308,0.77300000,4136.20000000,0.765
1749258308,0.77400000,2902.00000000,0.765
1749258308,0.77500000,8866.00000000,0.765
1749258308,0.77600000,941.90000000,0.765
1749258308,0.77700000,930.50000000,0.765
1749258308,0.77800000,1051.10000000,0.765
1749258308,0.77900000,1446.10000000,0.765
1749258308,0.78000000,6194.60000000,0.765
1749258308,0.78100000,1296.70000000,0.765
1749258308,0.78200000,2288.20000000,0.765
1749258308,0.78300000,58.20000000,0.765
1749258308,0.78400000,878.40000000,0.765
1749258308,0.78500000,1538.90000000,0.765
1749258308,0.78600000,32.00000000,0.765
1749258308,0.78700000,75.80000000,0.765
1749258308,0.78800000,73.60000000,0.765
1749258308,0.78900000,877.30000000,0.765
1749258308,0.79000000,10331.60000000,0.765
1749258308,0.79100000,9666.90000000,0.765
1749258308,0.79200000,938.40000000,0.765
1749258308,0.79300000,73.00000000,0.765
1749258308,0.79400000,868.50000000,0.765
1749258308,0.79500000,2981.50000000,0.765
1749258308,0.79600000,1189.60000000,0.765
1749258308,0.79700000,883.90000000,0.765
1749258308,0.79800000,2398.20000000,0.765
1749258308,0.79900000,1325.20000000,0.765
1749258308,0.80000000,10778.60000000,0.765
1749258308,0.80100000,10866.70000000,0.765
1749258308,0.80200000,40.20000000,0.765
1749258308,0.80300000,944.60000000,0.765
1749258308,0.80400000,25.90000000,0.765
1749258308,0.80500000,2910.30000000,0.765
1749258308,0.80600000,54.80000000,0.765
1749258308,0.80700000,35.30000000,0.765
1749258308,0.80800000,834.10000000,0.765
1749258308,0.80900000,26038.30000000,0.765
1749258308,0.81000000,48366.90000000,0.765
1749258308,0.81100000,3478.10000000,0.765
1749258308,0.81200000,329.40000000,0.765
1749258308,0.81300000,1859.20000000,0.765
1749258308,0.81400000,242.50000000,0.765
1749258308,0.81500000,227.60000000,0.765
1749258308,0.81600000,329.50000000,0.765
1749258308,0.81700000,714.70000000,0.765
1749258308,0.81800000,103.60000000,0.765
1749258308,0.81900000,47.20000000,0.765
1749258308,0.82000000,376.60000000,0.765
1749258308,0.82100000,269.10000000,0.765
1749258308,0.82200000,34.10000000,0.765
1749258308,0.82300000,28.70000000,0.765
1749258308,0.82400000,1275.20000000,0.765
1749258308,0.82500000,120.20000000,0.765
1749258308,0.82600000,253.90000000,0.765
1749258308,0.82700000,13.30000000,0.765
1749258308,0.82800000,454.30000000,0.765
1749258308,0.82900000,644.80000000,0.765
1749258308,0.83000000,74.80000000,0.765
1749258308,0.83100000,13132.30000000,0.765
1749258308,0.83200000,32.40000000,0.765
1749258308,0.83300000,26.80000000,0.765
1749258308,0.83400000,40.40000000,0.765
1749258308,0.83500000,32.10000000,0.765
1749258308,0.83600000,13.20000000,0.765
1749258308,0.83700000,21.10000000,0.765
1749258308,0.83800000,107.70000000,0.765
1749258308,0.83900000,162.10000000,0.765
1749258308,0.84000000,600.70000000,0.765
1749258308,0.84100000,274.40000000,0.765
1749258308,0.84200000,45.60000000,0.765
1749258308,0.84300000,28.40000000,0.765
1749258308,0.84400000,304.50000000,0.765
1749258308,0.84500000,1399.00000000,0.765
1749258308,0.84700000,9.60000000,0.765
1749258308,0.84800000,24.60000000,0.765
1749258308,0.84900000,13417.90000000,0.765
1749258308,0.85000000,17936.90000000,0.765
1749258308,0.85200000,102.90000000,0.765
1749258308,0.85300000,6249.80000000,0.765
1749258308,0.85400000,87.80000000,0.765
1749258308,0.85500000,147.70000000,0.765
1749258308,0.85600000,15.30000000,0.765
1749258308,0.85700000,529.60000000,0.765
1749258308,0.85800000,17.40000000,0.765
1749258308,0.85900000,6.40000000,0.765
1749258308,0.86000000,266.80000000,0.765
1749258308,0.86100000,49.00000000,0.765
1749258308,0.86200000,7.90000000,0.765
1749258308,0.86300000,18.10000000,0.765
1749258308,0.86400000,55.20000000,0.765
1749258308,0.86500000,668.80000000,0.765
1749258308,0.86700000,15.30000000,0.765
1749258308,0.86800000,29.90000000,0.765
1749258622,0.76200000,9779.40000000,0.761
1749258622,0.76300000,15883.00000000,0.761
1749258622,0.76400000,13888.40000000,0.761
1749258622,0.76500000,9415.80000000,0.761
1749258622,0.76600000,8123.30000000,0.761
1749258622,0.76700000,8897.10000000,0.761
1749258622,0.76800000,5513.50000000,0.761
1749258622,0.76900000,1742.30000000,0.761
1749258622,0.77000000,4404.60000000,0.761
1749258622,0.77100000,8724.20000000,0.761
1749258622,0.77200000,1618.90000000,0.761
1749258622,0.77300000,1563.20000000,0.761
1749258622,0.77400000,4482.60000000,0.761
1749258622,0.77500000,4296.00000000,0.761
1749258622,0.77600000,958.70000000,0.761
1749258622,0.77700000,1489.60000000,0.761
1749258622,0.77800000,1008.60000000,0.761
1749258622,0.77900000,2052.60000000,0.761
1749258622,0.78000000,7537.20000000,0.761
1749258622,0.78100000,922.40000000,0.761
1749258622,0.78200000,906.60000000,0.761
1749258622,0.78300000,913.20000000,0.761
1749258622,0.78400000,878.40000000,0.761
1749258622,0.78500000,1436.10000000,0.761
1749258622,0.78600000,32.00000000,0.761
1749258622,0.78700000,178.60000000,0.761
1749258622,0.78800000,83.40000000,0.761
1749258622,0.78900000,887.10000000,0.761
1749258622,0.79000000,10341.40000000,0.761
1749258622,0.79100000,9666.90000000,0.761
1749258622,0.79200000,938.40000000,0.761
1749258622,0.79300000,73.00000000,0.761
1749258622,0.79400000,868.50000000,0.761
1749258622,0.79500000,2981.50000000,0.761
1749258622,0.79600000,1189.60000000,0.761
1749258622,0.79700000,883.90000000,0.761
1749258622,0.79800000,2398.20000000,0.761
1749258622,0.79900000,1325.20000000,0.761
1749258622,0.80000000,10778.60000000,0.761
1749258622,0.80100000,10866.70000000,0.761
1749258622,0.80200000,40.20000000,0.761
1749258622,0.80300000,944.60000000,0.761
1749258622,0.80400000,25.90000000,0.761
1749258622,0.80500000,2910.30000000,0.761
1749258622,0.80600000,54.80000000,0.761
1749258622,0.80700000,35.30000000,0.761
1749258622,0.80800000,892.60000000,0.761
1749258622,0.80900000,26151.40000000,0.761
1749258622,0.81000000,48366.90000000,0.761
1749258622,0.81100000,3478.10000000,0.761
1749258622,0.81200000,329.40000000,0.761
1749258622,0.81300000,1859.20000000,0.761
1749258622,0.81400000,242.50000000,0.761
1749258622,0.81500000,227.60000000,0.761
1749258622,0.81600000,329.50000000,0.761
1749258622,0.81700000,714.70000000,0.761
1749258622,0.81800000,103.60000000,0.761
1749258622,0.81900000,47.20000000,0.761
1749258622,0.82000000,376.60000000,0.761
1749258622,0.82100000,269.10000000,0.761
1749258622,0.82200000,34.10000000,0.761
1749258622,0.82300000,28.70000000,0.761
1749258622,0.82400000,1275.20000000,0.761
1749258622,0.82500000,110.00000000,0.761
1749258622,0.82600000,253.90000000,0.761
1749258622,0.82700000,13.30000000,0.761
1749258622,0.82800000,454.30000000,0.761
1749258622,0.82900000,644.80000000,0.761
1749258622,0.83000000,453.80000000,0.761
1749258622,0.83100000,13132.30000000,0.761
1749258622,0.83200000,32.40000000,0.761
1749258622,0.83300000,26.80000000,0.761
1749258622,0.83400000,40.40000000,0.761
1749258622,0.83500000,18.90000000,0.761
1749258622,0.83700000,7.90000000,0.761
1749258622,0.83800000,94.60000000,0.761
1749258622,0.83900000,162.10000000,0.761
1749258622,0.84000000,600.70000000,0.761
1749258622,0.84100000,274.40000000,0.761
1749258622,0.84200000,45.60000000,0.761
1749258622,0.84300000,28.40000000,0.761
1749258622,0.84400000,304.50000000,0.761
1749258622,0.84500000,1399.00000000,0.761
1749258622,0.84700000,9.60000000,0.761
1749258622,0.84800000,312.10000000,0.761
1749258622,0.84900000,13417.90000000,0.761
1749258622,0.85000000,17634.20000000,0.761
1749258622,0.85200000,102.90000000,0.761
1749258622,0.85300000,6249.80000000,0.761
1749258622,0.85400000,87.80000000,0.761
1749258622,0.85500000,147.70000000,0.761
1749258622,0.85600000,15.30000000,0.761
1749258622,0.85700000,529.60000000,0.761
1749258622,0.85800000,17.40000000,0.761
1749258622,0.85900000,6.40000000,0.761
1749258622,0.86000000,266.80000000,0.761
1749258622,0.86100000,49.00000000,0.761
1749258622,0.86200000,7.90000000,0.761
1749258622,0.86300000,18.10000000,0.761
1749258622,0.86400000,55.20000000,0.761
1749258957,0.76200000,10734.60000000,0.761
1749258957,0.76300000,17219.50000000,0.761
1749258957,0.76400000,13732.40000000,0.761
1749258957,0.76500000,10861.00000000,0.761
1749258957,0.76600000,7927.00000000,0.761
1749258957,0.76700000,3370.70000000,0.761
1749258957,0.76800000,1252.60000000,0.761
1749258957,0.76900000,2789.20000000,0.761
1749258957,0.77000000,5886.50000000,0.761
1749258957,0.77100000,7506.90000000,0.761
1749258957,0.77200000,1215.90000000,0.761
1749258957,0.77300000,930.20000000,0.761
1749258957,0.77400000,1388.60000000,0.761
1749258957,0.77500000,7422.80000000,0.761
1749258957,0.77600000,942.00000000,0.761
1749258957,0.77700000,1539.50000000,0.761
1749258957,0.77800000,992.60000000,0.761
1749258957,0.77900000,2538.90000000,0.761
1749258957,0.78000000,6561.60000000,0.761
1749258957,0.78100000,922.40000000,0.761
1749258957,0.78200000,939.40000000,0.761
1749258957,0.78300000,913.20000000,0.761
1749258957,0.78400000,878.40000000,0.761
1749258957,0.78500000,1436.10000000,0.761
1749258957,0.78600000,32.00000000,0.761
1749258957,0.78700000,75.80000000,0.761
1749258957,0.78800000,186.20000000,0.761
1749258957,0.78900000,917.20000000,0.761
1749258957,0.79000000,10341.40000000,0.761
1749258957,0.79100000,9666.90000000,0.761
1749258957,0.79200000,938.40000000,0.761
1749258957,0.79300000,42.90000000,0.761
1749258957,0.79400000,868.50000000,0.761
1749258957,0.79500000,2981.50000000,0.761
1749258957,0.79600000,1189.60000000,0.761
1749258957,0.79700000,883.90000000,0.761
1749258957,0.79800000,2398.20000000,0.761
1749258957,0.79900000,1325.20000000,0.761
1749258957,0.80000000,10778.60000000,0.761
1749258957,0.80100000,10866.70000000,0.761
1749258957,0.80200000,40.20000000,0.761
1749258957,0.80300000,944.60000000,0.761
1749258957,0.80400000,25.90000000,0.761
1749258957,0.80500000,2910.30000000,0.761
1749258957,0.80600000,54.80000000,0.761
1749258957,0.80700000,165.30000000,0.761
1749258957,0.80800000,152.80000000,0.761
1749258957,0.80900000,26208.30000000,0.761
1749258957,0.81000000,48366.90000000,0.761
1749258957,0.81100000,3478.10000000,0.761
1749258957,0.81200000,329.40000000,0.761
1749258957,0.81300000,1859.20000000,0.761
1749258957,0.81400000,242.50000000,0.761
1749258957,0.81500000,227.60000000,0.761
1749258957,0.81600000,329.50000000,0.761
1749258957,0.81700000,714.70000000,0.761
1749258957,0.81800000,103.60000000,0.761
1749258957,0.81900000,47.20000000,0.761
1749258957,0.82000000,376.60000000,0.761
1749258957,0.82100000,269.10000000,0.761
1749258957,0.82200000,34.10000000,0.761
1749258957,0.82300000,28.70000000,0.761
1749258957,0.82400000,1275.20000000,0.761
1749258957,0.82500000,110.00000000,0.761
1749258957,0.82600000,253.90000000,0.761
1749258957,0.82700000,13.30000000,0.761
1749258957,0.82800000,454.30000000,0.761
1749258957,0.82900000,644.80000000,0.761
1749258957,0.83000000,338.60000000,0.761
1749258957,0.83100000,13132.30000000,0.761
1749258957,0.83200000,32.40000000,0.761
1749258957,0.83300000,26.80000000,0.761
1749258957,0.83400000,40.40000000,0.761
1749258957,0.83500000,18.90000000,0.761
1749258957,0.83700000,7.90000000,0.761
1749258957,0.83800000,94.60000000,0.761
1749258957,0.83900000,162.10000000,0.761
1749258957,0.84000000,600.70000000,0.761
1749258957,0.84100000,274.40000000,0.761
1749258957,0.84200000,45.60000000,0.761
1749258957,0.84300000,28.40000000,0.761
1749258957,0.84400000,304.50000000,0.761
1749258957,0.84500000,1399.00000000,0.761
1749258957,0.84700000,9.60000000,0.761
1749258957,0.84800000,24.60000000,0.761
1749258957,0.84900000,463.70000000,0.761
1749258957,0.85000000,17634.20000000,0.761
1749258957,0.85200000,102.90000000,0.761
1749258957,0.85300000,6249.80000000,0.761
1749258957,0.85400000,87.80000000,0.761
1749258957,0.85500000,147.70000000,0.761
1749258957,0.85600000,15.30000000,0.761
1749258957,0.85700000,529.60000000,0.761
1749258957,0.85800000,17.40000000,0.761
1749258957,0.85900000,6.40000000,0.761
1749258957,0.86000000,266.80000000,0.761
1749258957,0.86100000,49.00000000,0.761
1749258957,0.86200000,7.90000000,0.761
1749258957,0.86300000,18.10000000,0.761
1749258957,0.86400000,55.20000000,0.761
1749259265,0.75900000,10059.50000000,0.759
1749259265,0.76000000,13512.40000000,0.759
1749259265,0.76100000,15967.40000000,0.759
1749259265,0.76200000,13871.40000000,0.759
1749259265,0.76300000,8568.90000000,0.759
1749259265,0.76400000,9528.20000000,0.759
1749259265,0.76500000,3232.90000000,0.759
1749259265,0.76600000,1438.10000000,0.759
1749259265,0.76700000,3037.00000000,0.759
1749259265,0.76800000,2582.60000000,0.759
1749259265,0.76900000,4116.80000000,0.759
1749259265,0.77000000,2409.60000000,0.759
1749259265,0.77100000,1266.80000000,0.759
1749259265,0.77200000,1215.90000000,0.759
1749259265,0.77300000,4529.20000000,0.759
1749259265,0.77400000,1388.60000000,0.759
1749259265,0.77500000,4394.70000000,0.759
1749259265,0.77600000,942.00000000,0.759
1749259265,0.77700000,2263.30000000,0.759
1749259265,0.77800000,1317.00000000,0.759
1749259265,0.77900000,1147.50000000,0.759
1749259265,0.78000000,6194.60000000,0.759
1749259265,0.78100000,922.40000000,0.759
1749259265,0.78200000,906.60000000,0.759
1749259265,0.78300000,913.20000000,0.759
1749259265,0.78400000,878.40000000,0.759
1749259265,0.78500000,1436.10000000,0.759
1749259265,0.78600000,32.00000000,0.759
1749259265,0.78700000,75.80000000,0.759
1749259265,0.78800000,968.50000000,0.759
1749259265,0.78900000,989.90000000,0.759
1749259265,0.79000000,10341.40000000,0.759
1749259265,0.79100000,9666.90000000,0.759
1749259265,0.79200000,938.40000000,0.759
1749259265,0.79300000,42.90000000,0.759
1749259265,0.79400000,868.50000000,0.759
1749259265,0.79500000,2981.50000000,0.759
1749259265,0.79600000,1189.60000000,0.759
1749259265,0.79700000,883.90000000,0.759
1749259265,0.79800000,2398.20000000,0.759
1749259265,0.79900000,470.20000000,0.759
1749259265,0.80000000,9923.60000000,0.759
1749259265,0.80100000,10011.70000000,0.759
1749259265,0.80200000,40.20000000,0.759
1749259265,0.80300000,89.60000000,0.759
1749259265,0.80400000,25.90000000,0.759
1749259265,0.80500000,2055.30000000,0.759
1749259265,0.80600000,54.80000000,0.759
1749259265,0.80700000,165.30000000,0.759
1749259265,0.80800000,1325.20000000,0.759
1749259265,0.80900000,39076.20000000,0.759
1749259265,0.81000000,48366.90000000,0.759
1749259265,0.81100000,3478.10000000,0.759
1749259265,0.81200000,329.40000000,0.759
1749259265,0.81300000,1859.20000000,0.759
1749259265,0.81400000,242.50000000,0.759
1749259265,0.81500000,227.60000000,0.759
1749259265,0.81600000,329.50000000,0.759
1749259265,0.81700000,714.70000000,0.759
1749259265,0.81800000,103.60000000,0.759
1749259265,0.81900000,47.20000000,0.759
1749259265,0.82000000,376.60000000,0.759
1749259265,0.82100000,269.10000000,0.759
1749259265,0.82200000,34.10000000,0.759
1749259265,0.82300000,28.70000000,0.759
1749259265,0.82400000,1275.20000000,0.759
1749259265,0.82500000,110.00000000,0.759
1749259265,0.82600000,253.90000000,0.759
1749259265,0.82700000,13.30000000,0.759
1749259265,0.82800000,454.30000000,0.759
1749259265,0.82900000,644.80000000,0.759
1749259265,0.83000000,74.80000000,0.759
1749259265,0.83100000,13132.30000000,0.759
1749259265,0.83200000,19.20000000,0.759
1749259265,0.83300000,13.60000000,0.759
1749259265,0.83400000,27.20000000,0.759
1749259265,0.83500000,18.90000000,0.759
1749259265,0.83700000,7.90000000,0.759
1749259265,0.83800000,94.60000000,0.759
1749259265,0.83900000,162.10000000,0.759
1749259265,0.84000000,600.70000000,0.759
1749259265,0.84100000,274.40000000,0.759
1749259265,0.84200000,45.60000000,0.759
1749259265,0.84300000,28.40000000,0.759
1749259265,0.84400000,304.50000000,0.759
1749259265,0.84500000,1399.00000000,0.759
1749259265,0.84700000,9.60000000,0.759
1749259265,0.84800000,24.60000000,0.759
1749259265,0.84900000,363.10000000,0.759
1749259265,0.85000000,17634.20000000,0.759
1749259265,0.85200000,102.90000000,0.759
1749259265,0.85300000,6249.80000000,0.759
1749259265,0.85400000,87.80000000,0.759
1749259265,0.85500000,147.70000000,0.759
1749259265,0.85600000,15.30000000,0.759
1749259265,0.85700000,529.60000000,0.759
1749259265,0.85800000,17.40000000,0.759
1749259265,0.85900000,6.40000000,0.759
1749259265,0.86000000,266.80000000,0.759
1749259265,0.86100000,49.00000000,0.759
