timestamp,price,volume,current_price
1749260726,0.76200000,6245.40000000,0.761
1749260726,0.76300000,12582.70000000,0.761
1749260726,0.76400000,15711.70000000,0.761
1749260726,0.76500000,9892.10000000,0.761
1749260726,0.76600000,5026.30000000,0.761
1749260726,0.76700000,7589.00000000,0.761
1749260726,0.76800000,4315.70000000,0.761
1749260726,0.76900000,4145.00000000,0.761
1749260726,0.77000000,2377.10000000,0.761
1749260726,0.77100000,903.00000000,0.761
1749260726,0.77200000,920.90000000,0.761
1749260726,0.77300000,4011.70000000,0.761
1749260726,0.77400000,1395.30000000,0.761
1749260726,0.77500000,4845.10000000,0.761
1749260726,0.77600000,899.20000000,0.761
1749260726,0.77700000,2352.10000000,0.761
1749260726,0.77800000,1274.30000000,0.761
1749260726,0.77900000,887.00000000,0.761
1749260726,0.78000000,6194.60000000,0.761
1749260726,0.78100000,922.40000000,0.761
1749260726,0.78200000,906.60000000,0.761
1749260726,0.78300000,903.30000000,0.761
1749260726,0.78400000,868.50000000,0.761
1749260726,0.78500000,1426.20000000,0.761
1749260726,0.78600000,979.90000000,0.761
1749260726,0.78700000,951.10000000,0.761
1749260726,0.78800000,73.60000000,0.761
1749260726,0.78900000,22.30000000,0.761
1749260726,0.79000000,9476.60000000,0.761
1749260726,0.79100000,9666.90000000,0.761
1749260726,0.79200000,83.40000000,0.761
1749260726,0.79300000,42.90000000,0.761
1749260726,0.79400000,13.50000000,0.761
1749260726,0.79500000,2126.50000000,0.761
1749260726,0.79600000,334.60000000,0.761
1749260726,0.79700000,28.90000000,0.761
1749260726,0.79800000,1543.20000000,0.761
1749260726,0.79900000,470.20000000,0.761
1749260726,0.80000000,9923.60000000,0.761
1749260726,0.80100000,10011.70000000,0.761
1749260726,0.80200000,40.20000000,0.761
1749260726,0.80300000,89.60000000,0.761
1749260726,0.80400000,25.90000000,0.761
1749260726,0.80500000,2055.30000000,0.761
1749260726,0.80600000,54.80000000,0.761
1749260726,0.80700000,165.30000000,0.761
1749260726,0.80800000,1023.10000000,0.761
1749260726,0.80900000,26208.30000000,0.761
1749260726,0.81000000,48366.90000000,0.761
1749260726,0.81100000,3478.10000000,0.761
1749260726,0.81200000,329.40000000,0.761
1749260726,0.81300000,1859.20000000,0.761
1749260726,0.81400000,242.50000000,0.761
1749260726,0.81500000,227.60000000,0.761
1749260726,0.81600000,329.50000000,0.761
1749260726,0.81700000,714.70000000,0.761
1749260726,0.81800000,103.60000000,0.761
1749260726,0.81900000,47.20000000,0.761
1749260726,0.82000000,376.60000000,0.761
1749260726,0.82100000,269.10000000,0.761
1749260726,0.82200000,34.10000000,0.761
1749260726,0.82300000,28.70000000,0.761
1749260726,0.82400000,1275.20000000,0.761
1749260726,0.82500000,110.00000000,0.761
1749260726,0.82600000,253.90000000,0.761
1749260726,0.82700000,13.30000000,0.761
1749260726,0.82800000,454.30000000,0.761
1749260726,0.82900000,644.80000000,0.761
1749260726,0.83000000,190.00000000,0.761
1749260726,0.83100000,13132.30000000,0.761
1749260726,0.83200000,32.40000000,0.761
1749260726,0.83300000,26.80000000,0.761
1749260726,0.83400000,40.40000000,0.761
1749260726,0.83500000,18.90000000,0.761
1749260726,0.83700000,7.90000000,0.761
1749260726,0.83800000,94.60000000,0.761
1749260726,0.83900000,162.10000000,0.761
1749260726,0.84000000,600.70000000,0.761
1749260726,0.84100000,274.40000000,0.761
1749260726,0.84200000,45.60000000,0.761
1749260726,0.84300000,28.40000000,0.761
1749260726,0.84400000,304.50000000,0.761
1749260726,0.84500000,1399.00000000,0.761
1749260726,0.84700000,9.60000000,0.761
1749260726,0.84800000,24.60000000,0.761
1749260726,0.84900000,363.10000000,0.761
1749260726,0.85000000,17634.20000000,0.761
1749260726,0.85200000,102.90000000,0.761
1749260726,0.85300000,6249.80000000,0.761
1749260726,0.85400000,87.80000000,0.761
1749260726,0.85500000,147.70000000,0.761
1749260726,0.85600000,15.30000000,0.761
1749260726,0.85700000,529.60000000,0.761
1749260726,0.85800000,17.40000000,0.761
1749260726,0.85900000,6.40000000,0.761
1749260726,0.86000000,266.80000000,0.761
1749260726,0.86100000,49.00000000,0.761
1749260726,0.86200000,7.90000000,0.761
1749260726,0.86300000,18.10000000,0.761
1749260726,0.86400000,55.20000000,0.761
1749261046,0.76100000,5184.40000000,0.76
1749261046,0.76200000,20540.20000000,0.76
1749261046,0.76300000,21959.90000000,0.76
1749261046,0.76400000,12467.30000000,0.76
1749261046,0.76500000,6967.30000000,0.76
1749261046,0.76600000,8398.40000000,0.76
1749261046,0.76700000,3196.20000000,0.76
1749261046,0.76800000,2242.30000000,0.76
1749261046,0.76900000,1568.20000000,0.76
1749261046,0.77000000,7217.00000000,0.76
1749261046,0.77100000,2012.40000000,0.76
1749261046,0.77200000,4097.20000000,0.76
1749261046,0.77300000,894.80000000,0.76
1749261046,0.77400000,1914.80000000,0.76
1749261046,0.77500000,4345.80000000,0.76
1749261046,0.77600000,948.00000000,0.76
1749261046,0.77700000,3212.10000000,0.76
1749261046,0.77800000,949.90000000,0.76
1749261046,0.77900000,2219.80000000,0.76
1749261046,0.78000000,6194.60000000,0.76
1749261046,0.78100000,922.40000000,0.76
1749261046,0.78200000,906.60000000,0.76
1749261046,0.78300000,913.20000000,0.76
1749261046,0.78400000,878.40000000,0.76
1749261046,0.78500000,1436.10000000,0.76
1749261046,0.78600000,979.90000000,0.76
1749261046,0.78700000,66.00000000,0.76
1749261046,0.78800000,928.60000000,0.76
1749261046,0.78900000,52.40000000,0.76
1749261046,0.79000000,10331.60000000,0.76
1749261046,0.79100000,10521.90000000,0.76
1749261046,0.79200000,83.40000000,0.76
1749261046,0.79300000,42.90000000,0.76
1749261046,0.79400000,13.50000000,0.76
1749261046,0.79500000,2126.50000000,0.76
1749261046,0.79600000,334.60000000,0.76
1749261046,0.79700000,28.90000000,0.76
1749261046,0.79800000,1543.20000000,0.76
1749261046,0.79900000,470.20000000,0.76
1749261046,0.80000000,9923.60000000,0.76
1749261046,0.80100000,10011.70000000,0.76
1749261046,0.80200000,40.20000000,0.76
1749261046,0.80300000,89.60000000,0.76
1749261046,0.80400000,25.90000000,0.76
1749261046,0.80500000,2055.30000000,0.76
1749261046,0.80600000,54.80000000,0.76
1749261046,0.80700000,165.30000000,0.76
1749261046,0.80800000,759.30000000,0.76
1749261046,0.80900000,26208.30000000,0.76
1749261046,0.81000000,48366.90000000,0.76
1749261046,0.81100000,3478.10000000,0.76
1749261046,0.81200000,329.40000000,0.76
1749261046,0.81300000,1859.20000000,0.76
1749261046,0.81400000,242.50000000,0.76
1749261046,0.81500000,227.60000000,0.76
1749261046,0.81600000,329.50000000,0.76
1749261046,0.81700000,714.70000000,0.76
1749261046,0.81800000,103.60000000,0.76
1749261046,0.81900000,47.20000000,0.76
1749261046,0.82000000,376.60000000,0.76
1749261046,0.82100000,269.10000000,0.76
1749261046,0.82200000,34.10000000,0.76
1749261046,0.82300000,28.70000000,0.76
1749261046,0.82400000,1275.20000000,0.76
1749261046,0.82500000,110.00000000,0.76
1749261046,0.82600000,253.90000000,0.76
1749261046,0.82700000,13.30000000,0.76
1749261046,0.82800000,454.30000000,0.76
1749261046,0.82900000,644.80000000,0.76
1749261046,0.83000000,453.80000000,0.76
1749261046,0.83100000,13132.30000000,0.76
1749261046,0.83200000,32.40000000,0.76
1749261046,0.83300000,26.80000000,0.76
1749261046,0.83400000,27.20000000,0.76
1749261046,0.83500000,18.90000000,0.76
1749261046,0.83700000,7.90000000,0.76
1749261046,0.83800000,94.60000000,0.76
1749261046,0.83900000,162.10000000,0.76
1749261046,0.84000000,600.70000000,0.76
1749261046,0.84100000,274.40000000,0.76
1749261046,0.84200000,45.60000000,0.76
1749261046,0.84300000,28.40000000,0.76
1749261046,0.84400000,304.50000000,0.76
1749261046,0.84500000,1399.00000000,0.76
1749261046,0.84700000,9.60000000,0.76
1749261046,0.84800000,24.60000000,0.76
1749261046,0.84900000,363.10000000,0.76
1749261046,0.85000000,17634.20000000,0.76
1749261046,0.85200000,102.90000000,0.76
1749261046,0.85300000,6249.80000000,0.76
1749261046,0.85400000,87.80000000,0.76
1749261046,0.85500000,147.70000000,0.76
1749261046,0.85600000,15.30000000,0.76
1749261046,0.85700000,529.60000000,0.76
1749261046,0.85800000,17.40000000,0.76
1749261046,0.85900000,6.40000000,0.76
1749261046,0.86000000,266.80000000,0.76
1749261046,0.86100000,49.00000000,0.76
1749261046,0.86200000,7.90000000,0.76
1749261046,0.86300000,18.10000000,0.76
1749261351,0.76100000,14387.70000000,0.76
1749261351,0.76200000,25125.10000000,0.76
1749261351,0.76300000,11821.00000000,0.76
1749261351,0.76400000,10295.90000000,0.76
1749261351,0.76500000,8022.00000000,0.76
1749261351,0.76600000,6007.30000000,0.76
1749261351,0.76700000,3786.10000000,0.76
1749261351,0.76800000,4782.60000000,0.76
1749261351,0.76900000,1568.20000000,0.76
1749261351,0.77000000,4676.70000000,0.76
1749261351,0.77100000,903.00000000,0.76
1749261351,0.77200000,4097.20000000,0.76
1749261351,0.77300000,894.80000000,0.76
1749261351,0.77400000,1914.80000000,0.76
1749261351,0.77500000,4345.80000000,0.76
1749261351,0.77600000,948.00000000,0.76
1749261351,0.77700000,4544.90000000,0.76
1749261351,0.77800000,949.90000000,0.76
1749261351,0.77900000,887.00000000,0.76
1749261351,0.78000000,6194.60000000,0.76
1749261351,0.78100000,922.40000000,0.76
1749261351,0.78200000,906.60000000,0.76
1749261351,0.78300000,913.20000000,0.76
1749261351,0.78400000,878.40000000,0.76
1749261351,0.78500000,1436.10000000,0.76
1749261351,0.78600000,877.10000000,0.76
1749261351,0.78700000,168.80000000,0.76
1749261351,0.78800000,928.60000000,0.76
1749261351,0.78900000,52.40000000,0.76
1749261351,0.79000000,10331.60000000,0.76
1749261351,0.79100000,10521.90000000,0.76
1749261351,0.79200000,83.40000000,0.76
1749261351,0.79300000,42.90000000,0.76
1749261351,0.79400000,13.50000000,0.76
1749261351,0.79500000,2126.50000000,0.76
1749261351,0.79600000,334.60000000,0.76
1749261351,0.79700000,28.90000000,0.76
1749261351,0.79800000,1543.20000000,0.76
1749261351,0.79900000,470.20000000,0.76
1749261351,0.80000000,9923.60000000,0.76
1749261351,0.80100000,10011.70000000,0.76
1749261351,0.80200000,40.20000000,0.76
1749261351,0.80300000,89.60000000,0.76
1749261351,0.80400000,25.90000000,0.76
1749261351,0.80500000,2055.30000000,0.76
1749261351,0.80600000,54.80000000,0.76
1749261351,0.80700000,165.30000000,0.76
1749261351,0.80800000,1325.20000000,0.76
1749261351,0.80900000,26021.40000000,0.76
1749261351,0.81000000,48366.90000000,0.76
1749261351,0.81100000,3478.10000000,0.76
1749261351,0.81200000,329.40000000,0.76
1749261351,0.81300000,1859.20000000,0.76
1749261351,0.81400000,242.50000000,0.76
1749261351,0.81500000,227.60000000,0.76
1749261351,0.81600000,329.50000000,0.76
1749261351,0.81700000,714.70000000,0.76
1749261351,0.81800000,103.60000000,0.76
1749261351,0.81900000,47.20000000,0.76
1749261351,0.82000000,376.60000000,0.76
1749261351,0.82100000,269.10000000,0.76
1749261351,0.82200000,34.10000000,0.76
1749261351,0.82300000,28.70000000,0.76
1749261351,0.82400000,1275.20000000,0.76
1749261351,0.82500000,110.00000000,0.76
1749261351,0.82600000,253.90000000,0.76
1749261351,0.82700000,13.30000000,0.76
1749261351,0.82800000,454.30000000,0.76
1749261351,0.82900000,644.80000000,0.76
1749261351,0.83000000,74.80000000,0.76
1749261351,0.83100000,13132.30000000,0.76
1749261351,0.83200000,32.40000000,0.76
1749261351,0.83300000,26.80000000,0.76
1749261351,0.83400000,27.20000000,0.76
1749261351,0.83500000,18.90000000,0.76
1749261351,0.83700000,7.90000000,0.76
1749261351,0.83800000,94.60000000,0.76
1749261351,0.83900000,162.10000000,0.76
1749261351,0.84000000,600.70000000,0.76
1749261351,0.84100000,274.40000000,0.76
1749261351,0.84200000,45.60000000,0.76
1749261351,0.84300000,28.40000000,0.76
1749261351,0.84400000,304.50000000,0.76
1749261351,0.84500000,1399.00000000,0.76
1749261351,0.84700000,9.60000000,0.76
1749261351,0.84800000,24.60000000,0.76
1749261351,0.84900000,363.10000000,0.76
1749261351,0.85000000,17634.20000000,0.76
1749261351,0.85200000,102.90000000,0.76
1749261351,0.85300000,6249.80000000,0.76
1749261351,0.85400000,87.80000000,0.76
1749261351,0.85500000,147.70000000,0.76
1749261351,0.85600000,15.30000000,0.76
1749261351,0.85700000,529.60000000,0.76
1749261351,0.85800000,17.40000000,0.76
1749261351,0.85900000,6.40000000,0.76
1749261351,0.86000000,266.80000000,0.76
1749261351,0.86100000,49.00000000,0.76
1749261351,0.86200000,7.90000000,0.76
1749261351,0.86300000,18.10000000,0.76
1749261653,0.75800000,4152.30000000,0.758
1749261653,0.75900000,20016.20000000,0.758
1749261653,0.76000000,18903.90000000,0.758
1749261653,0.76100000,16238.40000000,0.758
1749261653,0.76200000,12574.20000000,0.758
1749261653,0.76300000,8291.90000000,0.758
1749261653,0.76400000,5684.70000000,0.758
1749261653,0.76500000,4949.80000000,0.758
1749261653,0.76600000,1302.50000000,0.758
1749261653,0.76700000,2398.40000000,0.758
1749261653,0.76800000,4782.60000000,0.758
1749261653,0.76900000,903.20000000,0.758
1749261653,0.77000000,4445.30000000,0.758
1749261653,0.77100000,903.00000000,0.758
1749261653,0.77200000,4555.20000000,0.758
1749261653,0.77300000,997.30000000,0.758
1749261653,0.77400000,1404.50000000,0.758
1749261653,0.77500000,4295.90000000,0.758
1749261653,0.77600000,899.20000000,0.758
1749261653,0.77700000,4544.90000000,0.758
1749261653,0.77800000,949.90000000,0.758
1749261653,0.77900000,887.00000000,0.758
1749261653,0.78000000,6194.60000000,0.758
1749261653,0.78100000,922.40000000,0.758
1749261653,0.78200000,906.60000000,0.758
1749261653,0.78300000,913.20000000,0.758
1749261653,0.78400000,878.40000000,0.758
1749261653,0.78500000,1436.10000000,0.758
1749261653,0.78600000,907.20000000,0.758
1749261653,0.78700000,168.80000000,0.758
1749261653,0.78800000,73.60000000,0.758
1749261653,0.78900000,22.30000000,0.758
1749261653,0.79000000,9476.60000000,0.758
1749261653,0.79100000,9666.90000000,0.758
1749261653,0.79200000,83.40000000,0.758
1749261653,0.79300000,42.90000000,0.758
1749261653,0.79400000,13.50000000,0.758
1749261653,0.79500000,2126.50000000,0.758
1749261653,0.79600000,334.60000000,0.758
1749261653,0.79700000,28.90000000,0.758
1749261653,0.79800000,1543.20000000,0.758
1749261653,0.79900000,978.20000000,0.758
1749261653,0.80000000,12360.60000000,0.758
1749261653,0.80100000,10011.70000000,0.758
1749261653,0.80200000,40.20000000,0.758
1749261653,0.80300000,89.60000000,0.758
1749261653,0.80400000,25.90000000,0.758
1749261653,0.80500000,2055.30000000,0.758
1749261653,0.80600000,54.80000000,0.758
1749261653,0.80700000,165.30000000,0.758
1749261653,0.80800000,440.30000000,0.758
1749261653,0.80900000,26021.40000000,0.758
1749261653,0.81000000,48366.90000000,0.758
1749261653,0.81100000,3478.10000000,0.758
1749261653,0.81200000,329.40000000,0.758
1749261653,0.81300000,1859.20000000,0.758
1749261653,0.81400000,242.50000000,0.758
1749261653,0.81500000,227.60000000,0.758
1749261653,0.81600000,329.50000000,0.758
1749261653,0.81700000,714.70000000,0.758
1749261653,0.81800000,103.60000000,0.758
1749261653,0.81900000,47.20000000,0.758
1749261653,0.82000000,376.60000000,0.758
1749261653,0.82100000,269.10000000,0.758
1749261653,0.82200000,34.10000000,0.758
1749261653,0.82300000,28.70000000,0.758
1749261653,0.82400000,1275.20000000,0.758
1749261653,0.82500000,110.00000000,0.758
1749261653,0.82600000,253.90000000,0.758
1749261653,0.82700000,13.30000000,0.758
1749261653,0.82800000,454.30000000,0.758
1749261653,0.82900000,644.80000000,0.758
1749261653,0.83000000,74.80000000,0.758
1749261653,0.83100000,13119.00000000,0.758
1749261653,0.83200000,19.20000000,0.758
1749261653,0.83300000,13.60000000,0.758
1749261653,0.83400000,27.20000000,0.758
1749261653,0.83500000,18.90000000,0.758
1749261653,0.83700000,7.90000000,0.758
1749261653,0.83800000,94.60000000,0.758
1749261653,0.83900000,162.10000000,0.758
1749261653,0.84000000,600.70000000,0.758
1749261653,0.84100000,274.40000000,0.758
1749261653,0.84200000,45.60000000,0.758
1749261653,0.84300000,28.40000000,0.758
1749261653,0.84400000,304.50000000,0.758
1749261653,0.84500000,1399.00000000,0.758
1749261653,0.84700000,9.60000000,0.758
1749261653,0.84800000,24.60000000,0.758
1749261653,0.84900000,363.10000000,0.758
1749261653,0.85000000,17634.20000000,0.758
1749261653,0.85200000,102.90000000,0.758
1749261653,0.85300000,6249.80000000,0.758
1749261653,0.85400000,87.80000000,0.758
1749261653,0.85500000,147.70000000,0.758
1749261653,0.85600000,15.30000000,0.758
1749261653,0.85700000,529.60000000,0.758
1749261653,0.85800000,17.40000000,0.758
1749261653,0.85900000,6.40000000,0.758
1749261653,0.86000000,266.80000000,0.758
1749261960,0.75600000,10100.30000000,0.755
1749261960,0.75700000,52557.10000000,0.755
1749261960,0.75800000,38276.00000000,0.755
1749261960,0.75900000,11853.50000000,0.755
1749261960,0.76000000,7738.80000000,0.755
1749261960,0.76100000,4998.20000000,0.755
1749261960,0.76200000,9119.00000000,0.755
1749261960,0.76300000,5473.40000000,0.755
1749261960,0.76400000,1222.80000000,0.755
1749261960,0.76500000,1512.60000000,0.755
1749261960,0.76600000,3984.00000000,0.755
1749261960,0.76700000,1662.10000000,0.755
1749261960,0.76800000,956.80000000,0.755
1749261960,0.76900000,3978.40000000,0.755
1749261960,0.77000000,4903.30000000,0.755
1749261960,0.77100000,952.90000000,0.755
1749261960,0.77200000,969.70000000,0.755
1749261960,0.77300000,947.40000000,0.755
1749261960,0.77400000,3012.90000000,0.755
1749261960,0.77500000,4295.90000000,0.755
1749261960,0.77600000,899.20000000,0.755
1749261960,0.77700000,2887.70000000,0.755
1749261960,0.77800000,949.90000000,0.755
1749261960,0.77900000,887.00000000,0.755
1749261960,0.78000000,6194.60000000,0.755
1749261960,0.78100000,922.40000000,0.755
1749261960,0.78200000,936.70000000,0.755
1749261960,0.78300000,913.20000000,0.755
1749261960,0.78400000,23.40000000,0.755
1749261960,0.78500000,1436.10000000,0.755
1749261960,0.78600000,22.10000000,0.755
1749261960,0.78700000,1023.80000000,0.755
1749261960,0.78800000,73.60000000,0.755
1749261960,0.78900000,22.30000000,0.755
1749261960,0.79000000,9476.60000000,0.755
1749261960,0.79100000,9666.90000000,0.755
1749261960,0.79200000,83.40000000,0.755
1749261960,0.79300000,42.90000000,0.755
1749261960,0.79400000,13.50000000,0.755
1749261960,0.79500000,2126.50000000,0.755
1749261960,0.79600000,334.60000000,0.755
1749261960,0.79700000,28.90000000,0.755
1749261960,0.79800000,1543.20000000,0.755
1749261960,0.79900000,1221.30000000,0.755
1749261960,0.80000000,12360.60000000,0.755
1749261960,0.80100000,10011.70000000,0.755
1749261960,0.80200000,40.20000000,0.755
1749261960,0.80300000,89.60000000,0.755
1749261960,0.80400000,25.90000000,0.755
1749261960,0.80500000,2055.30000000,0.755
1749261960,0.80600000,54.80000000,0.755
1749261960,0.80700000,35.30000000,0.755
1749261960,0.80800000,704.10000000,0.755
1749261960,0.80900000,26021.40000000,0.755
1749261960,0.81000000,48366.90000000,0.755
1749261960,0.81100000,3478.10000000,0.755
1749261960,0.81200000,329.40000000,0.755
1749261960,0.81300000,1859.20000000,0.755
1749261960,0.81400000,242.50000000,0.755
1749261960,0.81500000,227.60000000,0.755
1749261960,0.81600000,329.50000000,0.755
1749261960,0.81700000,714.70000000,0.755
1749261960,0.81800000,103.60000000,0.755
1749261960,0.81900000,47.20000000,0.755
1749261960,0.82000000,376.60000000,0.755
1749261960,0.82100000,269.10000000,0.755
1749261960,0.82200000,34.10000000,0.755
1749261960,0.82300000,28.70000000,0.755
1749261960,0.82400000,1275.20000000,0.755
1749261960,0.82500000,110.00000000,0.755
1749261960,0.82600000,253.90000000,0.755
1749261960,0.82700000,13.30000000,0.755
1749261960,0.82800000,454.30000000,0.755
1749261960,0.82900000,631.50000000,0.755
1749261960,0.83000000,61.50000000,0.755
1749261960,0.83100000,13119.00000000,0.755
1749261960,0.83200000,19.20000000,0.755
1749261960,0.83300000,13.60000000,0.755
1749261960,0.83400000,27.20000000,0.755
1749261960,0.83500000,18.90000000,0.755
1749261960,0.83700000,7.90000000,0.755
1749261960,0.83800000,94.60000000,0.755
1749261960,0.83900000,162.10000000,0.755
1749261960,0.84000000,600.70000000,0.755
1749261960,0.84100000,274.40000000,0.755
1749261960,0.84200000,45.60000000,0.755
1749261960,0.84300000,28.40000000,0.755
1749261960,0.84400000,304.50000000,0.755
1749261960,0.84500000,1399.00000000,0.755
1749261960,0.84700000,9.60000000,0.755
1749261960,0.84800000,24.60000000,0.755
1749261960,0.84900000,363.10000000,0.755
1749261960,0.85000000,17634.20000000,0.755
1749261960,0.85200000,102.90000000,0.755
1749261960,0.85300000,6249.80000000,0.755
1749261960,0.85400000,87.80000000,0.755
1749261960,0.85500000,147.70000000,0.755
1749261960,0.85600000,15.30000000,0.755
1749261960,0.85700000,529.60000000,0.755
1749261960,0.85800000,17.40000000,0.755
1749262261,0.75800000,16821.20000000,0.757
1749262261,0.75900000,53961.20000000,0.757
1749262261,0.76000000,22407.90000000,0.757
1749262261,0.76100000,10294.70000000,0.757
1749262261,0.76200000,6874.10000000,0.757
1749262261,0.76300000,3067.60000000,0.757
1749262261,0.76400000,3389.90000000,0.757
1749262261,0.76500000,1530.70000000,0.757
1749262261,0.76600000,3984.00000000,0.757
1749262261,0.76700000,1662.10000000,0.757
1749262261,0.76800000,977.60000000,0.757
1749262261,0.76900000,3978.40000000,0.757
1749262261,0.77000000,4247.60000000,0.757
1749262261,0.77100000,952.90000000,0.757
1749262261,0.77200000,969.70000000,0.757
1749262261,0.77300000,947.40000000,0.757
1749262261,0.77400000,3012.90000000,0.757
1749262261,0.77500000,4295.90000000,0.757
1749262261,0.77600000,899.20000000,0.757
1749262261,0.77700000,2887.70000000,0.757
1749262261,0.77800000,949.90000000,0.757
1749262261,0.77900000,887.00000000,0.757
1749262261,0.78000000,6194.60000000,0.757
1749262261,0.78100000,922.40000000,0.757
1749262261,0.78200000,936.70000000,0.757
1749262261,0.78300000,913.20000000,0.757
1749262261,0.78400000,23.40000000,0.757
1749262261,0.78500000,1436.10000000,0.757
1749262261,0.78600000,124.90000000,0.757
1749262261,0.78700000,921.00000000,0.757
1749262261,0.78800000,73.60000000,0.757
1749262261,0.78900000,1200.40000000,0.757
1749262261,0.79000000,10331.60000000,0.757
1749262261,0.79100000,9666.90000000,0.757
1749262261,0.79200000,83.40000000,0.757
1749262261,0.79300000,42.90000000,0.757
1749262261,0.79400000,13.50000000,0.757
1749262261,0.79500000,2126.50000000,0.757
1749262261,0.79600000,334.60000000,0.757
1749262261,0.79700000,28.90000000,0.757
1749262261,0.79800000,1543.20000000,0.757
1749262261,0.79900000,1221.30000000,0.757
1749262261,0.80000000,12360.60000000,0.757
1749262261,0.80100000,10011.70000000,0.757
1749262261,0.80200000,40.20000000,0.757
1749262261,0.80300000,89.60000000,0.757
1749262261,0.80400000,25.90000000,0.757
1749262261,0.80500000,2055.30000000,0.757
1749262261,0.80600000,54.80000000,0.757
1749262261,0.80700000,35.30000000,0.757
1749262261,0.80800000,704.10000000,0.757
1749262261,0.80900000,26021.40000000,0.757
1749262261,0.81000000,48366.90000000,0.757
1749262261,0.81100000,3478.10000000,0.757
1749262261,0.81200000,329.40000000,0.757
1749262261,0.81300000,1859.20000000,0.757
1749262261,0.81400000,242.50000000,0.757
1749262261,0.81500000,227.60000000,0.757
1749262261,0.81600000,329.50000000,0.757
1749262261,0.81700000,714.70000000,0.757
1749262261,0.81800000,103.60000000,0.757
1749262261,0.81900000,47.20000000,0.757
1749262261,0.82000000,376.60000000,0.757
1749262261,0.82100000,269.10000000,0.757
1749262261,0.82200000,34.10000000,0.757
1749262261,0.82300000,28.70000000,0.757
1749262261,0.82400000,1275.20000000,0.757
1749262261,0.82500000,110.00000000,0.757
1749262261,0.82600000,253.90000000,0.757
1749262261,0.82700000,13.30000000,0.757
1749262261,0.82800000,454.30000000,0.757
1749262261,0.82900000,644.80000000,0.757
1749262261,0.83000000,74.80000000,0.757
1749262261,0.83100000,13119.00000000,0.757
1749262261,0.83200000,19.20000000,0.757
1749262261,0.83300000,13.60000000,0.757
1749262261,0.83400000,27.20000000,0.757
1749262261,0.83500000,18.90000000,0.757
1749262261,0.83700000,7.90000000,0.757
1749262261,0.83800000,94.60000000,0.757
1749262261,0.83900000,162.10000000,0.757
1749262261,0.84000000,600.70000000,0.757
1749262261,0.84100000,274.40000000,0.757
1749262261,0.84200000,45.60000000,0.757
1749262261,0.84300000,28.40000000,0.757
1749262261,0.84400000,304.50000000,0.757
1749262261,0.84500000,1399.00000000,0.757
1749262261,0.84700000,9.60000000,0.757
1749262261,0.84800000,24.60000000,0.757
1749262261,0.84900000,363.10000000,0.757
1749262261,0.85000000,17634.20000000,0.757
1749262261,0.85200000,102.90000000,0.757
1749262261,0.85300000,6249.80000000,0.757
1749262261,0.85400000,87.80000000,0.757
1749262261,0.85500000,147.70000000,0.757
1749262261,0.85600000,15.30000000,0.757
1749262261,0.85700000,529.60000000,0.757
1749262261,0.85800000,17.40000000,0.757
1749262261,0.85900000,6.40000000,0.757
1749262261,0.86000000,266.80000000,0.757
1749262563,0.75800000,14071.30000000,0.757
1749262563,0.75900000,49940.90000000,0.757
1749262563,0.76000000,28379.00000000,0.757
1749262563,0.76100000,10731.60000000,0.757
1749262563,0.76200000,5812.90000000,0.757
1749262563,0.76300000,4126.60000000,0.757
1749262563,0.76400000,3557.70000000,0.757
1749262563,0.76500000,1530.70000000,0.757
1749262563,0.76600000,3984.00000000,0.757
1749262563,0.76700000,1662.10000000,0.757
1749262563,0.76800000,977.60000000,0.757
1749262563,0.76900000,3978.40000000,0.757
1749262563,0.77000000,3688.50000000,0.757
1749262563,0.77100000,952.90000000,0.757
1749262563,0.77200000,1528.80000000,0.757
1749262563,0.77300000,940.90000000,0.757
1749262563,0.77400000,1680.10000000,0.757
1749262563,0.77500000,4295.90000000,0.757
1749262563,0.77600000,2232.00000000,0.757
1749262563,0.77700000,2887.70000000,0.757
1749262563,0.77800000,949.90000000,0.757
1749262563,0.77900000,887.00000000,0.757
1749262563,0.78000000,6194.60000000,0.757
1749262563,0.78100000,922.40000000,0.757
1749262563,0.78200000,906.60000000,0.757
1749262563,0.78300000,943.30000000,0.757
1749262563,0.78400000,23.40000000,0.757
1749262563,0.78500000,1538.90000000,0.757
1749262563,0.78600000,22.10000000,0.757
1749262563,0.78700000,921.00000000,0.757
1749262563,0.78800000,73.60000000,0.757
1749262563,0.78900000,1200.40000000,0.757
1749262563,0.79000000,10331.60000000,0.757
1749262563,0.79100000,10521.90000000,0.757
1749262563,0.79200000,83.40000000,0.757
1749262563,0.79300000,42.90000000,0.757
1749262563,0.79400000,13.50000000,0.757
1749262563,0.79500000,2126.50000000,0.757
1749262563,0.79600000,334.60000000,0.757
1749262563,0.79700000,28.90000000,0.757
1749262563,0.79800000,1543.20000000,0.757
1749262563,0.79900000,1407.60000000,0.757
1749262563,0.80000000,12360.60000000,0.757
1749262563,0.80100000,10011.70000000,0.757
1749262563,0.80200000,40.20000000,0.757
1749262563,0.80300000,89.60000000,0.757
1749262563,0.80400000,25.90000000,0.757
1749262563,0.80500000,2055.30000000,0.757
1749262563,0.80600000,54.80000000,0.757
1749262563,0.80700000,35.30000000,0.757
1749262563,0.80800000,517.80000000,0.757
1749262563,0.80900000,26021.40000000,0.757
1749262563,0.81000000,48366.90000000,0.757
1749262563,0.81100000,3478.10000000,0.757
1749262563,0.81200000,329.40000000,0.757
1749262563,0.81300000,1859.20000000,0.757
1749262563,0.81400000,242.50000000,0.757
1749262563,0.81500000,227.60000000,0.757
1749262563,0.81600000,329.50000000,0.757
1749262563,0.81700000,714.70000000,0.757
1749262563,0.81800000,103.60000000,0.757
1749262563,0.81900000,47.20000000,0.757
1749262563,0.82000000,376.60000000,0.757
1749262563,0.82100000,269.10000000,0.757
1749262563,0.82200000,34.10000000,0.757
1749262563,0.82300000,28.70000000,0.757
1749262563,0.82400000,1275.20000000,0.757
1749262563,0.82500000,110.00000000,0.757
1749262563,0.82600000,253.90000000,0.757
1749262563,0.82700000,13.30000000,0.757
1749262563,0.82800000,454.30000000,0.757
1749262563,0.82900000,644.80000000,0.757
1749262563,0.83000000,74.80000000,0.757
1749262563,0.83100000,13119.00000000,0.757
1749262563,0.83200000,19.20000000,0.757
1749262563,0.83300000,13.60000000,0.757
1749262563,0.83400000,27.20000000,0.757
1749262563,0.83500000,18.90000000,0.757
1749262563,0.83700000,7.90000000,0.757
1749262563,0.83800000,94.60000000,0.757
1749262563,0.83900000,162.10000000,0.757
1749262563,0.84000000,600.70000000,0.757
1749262563,0.84100000,274.40000000,0.757
1749262563,0.84200000,45.60000000,0.757
1749262563,0.84300000,28.40000000,0.757
1749262563,0.84400000,304.50000000,0.757
1749262563,0.84500000,1399.00000000,0.757
1749262563,0.84700000,9.60000000,0.757
1749262563,0.84800000,24.60000000,0.757
1749262563,0.84900000,363.10000000,0.757
1749262563,0.85000000,17634.20000000,0.757
1749262563,0.85200000,102.90000000,0.757
1749262563,0.85300000,6249.80000000,0.757
1749262563,0.85400000,87.80000000,0.757
1749262563,0.85500000,147.70000000,0.757
1749262563,0.85600000,15.30000000,0.757
1749262563,0.85700000,529.60000000,0.757
1749262563,0.85800000,17.40000000,0.757
1749262563,0.85900000,6.40000000,0.757
1749262563,0.86000000,266.80000000,0.757
1749262872,0.75800000,3218.10000000,0.757
1749262872,0.75900000,43234.80000000,0.757
1749262872,0.76000000,53009.10000000,0.757
1749262872,0.76100000,14746.10000000,0.757
1749262872,0.76200000,5812.90000000,0.757
1749262872,0.76300000,2809.90000000,0.757
1749262872,0.76400000,3747.90000000,0.757
1749262872,0.76500000,3028.70000000,0.757
1749262872,0.76600000,887.90000000,0.757
1749262872,0.76700000,1662.10000000,0.757
1749262872,0.76800000,4024.20000000,0.757
1749262872,0.76900000,903.20000000,0.757
1749262872,0.77000000,3738.00000000,0.757
1749262872,0.77100000,3978.20000000,0.757
1749262872,0.77200000,1528.80000000,0.757
1749262872,0.77300000,990.80000000,0.757
1749262872,0.77400000,1355.70000000,0.757
1749262872,0.77500000,4295.90000000,0.757
1749262872,0.77600000,2556.40000000,0.757
1749262872,0.77700000,2232.00000000,0.757
1749262872,0.77800000,949.90000000,0.757
1749262872,0.77900000,887.00000000,0.757
1749262872,0.78000000,6194.60000000,0.757
1749262872,0.78100000,922.40000000,0.757
1749262872,0.78200000,906.60000000,0.757
1749262872,0.78300000,943.30000000,0.757
1749262872,0.78400000,126.20000000,0.757
1749262872,0.78500000,1436.10000000,0.757
1749262872,0.78600000,22.10000000,0.757
1749262872,0.78700000,921.00000000,0.757
1749262872,0.78800000,73.60000000,0.757
1749262872,0.78900000,1200.40000000,0.757
1749262872,0.79000000,10331.60000000,0.757
1749262872,0.79100000,10521.90000000,0.757
1749262872,0.79200000,83.40000000,0.757
1749262872,0.79300000,897.90000000,0.757
1749262872,0.79400000,13.50000000,0.757
1749262872,0.79500000,2981.50000000,0.757
1749262872,0.79600000,334.60000000,0.757
1749262872,0.79700000,28.90000000,0.757
1749262872,0.79800000,1543.20000000,0.757
1749262872,0.79900000,1013.80000000,0.757
1749262872,0.80000000,9923.60000000,0.757
1749262872,0.80100000,10011.70000000,0.757
1749262872,0.80200000,40.20000000,0.757
1749262872,0.80300000,89.60000000,0.757
1749262872,0.80400000,25.90000000,0.757
1749262872,0.80500000,2055.30000000,0.757
1749262872,0.80600000,54.80000000,0.757
1749262872,0.80700000,35.30000000,0.757
1749262872,0.80800000,911.60000000,0.757
1749262872,0.80900000,26021.40000000,0.757
1749262872,0.81000000,48366.90000000,0.757
1749262872,0.81100000,3478.10000000,0.757
1749262872,0.81200000,329.40000000,0.757
1749262872,0.81300000,1859.20000000,0.757
1749262872,0.81400000,242.50000000,0.757
1749262872,0.81500000,227.60000000,0.757
1749262872,0.81600000,329.50000000,0.757
1749262872,0.81700000,714.70000000,0.757
1749262872,0.81800000,103.60000000,0.757
1749262872,0.81900000,47.20000000,0.757
1749262872,0.82000000,376.60000000,0.757
1749262872,0.82100000,269.10000000,0.757
1749262872,0.82200000,34.10000000,0.757
1749262872,0.82300000,28.70000000,0.757
1749262872,0.82400000,1275.20000000,0.757
1749262872,0.82500000,110.00000000,0.757
1749262872,0.82600000,253.90000000,0.757
1749262872,0.82700000,13.30000000,0.757
1749262872,0.82800000,454.30000000,0.757
1749262872,0.82900000,644.80000000,0.757
1749262872,0.83000000,74.80000000,0.757
1749262872,0.83100000,13119.00000000,0.757
1749262872,0.83200000,19.20000000,0.757
1749262872,0.83300000,13.60000000,0.757
1749262872,0.83400000,27.20000000,0.757
1749262872,0.83500000,18.90000000,0.757
1749262872,0.83700000,7.90000000,0.757
1749262872,0.83800000,94.60000000,0.757
1749262872,0.83900000,162.10000000,0.757
1749262872,0.84000000,600.70000000,0.757
1749262872,0.84100000,274.40000000,0.757
1749262872,0.84200000,45.60000000,0.757
1749262872,0.84300000,28.40000000,0.757
1749262872,0.84400000,304.50000000,0.757
1749262872,0.84500000,1399.00000000,0.757
1749262872,0.84700000,9.60000000,0.757
1749262872,0.84800000,24.60000000,0.757
1749262872,0.84900000,363.10000000,0.757
1749262872,0.85000000,17634.20000000,0.757
1749262872,0.85200000,102.90000000,0.757
1749262872,0.85300000,6249.80000000,0.757
1749262872,0.85400000,87.80000000,0.757
1749262872,0.85500000,147.70000000,0.757
1749262872,0.85600000,15.30000000,0.757
1749262872,0.85700000,529.60000000,0.757
1749262872,0.85800000,17.40000000,0.757
1749262872,0.85900000,6.40000000,0.757
1749262872,0.86000000,266.80000000,0.757
1749263174,0.76000000,2979.70000000,0.759
1749263174,0.76100000,48865.50000000,0.759
1749263174,0.76200000,40723.60000000,0.759
1749263174,0.76300000,11103.30000000,0.759
1749263174,0.76400000,6371.80000000,0.759
1749263174,0.76500000,4083.40000000,0.759
1749263174,0.76600000,1528.50000000,0.759
1749263174,0.76700000,3209.80000000,0.759
1749263174,0.76800000,3972.60000000,0.759
1749263174,0.76900000,903.20000000,0.759
1749263174,0.77000000,3133.90000000,0.759
1749263174,0.77100000,3978.20000000,0.759
1749263174,0.77200000,1480.00000000,0.759
1749263174,0.77300000,990.80000000,0.759
1749263174,0.77400000,1404.50000000,0.759
1749263174,0.77500000,4295.90000000,0.759
1749263174,0.77600000,2556.40000000,0.759
1749263174,0.77700000,2232.00000000,0.759
1749263174,0.77800000,949.90000000,0.759
1749263174,0.77900000,887.00000000,0.759
1749263174,0.78000000,6194.60000000,0.759
1749263174,0.78100000,922.40000000,0.759
1749263174,0.78200000,906.60000000,0.759
1749263174,0.78300000,943.30000000,0.759
1749263174,0.78400000,981.20000000,0.759
1749263174,0.78500000,1436.10000000,0.759
1749263174,0.78600000,22.10000000,0.759
1749263174,0.78700000,921.00000000,0.759
1749263174,0.78800000,73.60000000,0.759
1749263174,0.78900000,1200.40000000,0.759
1749263174,0.79000000,10331.60000000,0.759
1749263174,0.79100000,10521.90000000,0.759
1749263174,0.79200000,83.40000000,0.759
1749263174,0.79300000,897.90000000,0.759
1749263174,0.79400000,13.50000000,0.759
1749263174,0.79500000,2126.50000000,0.759
1749263174,0.79600000,334.60000000,0.759
1749263174,0.79700000,28.90000000,0.759
1749263174,0.79800000,1543.20000000,0.759
1749263174,0.79900000,470.20000000,0.759
1749263174,0.80000000,9923.60000000,0.759
1749263174,0.80100000,10011.70000000,0.759
1749263174,0.80200000,40.20000000,0.759
1749263174,0.80300000,89.60000000,0.759
1749263174,0.80400000,25.90000000,0.759
1749263174,0.80500000,2055.30000000,0.759
1749263174,0.80600000,54.80000000,0.759
1749263174,0.80700000,35.30000000,0.759
1749263174,0.80800000,1455.20000000,0.759
1749263174,0.80900000,26021.40000000,0.759
1749263174,0.81000000,48366.90000000,0.759
1749263174,0.81100000,3478.10000000,0.759
1749263174,0.81200000,329.40000000,0.759
1749263174,0.81300000,1859.20000000,0.759
1749263174,0.81400000,242.50000000,0.759
1749263174,0.81500000,227.60000000,0.759
1749263174,0.81600000,329.50000000,0.759
1749263174,0.81700000,714.70000000,0.759
1749263174,0.81800000,103.60000000,0.759
1749263174,0.81900000,47.20000000,0.759
1749263174,0.82000000,376.60000000,0.759
1749263174,0.82100000,269.10000000,0.759
1749263174,0.82200000,34.10000000,0.759
1749263174,0.82300000,28.70000000,0.759
1749263174,0.82400000,1275.20000000,0.759
1749263174,0.82500000,110.00000000,0.759
1749263174,0.82600000,253.90000000,0.759
1749263174,0.82700000,13.30000000,0.759
1749263174,0.82800000,454.30000000,0.759
1749263174,0.82900000,644.80000000,0.759
1749263174,0.83000000,74.80000000,0.759
1749263174,0.83100000,13132.30000000,0.759
1749263174,0.83200000,32.40000000,0.759
1749263174,0.83300000,13.60000000,0.759
1749263174,0.83400000,27.20000000,0.759
1749263174,0.83500000,18.90000000,0.759
1749263174,0.83700000,7.90000000,0.759
1749263174,0.83800000,94.60000000,0.759
1749263174,0.83900000,162.10000000,0.759
1749263174,0.84000000,600.70000000,0.759
1749263174,0.84100000,274.40000000,0.759
1749263174,0.84200000,45.60000000,0.759
1749263174,0.84300000,28.40000000,0.759
1749263174,0.84400000,304.50000000,0.759
1749263174,0.84500000,1399.00000000,0.759
1749263174,0.84700000,9.60000000,0.759
1749263174,0.84800000,24.60000000,0.759
1749263174,0.84900000,363.10000000,0.759
1749263174,0.85000000,17634.20000000,0.759
1749263174,0.85200000,102.90000000,0.759
1749263174,0.85300000,6249.80000000,0.759
1749263174,0.85400000,87.80000000,0.759
1749263174,0.85500000,147.70000000,0.759
1749263174,0.85600000,15.30000000,0.759
1749263174,0.85700000,529.60000000,0.759
1749263174,0.85800000,17.40000000,0.759
1749263174,0.85900000,6.40000000,0.759
1749263174,0.86000000,266.80000000,0.759
1749263174,0.86100000,49.00000000,0.759
1749263174,0.86200000,7.90000000,0.759
1749263480,0.75900000,13825.10000000,0.758
1749263480,0.76000000,48220.10000000,0.758
1749263480,0.76100000,34858.90000000,0.758
1749263480,0.76200000,18454.10000000,0.758
1749263480,0.76300000,9270.10000000,0.758
1749263480,0.76400000,3744.80000000,0.758
1749263480,0.76500000,4083.40000000,0.758
1749263480,0.76600000,1528.50000000,0.758
1749263480,0.76700000,3209.80000000,0.758
1749263480,0.76800000,3972.60000000,0.758
1749263480,0.76900000,903.20000000,0.758
1749263480,0.77000000,3133.90000000,0.758
1749263480,0.77100000,3978.20000000,0.758
1749263480,0.77200000,1480.00000000,0.758
1749263480,0.77300000,990.80000000,0.758
1749263480,0.77400000,1404.50000000,0.758
1749263480,0.77500000,4295.90000000,0.758
1749263480,0.77600000,2556.40000000,0.758
1749263480,0.77700000,2232.00000000,0.758
1749263480,0.77800000,949.90000000,0.758
1749263480,0.77900000,887.00000000,0.758
1749263480,0.78000000,6194.60000000,0.758
1749263480,0.78100000,922.40000000,0.758
1749263480,0.78200000,906.60000000,0.758
1749263480,0.78300000,913.20000000,0.758
1749263480,0.78400000,1011.30000000,0.758
1749263480,0.78500000,1436.10000000,0.758
1749263480,0.78600000,22.10000000,0.758
1749263480,0.78700000,921.00000000,0.758
1749263480,0.78800000,73.60000000,0.758
1749263480,0.78900000,1200.40000000,0.758
1749263480,0.79000000,10331.60000000,0.758
1749263480,0.79100000,10521.90000000,0.758
1749263480,0.79200000,83.40000000,0.758
1749263480,0.79300000,897.90000000,0.758
1749263480,0.79400000,13.50000000,0.758
1749263480,0.79500000,2126.50000000,0.758
1749263480,0.79600000,334.60000000,0.758
1749263480,0.79700000,28.90000000,0.758
1749263480,0.79800000,1543.20000000,0.758
1749263480,0.79900000,470.20000000,0.758
1749263480,0.80000000,9923.60000000,0.758
1749263480,0.80100000,10011.70000000,0.758
1749263480,0.80200000,40.20000000,0.758
1749263480,0.80300000,89.60000000,0.758
1749263480,0.80400000,25.90000000,0.758
1749263480,0.80500000,2055.30000000,0.758
1749263480,0.80600000,54.80000000,0.758
1749263480,0.80700000,35.30000000,0.758
1749263480,0.80800000,1455.20000000,0.758
1749263480,0.80900000,26021.40000000,0.758
1749263480,0.81000000,48366.90000000,0.758
1749263480,0.81100000,3478.10000000,0.758
1749263480,0.81200000,329.40000000,0.758
1749263480,0.81300000,1859.20000000,0.758
1749263480,0.81400000,242.50000000,0.758
1749263480,0.81500000,256.30000000,0.758
1749263480,0.81600000,329.50000000,0.758
1749263480,0.81700000,714.70000000,0.758
1749263480,0.81800000,103.60000000,0.758
1749263480,0.81900000,47.20000000,0.758
1749263480,0.82000000,376.60000000,0.758
1749263480,0.82100000,269.10000000,0.758
1749263480,0.82200000,34.10000000,0.758
1749263480,0.82300000,28.70000000,0.758
1749263480,0.82400000,1275.20000000,0.758
1749263480,0.82500000,110.00000000,0.758
1749263480,0.82600000,253.90000000,0.758
1749263480,0.82700000,13.30000000,0.758
1749263480,0.82800000,454.30000000,0.758
1749263480,0.82900000,644.80000000,0.758
1749263480,0.83000000,74.80000000,0.758
1749263480,0.83100000,13132.30000000,0.758
1749263480,0.83200000,19.20000000,0.758
1749263480,0.83300000,13.60000000,0.758
1749263480,0.83400000,27.20000000,0.758
1749263480,0.83500000,18.90000000,0.758
1749263480,0.83700000,7.90000000,0.758
1749263480,0.83800000,94.60000000,0.758
1749263480,0.83900000,162.10000000,0.758
1749263480,0.84000000,600.70000000,0.758
1749263480,0.84100000,274.40000000,0.758
1749263480,0.84200000,45.60000000,0.758
1749263480,0.84300000,28.40000000,0.758
1749263480,0.84400000,304.50000000,0.758
1749263480,0.84500000,1399.00000000,0.758
1749263480,0.84700000,9.60000000,0.758
1749263480,0.84800000,24.60000000,0.758
1749263480,0.84900000,363.10000000,0.758
1749263480,0.85000000,17634.20000000,0.758
1749263480,0.85200000,102.90000000,0.758
1749263480,0.85300000,6249.80000000,0.758
1749263480,0.85400000,87.80000000,0.758
1749263480,0.85500000,147.70000000,0.758
1749263480,0.85600000,15.30000000,0.758
1749263480,0.85700000,529.60000000,0.758
1749263480,0.85800000,17.40000000,0.758
1749263480,0.85900000,6.40000000,0.758
1749263480,0.86000000,266.80000000,0.758
1749263480,0.86100000,49.00000000,0.758
1749263787,0.76300000,31598.30000000,0.762
1749263787,0.76400000,51986.70000000,0.762
1749263787,0.76500000,8305.90000000,0.762
1749263787,0.76600000,8765.80000000,0.762
1749263787,0.76700000,5163.90000000,0.762
1749263787,0.76800000,1393.20000000,0.762
1749263787,0.76900000,3369.20000000,0.762
1749263787,0.77000000,7225.70000000,0.762
1749263787,0.77100000,903.00000000,0.762
1749263787,0.77200000,911.80000000,0.762
1749263787,0.77300000,4016.10000000,0.762
1749263787,0.77400000,1456.80000000,0.762
1749263787,0.77500000,4295.90000000,0.762
1749263787,0.77600000,1458.30000000,0.762
1749263787,0.77700000,2269.00000000,0.762
1749263787,0.77800000,1323.10000000,0.762
1749263787,0.77900000,887.00000000,0.762
1749263787,0.78000000,7527.40000000,0.762
1749263787,0.78100000,922.40000000,0.762
1749263787,0.78200000,906.60000000,0.762
1749263787,0.78300000,900.40000000,0.762
1749263787,0.78400000,908.50000000,0.762
1749263787,0.78500000,1538.90000000,0.762
1749263787,0.78600000,22.10000000,0.762
1749263787,0.78700000,910.80000000,0.762
1749263787,0.78800000,73.60000000,0.762
1749263787,0.78900000,1200.40000000,0.762
1749263787,0.79000000,10331.60000000,0.762
1749263787,0.79100000,10521.90000000,0.762
1749263787,0.79200000,83.40000000,0.762
1749263787,0.79300000,897.90000000,0.762
1749263787,0.79400000,13.50000000,0.762
1749263787,0.79500000,2981.50000000,0.762
1749263787,0.79600000,1486.10000000,0.762
1749263787,0.79700000,28.90000000,0.762
1749263787,0.79800000,2398.20000000,0.762
1749263787,0.79900000,470.20000000,0.762
1749263787,0.80000000,9923.60000000,0.762
1749263787,0.80100000,10011.70000000,0.762
1749263787,0.80200000,40.20000000,0.762
1749263787,0.80300000,89.60000000,0.762
1749263787,0.80400000,25.90000000,0.762
1749263787,0.80500000,2055.30000000,0.762
1749263787,0.80600000,54.80000000,0.762
1749263787,0.80700000,35.30000000,0.762
1749263787,0.80800000,1455.20000000,0.762
1749263787,0.80900000,26021.40000000,0.762
1749263787,0.81000000,48366.90000000,0.762
1749263787,0.81100000,3478.10000000,0.762
1749263787,0.81200000,329.40000000,0.762
1749263787,0.81300000,1859.20000000,0.762
1749263787,0.81400000,242.50000000,0.762
1749263787,0.81500000,256.30000000,0.762
1749263787,0.81600000,329.50000000,0.762
1749263787,0.81700000,714.70000000,0.762
1749263787,0.81800000,103.60000000,0.762
1749263787,0.81900000,47.20000000,0.762
1749263787,0.82000000,376.60000000,0.762
1749263787,0.82100000,269.10000000,0.762
1749263787,0.82200000,34.10000000,0.762
1749263787,0.82300000,28.70000000,0.762
1749263787,0.82400000,1275.20000000,0.762
1749263787,0.82500000,110.00000000,0.762
1749263787,0.82600000,253.90000000,0.762
1749263787,0.82700000,13.30000000,0.762
1749263787,0.82800000,454.30000000,0.762
1749263787,0.82900000,644.80000000,0.762
1749263787,0.83000000,74.80000000,0.762
1749263787,0.83100000,13132.30000000,0.762
1749263787,0.83200000,32.40000000,0.762
1749263787,0.83300000,26.80000000,0.762
1749263787,0.83400000,40.40000000,0.762
1749263787,0.83500000,32.10000000,0.762
1749263787,0.83700000,7.90000000,0.762
1749263787,0.83800000,94.60000000,0.762
1749263787,0.83900000,162.10000000,0.762
1749263787,0.84000000,600.70000000,0.762
1749263787,0.84100000,274.40000000,0.762
1749263787,0.84200000,45.60000000,0.762
1749263787,0.84300000,28.40000000,0.762
1749263787,0.84400000,304.50000000,0.762
1749263787,0.84500000,1399.00000000,0.762
1749263787,0.84700000,9.60000000,0.762
1749263787,0.84800000,24.60000000,0.762
1749263787,0.84900000,363.10000000,0.762
1749263787,0.85000000,17634.20000000,0.762
1749263787,0.85200000,102.90000000,0.762
1749263787,0.85300000,6249.80000000,0.762
1749263787,0.85400000,87.80000000,0.762
1749263787,0.85500000,147.70000000,0.762
1749263787,0.85600000,15.30000000,0.762
1749263787,0.85700000,529.60000000,0.762
1749263787,0.85800000,17.40000000,0.762
1749263787,0.85900000,6.40000000,0.762
1749263787,0.86000000,266.80000000,0.762
1749263787,0.86100000,49.00000000,0.762
1749263787,0.86200000,7.90000000,0.762
1749263787,0.86300000,18.10000000,0.762
1749263787,0.86400000,55.20000000,0.762
1749263787,0.86500000,668.80000000,0.762
1749264088,0.76200000,2685.20000000,0.762
1749264088,0.76300000,45621.70000000,0.762
1749264088,0.76400000,38908.60000000,0.762
1749264088,0.76500000,17136.10000000,0.762
1749264088,0.76600000,12529.40000000,0.762
1749264088,0.76700000,7603.40000000,0.762
1749264088,0.76800000,4564.00000000,0.762
1749264088,0.76900000,1687.60000000,0.762
1749264088,0.77000000,5659.70000000,0.762
1749264088,0.77100000,1792.20000000,0.762
1749264088,0.77200000,3452.10000000,0.762
1749264088,0.77300000,940.90000000,0.762
1749264088,0.77400000,1456.80000000,0.762
1749264088,0.77500000,7371.10000000,0.762
1749264088,0.77600000,1458.30000000,0.762
1749264088,0.77700000,2269.00000000,0.762
1749264088,0.77800000,998.70000000,0.762
1749264088,0.77900000,887.00000000,0.762
1749264088,0.78000000,7851.80000000,0.762
1749264088,0.78100000,922.40000000,0.762
1749264088,0.78200000,906.60000000,0.762
1749264088,0.78300000,900.40000000,0.762
1749264088,0.78400000,878.40000000,0.762
1749264088,0.78500000,1436.10000000,0.762
1749264088,0.78600000,124.90000000,0.762
1749264088,0.78700000,910.80000000,0.762
1749264088,0.78800000,73.60000000,0.762
1749264088,0.78900000,1200.40000000,0.762
1749264088,0.79000000,10361.70000000,0.762
1749264088,0.79100000,10521.90000000,0.762
1749264088,0.79200000,83.40000000,0.762
1749264088,0.79300000,897.90000000,0.762
1749264088,0.79400000,13.50000000,0.762
1749264088,0.79500000,2981.50000000,0.762
1749264088,0.79600000,1486.10000000,0.762
1749264088,0.79700000,28.90000000,0.762
1749264088,0.79800000,2398.20000000,0.762
1749264088,0.79900000,1325.20000000,0.762
1749264088,0.80000000,10778.60000000,0.762
1749264088,0.80100000,10011.70000000,0.762
1749264088,0.80200000,40.20000000,0.762
1749264088,0.80300000,89.60000000,0.762
1749264088,0.80400000,25.90000000,0.762
1749264088,0.80500000,2055.30000000,0.762
1749264088,0.80600000,54.80000000,0.762
1749264088,0.80700000,35.30000000,0.762
1749264088,0.80800000,1191.40000000,0.762
1749264088,0.80900000,26021.40000000,0.762
1749264088,0.81000000,48366.90000000,0.762
1749264088,0.81100000,3478.10000000,0.762
1749264088,0.81200000,329.40000000,0.762
1749264088,0.81300000,1859.20000000,0.762
1749264088,0.81400000,242.50000000,0.762
1749264088,0.81500000,256.30000000,0.762
1749264088,0.81600000,329.50000000,0.762
1749264088,0.81700000,714.70000000,0.762
1749264088,0.81800000,103.60000000,0.762
1749264088,0.81900000,47.20000000,0.762
1749264088,0.82000000,376.60000000,0.762
1749264088,0.82100000,269.10000000,0.762
1749264088,0.82200000,34.10000000,0.762
1749264088,0.82300000,28.70000000,0.762
1749264088,0.82400000,1275.20000000,0.762
1749264088,0.82500000,110.00000000,0.762
1749264088,0.82600000,253.90000000,0.762
1749264088,0.82700000,13.30000000,0.762
1749264088,0.82800000,454.30000000,0.762
1749264088,0.82900000,644.80000000,0.762
1749264088,0.83000000,338.60000000,0.762
1749264088,0.83100000,13132.30000000,0.762
1749264088,0.83200000,32.40000000,0.762
1749264088,0.83300000,26.80000000,0.762
1749264088,0.83400000,40.40000000,0.762
1749264088,0.83500000,18.90000000,0.762
1749264088,0.83700000,7.90000000,0.762
1749264088,0.83800000,94.60000000,0.762
1749264088,0.83900000,162.10000000,0.762
1749264088,0.84000000,600.70000000,0.762
1749264088,0.84100000,274.40000000,0.762
1749264088,0.84200000,45.60000000,0.762
1749264088,0.84300000,28.40000000,0.762
1749264088,0.84400000,304.50000000,0.762
1749264088,0.84500000,1399.00000000,0.762
1749264088,0.84700000,9.60000000,0.762
1749264088,0.84800000,24.60000000,0.762
1749264088,0.84900000,363.10000000,0.762
1749264088,0.85000000,17634.20000000,0.762
1749264088,0.85200000,102.90000000,0.762
1749264088,0.85300000,6249.80000000,0.762
1749264088,0.85400000,87.80000000,0.762
1749264088,0.85500000,147.70000000,0.762
1749264088,0.85600000,15.30000000,0.762
1749264088,0.85700000,529.60000000,0.762
1749264088,0.85800000,17.40000000,0.762
1749264088,0.85900000,6.40000000,0.762
1749264088,0.86000000,266.80000000,0.762
1749264088,0.86100000,49.00000000,0.762
1749264088,0.86200000,7.90000000,0.762
1749264088,0.86300000,18.10000000,0.762
1749264088,0.86400000,55.20000000,0.762
1749264390,0.76300000,177.30000000,0.762
1749264390,0.76400000,25800.40000000,0.762
1749264390,0.76500000,51602.20000000,0.762
1749264390,0.76600000,17114.40000000,0.762
1749264390,0.76700000,6641.40000000,0.762
1749264390,0.76800000,1393.20000000,0.762
1749264390,0.76900000,3661.40000000,0.762
1749264390,0.77000000,6678.30000000,0.762
1749264390,0.77100000,1152.00000000,0.762
1749264390,0.77200000,911.80000000,0.762
1749264390,0.77300000,4672.60000000,0.762
1749264390,0.77400000,2112.90000000,0.762
1749264390,0.77500000,4295.90000000,0.762
1749264390,0.77600000,1458.30000000,0.762
1749264390,0.77700000,957.60000000,0.762
1749264390,0.77800000,1323.10000000,0.762
1749264390,0.77900000,887.00000000,0.762
1749264390,0.78000000,7527.40000000,0.762
1749264390,0.78100000,922.40000000,0.762
1749264390,0.78200000,906.60000000,0.762
1749264390,0.78300000,900.40000000,0.762
1749264390,0.78400000,2191.40000000,0.762
1749264390,0.78500000,1436.10000000,0.762
1749264390,0.78600000,22.10000000,0.762
1749264390,0.78700000,1013.60000000,0.762
1749264390,0.78800000,73.60000000,0.762
1749264390,0.78900000,1200.40000000,0.762
1749264390,0.79000000,10361.70000000,0.762
1749264390,0.79100000,10521.90000000,0.762
1749264390,0.79200000,83.40000000,0.762
1749264390,0.79300000,897.90000000,0.762
1749264390,0.79400000,13.50000000,0.762
1749264390,0.79500000,2981.50000000,0.762
1749264390,0.79600000,1486.10000000,0.762
1749264390,0.79700000,28.90000000,0.762
1749264390,0.79800000,2398.20000000,0.762
1749264390,0.79900000,470.20000000,0.762
1749264390,0.80000000,9923.60000000,0.762
1749264390,0.80100000,10011.70000000,0.762
1749264390,0.80200000,40.20000000,0.762
1749264390,0.80300000,89.60000000,0.762
1749264390,0.80400000,25.90000000,0.762
1749264390,0.80500000,2055.30000000,0.762
1749264390,0.80600000,54.80000000,0.762
1749264390,0.80700000,35.30000000,0.762
1749264390,0.80800000,1455.20000000,0.762
1749264390,0.80900000,26021.40000000,0.762
1749264390,0.81000000,48366.90000000,0.762
1749264390,0.81100000,3478.10000000,0.762
1749264390,0.81200000,329.40000000,0.762
1749264390,0.81300000,1859.20000000,0.762
1749264390,0.81400000,242.50000000,0.762
1749264390,0.81500000,256.30000000,0.762
1749264390,0.81600000,329.50000000,0.762
1749264390,0.81700000,714.70000000,0.762
1749264390,0.81800000,103.60000000,0.762
1749264390,0.81900000,47.20000000,0.762
1749264390,0.82000000,376.60000000,0.762
1749264390,0.82100000,269.10000000,0.762
1749264390,0.82200000,34.10000000,0.762
1749264390,0.82300000,28.70000000,0.762
1749264390,0.82400000,1275.20000000,0.762
1749264390,0.82500000,110.00000000,0.762
1749264390,0.82600000,253.90000000,0.762
1749264390,0.82700000,13.30000000,0.762
1749264390,0.82800000,454.30000000,0.762
1749264390,0.82900000,644.80000000,0.762
1749264390,0.83000000,74.80000000,0.762
1749264390,0.83100000,13132.30000000,0.762
1749264390,0.83200000,32.40000000,0.762
1749264390,0.83300000,26.80000000,0.762
1749264390,0.83400000,40.40000000,0.762
1749264390,0.83500000,32.10000000,0.762
1749264390,0.83700000,7.90000000,0.762
1749264390,0.83800000,94.60000000,0.762
1749264390,0.83900000,162.10000000,0.762
1749264390,0.84000000,600.70000000,0.762
1749264390,0.84100000,274.40000000,0.762
1749264390,0.84200000,45.60000000,0.762
1749264390,0.84300000,28.40000000,0.762
1749264390,0.84400000,304.50000000,0.762
1749264390,0.84500000,1399.00000000,0.762
1749264390,0.84700000,9.60000000,0.762
1749264390,0.84800000,24.60000000,0.762
1749264390,0.84900000,363.10000000,0.762
1749264390,0.85000000,17634.20000000,0.762
1749264390,0.85200000,102.90000000,0.762
1749264390,0.85300000,6249.80000000,0.762
1749264390,0.85400000,87.80000000,0.762
1749264390,0.85500000,147.70000000,0.762
1749264390,0.85600000,15.30000000,0.762
1749264390,0.85700000,529.60000000,0.762
1749264390,0.85800000,17.40000000,0.762
1749264390,0.85900000,6.40000000,0.762
1749264390,0.86000000,266.80000000,0.762
1749264390,0.86100000,49.00000000,0.762
1749264390,0.86200000,7.90000000,0.762
1749264390,0.86300000,18.10000000,0.762
1749264390,0.86400000,55.20000000,0.762
1749264390,0.86500000,668.80000000,0.762
1749264691,0.76400000,14040.10000000,0.763
1749264691,0.76500000,45188.60000000,0.763
1749264691,0.76600000,24962.50000000,0.763
1749264691,0.76700000,11850.60000000,0.763
1749264691,0.76800000,5648.60000000,0.763
1749264691,0.76900000,5061.40000000,0.763
1749264691,0.77000000,3795.40000000,0.763
1749264691,0.77100000,1581.10000000,0.763
1749264691,0.77200000,4007.90000000,0.763
1749264691,0.77300000,2120.60000000,0.763
1749264691,0.77400000,2011.80000000,0.763
1749264691,0.77500000,7360.80000000,0.763
1749264691,0.77600000,1000.30000000,0.763
1749264691,0.77700000,907.70000000,0.763
1749264691,0.77800000,1509.00000000,0.763
1749264691,0.77900000,936.90000000,0.763
1749264691,0.78000000,7900.60000000,0.763
1749264691,0.78100000,922.40000000,0.763
1749264691,0.78200000,906.60000000,0.763
1749264691,0.78300000,885.10000000,0.763
1749264691,0.78400000,2191.40000000,0.763
1749264691,0.78500000,1436.10000000,0.763
1749264691,0.78600000,22.10000000,0.763
1749264691,0.78700000,910.80000000,0.763
1749264691,0.78800000,1031.40000000,0.763
1749264691,0.78900000,1230.50000000,0.763
1749264691,0.79000000,10318.90000000,0.763
1749264691,0.79100000,10521.90000000,0.763
1749264691,0.79200000,83.40000000,0.763
1749264691,0.79300000,897.90000000,0.763
1749264691,0.79400000,13.50000000,0.763
1749264691,0.79500000,2981.50000000,0.763
1749264691,0.79600000,1486.10000000,0.763
1749264691,0.79700000,28.90000000,0.763
1749264691,0.79800000,1543.20000000,0.763
1749264691,0.79900000,470.20000000,0.763
1749264691,0.80000000,9923.60000000,0.763
1749264691,0.80100000,10011.70000000,0.763
1749264691,0.80200000,40.20000000,0.763
1749264691,0.80300000,89.60000000,0.763
1749264691,0.80400000,25.90000000,0.763
1749264691,0.80500000,2055.30000000,0.763
1749264691,0.80600000,54.80000000,0.763
1749264691,0.80700000,35.30000000,0.763
1749264691,0.80800000,1455.20000000,0.763
1749264691,0.80900000,26021.40000000,0.763
1749264691,0.81000000,48366.90000000,0.763
1749264691,0.81100000,3478.10000000,0.763
1749264691,0.81200000,329.40000000,0.763
1749264691,0.81300000,1859.20000000,0.763
1749264691,0.81400000,242.50000000,0.763
1749264691,0.81500000,256.30000000,0.763
1749264691,0.81600000,329.50000000,0.763
1749264691,0.81700000,714.70000000,0.763
1749264691,0.81800000,103.60000000,0.763
1749264691,0.81900000,47.20000000,0.763
1749264691,0.82000000,376.60000000,0.763
1749264691,0.82100000,269.10000000,0.763
1749264691,0.82200000,34.10000000,0.763
1749264691,0.82300000,28.70000000,0.763
1749264691,0.82400000,1275.20000000,0.763
1749264691,0.82500000,110.00000000,0.763
1749264691,0.82600000,253.90000000,0.763
1749264691,0.82700000,13.30000000,0.763
1749264691,0.82800000,454.30000000,0.763
1749264691,0.82900000,644.80000000,0.763
1749264691,0.83000000,74.80000000,0.763
1749264691,0.83100000,13132.30000000,0.763
1749264691,0.83200000,32.40000000,0.763
1749264691,0.83300000,26.80000000,0.763
1749264691,0.83400000,40.40000000,0.763
1749264691,0.83500000,32.10000000,0.763
1749264691,0.83600000,13.20000000,0.763
1749264691,0.83700000,7.90000000,0.763
1749264691,0.83800000,94.60000000,0.763
1749264691,0.83900000,162.10000000,0.763
1749264691,0.84000000,600.70000000,0.763
1749264691,0.84100000,274.40000000,0.763
1749264691,0.84200000,45.60000000,0.763
1749264691,0.84300000,28.40000000,0.763
1749264691,0.84400000,304.50000000,0.763
1749264691,0.84500000,1399.00000000,0.763
1749264691,0.84700000,9.60000000,0.763
1749264691,0.84800000,24.60000000,0.763
1749264691,0.84900000,363.10000000,0.763
1749264691,0.85000000,17634.20000000,0.763
1749264691,0.85200000,102.90000000,0.763
1749264691,0.85300000,6249.80000000,0.763
1749264691,0.85400000,87.80000000,0.763
1749264691,0.85500000,147.70000000,0.763
1749264691,0.85600000,15.30000000,0.763
1749264691,0.85700000,529.60000000,0.763
1749264691,0.85800000,17.40000000,0.763
1749264691,0.85900000,6.40000000,0.763
1749264691,0.86000000,266.80000000,0.763
1749264691,0.86100000,49.00000000,0.763
1749264691,0.86200000,7.90000000,0.763
1749264691,0.86300000,18.10000000,0.763
1749264691,0.86400000,55.20000000,0.763
1749264691,0.86500000,668.80000000,0.763
1749264993,0.76700000,2482.50000000,0.767
1749264993,0.76800000,34459.00000000,0.767
1749264993,0.76900000,37875.40000000,0.767
1749264993,0.77000000,19465.90000000,0.767
1749264993,0.77100000,8169.40000000,0.767
1749264993,0.77200000,8616.40000000,0.767
1749264993,0.77300000,4479.50000000,0.767
1749264993,0.77400000,6931.10000000,0.767
1749264993,0.77500000,4991.20000000,0.767
1749264993,0.77600000,1683.20000000,0.767
1749264993,0.77700000,917.50000000,0.767
1749264993,0.77800000,1060.80000000,0.767
1749264993,0.77900000,3962.20000000,0.767
1749264993,0.78000000,6806.20000000,0.767
1749264993,0.78100000,972.30000000,0.767
1749264993,0.78200000,955.40000000,0.767
1749264993,0.78300000,885.10000000,0.767
1749264993,0.78400000,3848.60000000,0.767
1749264993,0.78500000,1436.10000000,0.767
1749264993,0.78600000,31.90000000,0.767
1749264993,0.78700000,920.60000000,0.767
1749264993,0.78800000,938.40000000,0.767
1749264993,0.78900000,1333.30000000,0.767
1749264993,0.79000000,10310.40000000,0.767
1749264993,0.79100000,10521.90000000,0.767
1749264993,0.79200000,83.40000000,0.767
1749264993,0.79300000,897.90000000,0.767
1749264993,0.79400000,13.50000000,0.767
1749264993,0.79500000,2981.50000000,0.767
1749264993,0.79600000,1486.10000000,0.767
1749264993,0.79700000,28.90000000,0.767
1749264993,0.79800000,2398.20000000,0.767
1749264993,0.79900000,1325.20000000,0.767
1749264993,0.80000000,10778.60000000,0.767
1749264993,0.80100000,10011.70000000,0.767
1749264993,0.80200000,40.20000000,0.767
1749264993,0.80300000,89.60000000,0.767
1749264993,0.80400000,25.90000000,0.767
1749264993,0.80500000,2055.30000000,0.767
1749264993,0.80600000,54.80000000,0.767
1749264993,0.80700000,35.30000000,0.767
1749264993,0.80800000,1191.40000000,0.767
1749264993,0.80900000,26021.40000000,0.767
1749264993,0.81000000,48366.90000000,0.767
1749264993,0.81100000,3478.10000000,0.767
1749264993,0.81200000,329.40000000,0.767
1749264993,0.81300000,1859.20000000,0.767
1749264993,0.81400000,242.50000000,0.767
1749264993,0.81500000,256.30000000,0.767
1749264993,0.81600000,329.50000000,0.767
1749264993,0.81700000,714.70000000,0.767
1749264993,0.81800000,103.60000000,0.767
1749264993,0.81900000,47.20000000,0.767
1749264993,0.82000000,376.60000000,0.767
1749264993,0.82100000,269.10000000,0.767
1749264993,0.82200000,34.10000000,0.767
1749264993,0.82300000,28.70000000,0.767
1749264993,0.82400000,1275.20000000,0.767
1749264993,0.82500000,110.00000000,0.767
1749264993,0.82600000,253.90000000,0.767
1749264993,0.82700000,13.30000000,0.767
1749264993,0.82800000,454.30000000,0.767
1749264993,0.82900000,644.80000000,0.767
1749264993,0.83000000,338.60000000,0.767
1749264993,0.83100000,13132.30000000,0.767
1749264993,0.83200000,32.40000000,0.767
1749264993,0.83300000,26.80000000,0.767
1749264993,0.83400000,40.40000000,0.767
1749264993,0.83500000,32.10000000,0.767
1749264993,0.83600000,13.20000000,0.767
1749264993,0.83700000,21.10000000,0.767
1749264993,0.83800000,107.70000000,0.767
1749264993,0.83900000,175.20000000,0.767
1749264993,0.84000000,600.70000000,0.767
1749264993,0.84100000,274.40000000,0.767
1749264993,0.84200000,45.60000000,0.767
1749264993,0.84300000,28.40000000,0.767
1749264993,0.84400000,304.50000000,0.767
1749264993,0.84500000,1399.00000000,0.767
1749264993,0.84700000,9.60000000,0.767
1749264993,0.84800000,24.60000000,0.767
1749264993,0.84900000,363.10000000,0.767
1749264993,0.85000000,17634.20000000,0.767
1749264993,0.85200000,102.90000000,0.767
1749264993,0.85300000,6249.80000000,0.767
1749264993,0.85400000,87.80000000,0.767
1749264993,0.85500000,147.70000000,0.767
1749264993,0.85600000,15.30000000,0.767
1749264993,0.85700000,529.60000000,0.767
1749264993,0.85800000,17.40000000,0.767
1749264993,0.85900000,6.40000000,0.767
1749264993,0.86000000,266.80000000,0.767
1749264993,0.86100000,49.00000000,0.767
1749264993,0.86200000,7.90000000,0.767
1749264993,0.86300000,18.10000000,0.767
1749264993,0.86400000,55.20000000,0.767
1749264993,0.86500000,668.80000000,0.767
1749264993,0.86700000,15.30000000,0.767
1749264993,0.86800000,29.90000000,0.767
1749264993,0.86900000,20.80000000,0.767
1749265299,0.76700000,2839.90000000,0.766
1749265299,0.76800000,16857.00000000,0.766
1749265299,0.76900000,17940.70000000,0.766
1749265299,0.77000000,12543.70000000,0.766
1749265299,0.77100000,8169.40000000,0.766
1749265299,0.77200000,6401.30000000,0.766
1749265299,0.77300000,4479.50000000,0.766
1749265299,0.77400000,5894.90000000,0.766
1749265299,0.77500000,4679.50000000,0.766
1749265299,0.77600000,1683.20000000,0.766
1749265299,0.77700000,917.50000000,0.766
1749265299,0.77800000,1060.80000000,0.766
1749265299,0.77900000,3962.20000000,0.766
1749265299,0.78000000,6806.20000000,0.766
1749265299,0.78100000,972.30000000,0.766
1749265299,0.78200000,955.40000000,0.766
1749265299,0.78300000,885.10000000,0.766
1749265299,0.78400000,3848.60000000,0.766
1749265299,0.78500000,1436.10000000,0.766
1749265299,0.78600000,31.90000000,0.766
1749265299,0.78700000,920.60000000,0.766
1749265299,0.78800000,938.40000000,0.766
1749265299,0.78900000,1200.40000000,0.766
1749265299,0.79000000,10413.20000000,0.766
1749265299,0.79100000,10521.90000000,0.766
1749265299,0.79200000,83.40000000,0.766
1749265299,0.79300000,897.90000000,0.766
1749265299,0.79400000,13.50000000,0.766
1749265299,0.79500000,3011.60000000,0.766
1749265299,0.79600000,1486.10000000,0.766
1749265299,0.79700000,28.90000000,0.766
1749265299,0.79800000,2398.20000000,0.766
1749265299,0.79900000,1325.20000000,0.766
1749265299,0.80000000,9923.60000000,0.766
1749265299,0.80100000,10011.70000000,0.766
1749265299,0.80200000,40.20000000,0.766
1749265299,0.80300000,89.60000000,0.766
1749265299,0.80400000,25.90000000,0.766
1749265299,0.80500000,2055.30000000,0.766
1749265299,0.80600000,54.80000000,0.766
1749265299,0.80700000,35.30000000,0.766
1749265299,0.80800000,1455.20000000,0.766
1749265299,0.80900000,26021.40000000,0.766
1749265299,0.81000000,48366.90000000,0.766
1749265299,0.81100000,3478.10000000,0.766
1749265299,0.81200000,329.40000000,0.766
1749265299,0.81300000,1859.20000000,0.766
1749265299,0.81400000,242.50000000,0.766
1749265299,0.81500000,256.30000000,0.766
1749265299,0.81600000,329.50000000,0.766
1749265299,0.81700000,714.70000000,0.766
1749265299,0.81800000,103.60000000,0.766
1749265299,0.81900000,47.20000000,0.766
1749265299,0.82000000,376.60000000,0.766
1749265299,0.82100000,269.10000000,0.766
1749265299,0.82200000,34.10000000,0.766
1749265299,0.82300000,28.70000000,0.766
1749265299,0.82400000,1275.20000000,0.766
1749265299,0.82500000,110.00000000,0.766
1749265299,0.82600000,253.90000000,0.766
1749265299,0.82700000,13.30000000,0.766
1749265299,0.82800000,454.30000000,0.766
1749265299,0.82900000,644.80000000,0.766
1749265299,0.83000000,74.80000000,0.766
1749265299,0.83100000,13132.30000000,0.766
1749265299,0.83200000,32.40000000,0.766
1749265299,0.83300000,26.80000000,0.766
1749265299,0.83400000,40.40000000,0.766
1749265299,0.83500000,32.10000000,0.766
1749265299,0.83600000,13.20000000,0.766
1749265299,0.83700000,21.10000000,0.766
1749265299,0.83800000,107.70000000,0.766
1749265299,0.83900000,175.20000000,0.766
1749265299,0.84000000,600.70000000,0.766
1749265299,0.84100000,274.40000000,0.766
1749265299,0.84200000,45.60000000,0.766
1749265299,0.84300000,28.40000000,0.766
1749265299,0.84400000,304.50000000,0.766
1749265299,0.84500000,1399.00000000,0.766
1749265299,0.84700000,9.60000000,0.766
1749265299,0.84800000,24.60000000,0.766
1749265299,0.84900000,363.10000000,0.766
1749265299,0.85000000,17634.20000000,0.766
1749265299,0.85200000,102.90000000,0.766
1749265299,0.85300000,6249.80000000,0.766
1749265299,0.85400000,87.80000000,0.766
1749265299,0.85500000,147.70000000,0.766
1749265299,0.85600000,15.30000000,0.766
1749265299,0.85700000,529.60000000,0.766
1749265299,0.85800000,17.40000000,0.766
1749265299,0.85900000,6.40000000,0.766
1749265299,0.86000000,266.80000000,0.766
1749265299,0.86100000,49.00000000,0.766
1749265299,0.86200000,7.90000000,0.766
1749265299,0.86300000,18.10000000,0.766
1749265299,0.86400000,55.20000000,0.766
1749265299,0.86500000,668.80000000,0.766
1749265299,0.86700000,15.30000000,0.766
1749265299,0.86800000,29.90000000,0.766
1749265299,0.86900000,20.80000000,0.766
1749265601,0.76800000,3866.20000000,0.768
1749265601,0.76900000,14135.30000000,0.768
1749265601,0.77000000,16650.10000000,0.768
1749265601,0.77100000,7053.40000000,0.768
1749265601,0.77200000,8199.90000000,0.768
1749265601,0.77300000,4676.40000000,0.768
1749265601,0.77400000,4250.20000000,0.768
1749265601,0.77500000,5345.90000000,0.768
1749265601,0.77600000,4005.10000000,0.768
1749265601,0.77700000,917.50000000,0.768
1749265601,0.77800000,959.70000000,0.768
1749265601,0.77900000,3962.20000000,0.768
1749265601,0.78000000,6348.20000000,0.768
1749265601,0.78100000,922.40000000,0.768
1749265601,0.78200000,1465.70000000,0.768
1749265601,0.78300000,935.00000000,0.768
1749265601,0.78400000,2584.40000000,0.768
1749265601,0.78500000,1436.10000000,0.768
1749265601,0.78600000,31.90000000,0.768
1749265601,0.78700000,920.60000000,0.768
1749265601,0.78800000,938.40000000,0.768
1749265601,0.78900000,1200.40000000,0.768
1749265601,0.79000000,10310.40000000,0.768
1749265601,0.79100000,10624.70000000,0.768
1749265601,0.79200000,83.40000000,0.768
1749265601,0.79300000,897.90000000,0.768
1749265601,0.79400000,13.50000000,0.768
1749265601,0.79500000,2981.50000000,0.768
1749265601,0.79600000,1486.10000000,0.768
1749265601,0.79700000,28.90000000,0.768
1749265601,0.79800000,2398.20000000,0.768
1749265601,0.79900000,1325.20000000,0.768
1749265601,0.80000000,10778.60000000,0.768
1749265601,0.80100000,10866.70000000,0.768
1749265601,0.80200000,40.20000000,0.768
1749265601,0.80300000,89.60000000,0.768
1749265601,0.80400000,25.90000000,0.768
1749265601,0.80500000,2055.30000000,0.768
1749265601,0.80600000,54.80000000,0.768
1749265601,0.80700000,35.30000000,0.768
1749265601,0.80800000,1247.70000000,0.768
1749265601,0.80900000,26021.40000000,0.768
1749265601,0.81000000,48366.90000000,0.768
1749265601,0.81100000,3478.10000000,0.768
1749265601,0.81200000,329.40000000,0.768
1749265601,0.81300000,1859.20000000,0.768
1749265601,0.81400000,242.50000000,0.768
1749265601,0.81500000,256.30000000,0.768
1749265601,0.81600000,329.50000000,0.768
1749265601,0.81700000,714.70000000,0.768
1749265601,0.81800000,103.60000000,0.768
1749265601,0.81900000,47.20000000,0.768
1749265601,0.82000000,376.60000000,0.768
1749265601,0.82100000,269.10000000,0.768
1749265601,0.82200000,34.10000000,0.768
1749265601,0.82300000,28.70000000,0.768
1749265601,0.82400000,1275.20000000,0.768
1749265601,0.82500000,110.00000000,0.768
1749265601,0.82600000,253.90000000,0.768
1749265601,0.82700000,13.30000000,0.768
1749265601,0.82800000,454.30000000,0.768
1749265601,0.82900000,644.80000000,0.768
1749265601,0.83000000,74.80000000,0.768
1749265601,0.83100000,13132.30000000,0.768
1749265601,0.83200000,32.40000000,0.768
1749265601,0.83300000,26.80000000,0.768
1749265601,0.83400000,40.40000000,0.768
1749265601,0.83500000,32.10000000,0.768
1749265601,0.83600000,13.20000000,0.768
1749265601,0.83700000,21.10000000,0.768
1749265601,0.83800000,107.70000000,0.768
1749265601,0.83900000,175.20000000,0.768
1749265601,0.84000000,613.80000000,0.768
1749265601,0.84100000,274.40000000,0.768
1749265601,0.84200000,45.60000000,0.768
1749265601,0.84300000,28.40000000,0.768
1749265601,0.84400000,304.50000000,0.768
1749265601,0.84500000,1399.00000000,0.768
1749265601,0.84700000,9.60000000,0.768
1749265601,0.84800000,24.60000000,0.768
1749265601,0.84900000,363.10000000,0.768
1749265601,0.85000000,17634.20000000,0.768
1749265601,0.85200000,102.90000000,0.768
1749265601,0.85300000,6249.80000000,0.768
1749265601,0.85400000,87.80000000,0.768
1749265601,0.85500000,147.70000000,0.768
1749265601,0.85600000,15.30000000,0.768
1749265601,0.85700000,529.60000000,0.768
1749265601,0.85800000,17.40000000,0.768
1749265601,0.85900000,6.40000000,0.768
1749265601,0.86000000,266.80000000,0.768
1749265601,0.86100000,49.00000000,0.768
1749265601,0.86200000,7.90000000,0.768
1749265601,0.86300000,18.10000000,0.768
1749265601,0.86400000,55.20000000,0.768
1749265601,0.86500000,668.80000000,0.768
1749265601,0.86700000,15.30000000,0.768
1749265601,0.86800000,29.90000000,0.768
1749265601,0.86900000,20.80000000,0.768
1749265601,0.87000000,586.10000000,0.768
1749265903,0.77100000,8413.40000000,0.77
1749265903,0.77200000,17219.80000000,0.77
1749265903,0.77300000,12070.80000000,0.77
1749265903,0.77400000,9304.60000000,0.77
1749265903,0.77500000,6403.20000000,0.77
1749265903,0.77600000,5166.70000000,0.77
1749265903,0.77700000,4861.70000000,0.77
1749265903,0.77800000,5245.10000000,0.77
1749265903,0.77900000,896.80000000,0.77
1749265903,0.78000000,6256.90000000,0.77
1749265903,0.78100000,4007.40000000,0.77
1749265903,0.78200000,1007.70000000,0.77
1749265903,0.78300000,885.10000000,0.77
1749265903,0.78400000,1437.50000000,0.77
1749265903,0.78500000,1486.00000000,0.77
1749265903,0.78600000,1737.90000000,0.77
1749265903,0.78700000,920.60000000,0.77
1749265903,0.78800000,938.40000000,0.77
1749265903,0.78900000,1210.20000000,0.77
1749265903,0.79000000,10303.30000000,0.77
1749265903,0.79100000,10531.70000000,0.77
1749265903,0.79200000,186.20000000,0.77
1749265903,0.79300000,897.90000000,0.77
1749265903,0.79400000,13.50000000,0.77
1749265903,0.79500000,3011.60000000,0.77
1749265903,0.79600000,1486.10000000,0.77
1749265903,0.79700000,28.90000000,0.77
1749265903,0.79800000,2398.20000000,0.77
1749265903,0.79900000,1325.20000000,0.77
1749265903,0.80000000,10778.60000000,0.77
1749265903,0.80100000,10866.70000000,0.77
1749265903,0.80200000,40.20000000,0.77
1749265903,0.80300000,944.60000000,0.77
1749265903,0.80400000,25.90000000,0.77
1749265903,0.80500000,2055.30000000,0.77
1749265903,0.80600000,54.80000000,0.77
1749265903,0.80700000,35.30000000,0.77
1749265903,0.80800000,681.80000000,0.77
1749265903,0.80900000,26021.40000000,0.77
1749265903,0.81000000,48366.90000000,0.77
1749265903,0.81100000,3478.10000000,0.77
1749265903,0.81200000,329.40000000,0.77
1749265903,0.81300000,1859.20000000,0.77
1749265903,0.81400000,242.50000000,0.77
1749265903,0.81500000,256.30000000,0.77
1749265903,0.81600000,329.50000000,0.77
1749265903,0.81700000,714.70000000,0.77
1749265903,0.81800000,103.60000000,0.77
1749265903,0.81900000,47.20000000,0.77
1749265903,0.82000000,376.60000000,0.77
1749265903,0.82100000,269.10000000,0.77
1749265903,0.82200000,34.10000000,0.77
1749265903,0.82300000,28.70000000,0.77
1749265903,0.82400000,1275.20000000,0.77
1749265903,0.82500000,110.00000000,0.77
1749265903,0.82600000,253.90000000,0.77
1749265903,0.82700000,13.30000000,0.77
1749265903,0.82800000,454.30000000,0.77
1749265903,0.82900000,644.80000000,0.77
1749265903,0.83000000,338.60000000,0.77
1749265903,0.83100000,13132.30000000,0.77
1749265903,0.83200000,32.40000000,0.77
1749265903,0.83300000,26.80000000,0.77
1749265903,0.83400000,40.40000000,0.77
1749265903,0.83500000,32.10000000,0.77
1749265903,0.83600000,13.20000000,0.77
1749265903,0.83700000,21.10000000,0.77
1749265903,0.83800000,107.70000000,0.77
1749265903,0.83900000,175.20000000,0.77
1749265903,0.84000000,613.80000000,0.77
1749265903,0.84100000,287.50000000,0.77
1749265903,0.84200000,58.70000000,0.77
1749265903,0.84300000,41.50000000,0.77
1749265903,0.84400000,304.50000000,0.77
1749265903,0.84500000,1399.00000000,0.77
1749265903,0.84700000,9.60000000,0.77
1749265903,0.84800000,24.60000000,0.77
1749265903,0.84900000,665.20000000,0.77
1749265903,0.85000000,17634.20000000,0.77
1749265903,0.85200000,102.90000000,0.77
1749265903,0.85300000,6249.80000000,0.77
1749265903,0.85400000,87.80000000,0.77
1749265903,0.85500000,147.70000000,0.77
1749265903,0.85600000,15.30000000,0.77
1749265903,0.85700000,529.60000000,0.77
1749265903,0.85800000,17.40000000,0.77
1749265903,0.85900000,6.40000000,0.77
1749265903,0.86000000,266.80000000,0.77
1749265903,0.86100000,49.00000000,0.77
1749265903,0.86200000,7.90000000,0.77
1749265903,0.86300000,18.10000000,0.77
1749265903,0.86400000,55.20000000,0.77
1749265903,0.86500000,668.80000000,0.77
1749265903,0.86700000,15.30000000,0.77
1749265903,0.86800000,29.90000000,0.77
1749265903,0.86900000,20.80000000,0.77
1749265903,0.87000000,586.10000000,0.77
1749265903,0.87100000,81.80000000,0.77
1749265903,0.87200000,15.30000000,0.77
1749265903,0.87300000,13.70000000,0.77
1749266204,0.77300000,10975.90000000,0.772
1749266204,0.77400000,27160.40000000,0.772
1749266204,0.77500000,19228.70000000,0.772
1749266204,0.77600000,9847.40000000,0.772
1749266204,0.77700000,4526.10000000,0.772
1749266204,0.77800000,4144.60000000,0.772
1749266204,0.77900000,4005.50000000,0.772
1749266204,0.78000000,10732.80000000,0.772
1749266204,0.78100000,932.20000000,0.772
1749266204,0.78200000,1240.00000000,0.772
1749266204,0.78300000,3970.10000000,0.772
1749266204,0.78400000,979.50000000,0.772
1749266204,0.78500000,1436.10000000,0.772
1749266204,0.78600000,591.00000000,0.772
1749266204,0.78700000,970.50000000,0.772
1749266204,0.78800000,1958.80000000,0.772
1749266204,0.78900000,1210.20000000,0.772
1749266204,0.79000000,11636.10000000,0.772
1749266204,0.79100000,10531.70000000,0.772
1749266204,0.79200000,93.20000000,0.772
1749266204,0.79300000,907.70000000,0.772
1749266204,0.79400000,116.30000000,0.772
1749266204,0.79500000,3011.60000000,0.772
1749266204,0.79600000,1486.10000000,0.772
1749266204,0.79700000,28.90000000,0.772
1749266204,0.79800000,2398.20000000,0.772
1749266204,0.79900000,1325.20000000,0.772
1749266204,0.80000000,10778.60000000,0.772
1749266204,0.80100000,10866.70000000,0.772
1749266204,0.80200000,40.20000000,0.772
1749266204,0.80300000,944.60000000,0.772
1749266204,0.80400000,25.90000000,0.772
1749266204,0.80500000,2910.30000000,0.772
1749266204,0.80600000,54.80000000,0.772
1749266204,0.80700000,890.30000000,0.772
1749266204,0.80800000,1838.90000000,0.772
1749266204,0.80900000,26809.10000000,0.772
1749266204,0.81000000,48366.90000000,0.772
1749266204,0.81100000,3478.10000000,0.772
1749266204,0.81200000,329.40000000,0.772
1749266204,0.81300000,1859.20000000,0.772
1749266204,0.81400000,242.50000000,0.772
1749266204,0.81500000,256.30000000,0.772
1749266204,0.81600000,329.50000000,0.772
1749266204,0.81700000,714.70000000,0.772
1749266204,0.81800000,103.60000000,0.772
1749266204,0.81900000,47.20000000,0.772
1749266204,0.82000000,376.60000000,0.772
1749266204,0.82100000,269.10000000,0.772
1749266204,0.82200000,40.70000000,0.772
1749266204,0.82300000,28.70000000,0.772
1749266204,0.82400000,1275.20000000,0.772
1749266204,0.82500000,110.00000000,0.772
1749266204,0.82600000,253.90000000,0.772
1749266204,0.82700000,13.30000000,0.772
1749266204,0.82800000,454.30000000,0.772
1749266204,0.82900000,644.80000000,0.772
1749266204,0.83000000,74.80000000,0.772
1749266204,0.83100000,13132.30000000,0.772
1749266204,0.83200000,32.40000000,0.772
1749266204,0.83300000,26.80000000,0.772
1749266204,0.83400000,40.40000000,0.772
1749266204,0.83500000,32.10000000,0.772
1749266204,0.83600000,13.20000000,0.772
1749266204,0.83700000,21.10000000,0.772
1749266204,0.83800000,107.70000000,0.772
1749266204,0.83900000,175.20000000,0.772
1749266204,0.84000000,613.80000000,0.772
1749266204,0.84100000,287.50000000,0.772
1749266204,0.84200000,58.70000000,0.772
1749266204,0.84300000,41.50000000,0.772
1749266204,0.84400000,317.50000000,0.772
1749266204,0.84500000,1412.00000000,0.772
1749266204,0.84700000,9.60000000,0.772
1749266204,0.84800000,24.60000000,0.772
1749266204,0.84900000,363.10000000,0.772
1749266204,0.85000000,17634.20000000,0.772
1749266204,0.85200000,102.90000000,0.772
1749266204,0.85300000,6249.80000000,0.772
1749266204,0.85400000,87.80000000,0.772
1749266204,0.85500000,147.70000000,0.772
1749266204,0.85600000,15.30000000,0.772
1749266204,0.85700000,529.60000000,0.772
1749266204,0.85800000,17.40000000,0.772
1749266204,0.85900000,6.40000000,0.772
1749266204,0.86000000,266.80000000,0.772
1749266204,0.86100000,49.00000000,0.772
1749266204,0.86200000,7.90000000,0.772
1749266204,0.86300000,18.10000000,0.772
1749266204,0.86400000,55.20000000,0.772
1749266204,0.86500000,668.80000000,0.772
1749266204,0.86700000,15.30000000,0.772
1749266204,0.86800000,29.90000000,0.772
1749266204,0.86900000,20.80000000,0.772
1749266204,0.87000000,586.10000000,0.772
1749266204,0.87100000,81.80000000,0.772
1749266204,0.87200000,15.30000000,0.772
1749266204,0.87300000,13.70000000,0.772
1749266204,0.87400000,772.00000000,0.772
1749266204,0.87500000,1025.60000000,0.772
1749266506,0.77000000,13283.50000000,0.769
1749266506,0.77100000,19715.20000000,0.769
1749266506,0.77200000,14629.10000000,0.769
1749266506,0.77300000,9369.40000000,0.769
1749266506,0.77400000,6699.80000000,0.769
1749266506,0.77500000,13473.70000000,0.769
1749266506,0.77600000,3129.20000000,0.769
1749266506,0.77700000,2867.50000000,0.769
1749266506,0.77800000,5735.10000000,0.769
1749266506,0.77900000,1583.20000000,0.769
1749266506,0.78000000,7636.70000000,0.769
1749266506,0.78100000,4007.40000000,0.769
1749266506,0.78200000,1341.10000000,0.769
1749266506,0.78300000,944.80000000,0.769
1749266506,0.78400000,1486.30000000,0.769
1749266506,0.78500000,2436.10000000,0.769
1749266506,0.78600000,1689.10000000,0.769
1749266506,0.78700000,920.60000000,0.769
1749266506,0.78800000,1585.60000000,0.769
1749266506,0.78900000,1210.20000000,0.769
1749266506,0.79000000,10303.30000000,0.769
1749266506,0.79100000,10531.70000000,0.769
1749266506,0.79200000,93.20000000,0.769
1749266506,0.79300000,907.70000000,0.769
1749266506,0.79400000,13.50000000,0.769
1749266506,0.79500000,3084.30000000,0.769
1749266506,0.79600000,1486.10000000,0.769
1749266506,0.79700000,28.90000000,0.769
1749266506,0.79800000,2428.30000000,0.769
1749266506,0.79900000,1325.20000000,0.769
1749266506,0.80000000,10778.60000000,0.769
1749266506,0.80100000,10866.70000000,0.769
1749266506,0.80200000,40.20000000,0.769
1749266506,0.80300000,944.60000000,0.769
1749266506,0.80400000,25.90000000,0.769
1749266506,0.80500000,2910.30000000,0.769
1749266506,0.80600000,54.80000000,0.769
1749266506,0.80700000,890.30000000,0.769
1749266506,0.80800000,1247.70000000,0.769
1749266506,0.80900000,25903.60000000,0.769
1749266506,0.81000000,48366.90000000,0.769
1749266506,0.81100000,3478.10000000,0.769
1749266506,0.81200000,329.40000000,0.769
1749266506,0.81300000,1859.20000000,0.769
1749266506,0.81400000,242.50000000,0.769
1749266506,0.81500000,256.30000000,0.769
1749266506,0.81600000,329.50000000,0.769
1749266506,0.81700000,714.70000000,0.769
1749266506,0.81800000,103.60000000,0.769
1749266506,0.81900000,47.20000000,0.769
1749266506,0.82000000,376.60000000,0.769
1749266506,0.82100000,269.10000000,0.769
1749266506,0.82200000,40.70000000,0.769
1749266506,0.82300000,28.70000000,0.769
1749266506,0.82400000,1275.20000000,0.769
1749266506,0.82500000,110.00000000,0.769
1749266506,0.82600000,253.90000000,0.769
1749266506,0.82700000,13.30000000,0.769
1749266506,0.82800000,454.30000000,0.769
1749266506,0.82900000,644.80000000,0.769
1749266506,0.83000000,74.80000000,0.769
1749266506,0.83100000,13132.30000000,0.769
1749266506,0.83200000,32.40000000,0.769
1749266506,0.83300000,26.80000000,0.769
1749266506,0.83400000,40.40000000,0.769
1749266506,0.83500000,32.10000000,0.769
1749266506,0.83600000,13.20000000,0.769
1749266506,0.83700000,21.10000000,0.769
1749266506,0.83800000,107.70000000,0.769
1749266506,0.83900000,175.20000000,0.769
1749266506,0.84000000,613.80000000,0.769
1749266506,0.84100000,287.50000000,0.769
1749266506,0.84200000,58.70000000,0.769
1749266506,0.84300000,28.40000000,0.769
1749266506,0.84400000,304.50000000,0.769
1749266506,0.84500000,1399.00000000,0.769
1749266506,0.84700000,9.60000000,0.769
1749266506,0.84800000,24.60000000,0.769
1749266506,0.84900000,363.10000000,0.769
1749266506,0.85000000,17634.20000000,0.769
1749266506,0.85200000,102.90000000,0.769
1749266506,0.85300000,6249.80000000,0.769
1749266506,0.85400000,87.80000000,0.769
1749266506,0.85500000,147.70000000,0.769
1749266506,0.85600000,15.30000000,0.769
1749266506,0.85700000,529.60000000,0.769
1749266506,0.85800000,17.40000000,0.769
1749266506,0.85900000,6.40000000,0.769
1749266506,0.86000000,266.80000000,0.769
1749266506,0.86100000,49.00000000,0.769
1749266506,0.86200000,7.90000000,0.769
1749266506,0.86300000,18.10000000,0.769
1749266506,0.86400000,55.20000000,0.769
1749266506,0.86500000,668.80000000,0.769
1749266506,0.86700000,15.30000000,0.769
1749266506,0.86800000,29.90000000,0.769
1749266506,0.86900000,20.80000000,0.769
1749266506,0.87000000,586.10000000,0.769
1749266506,0.87100000,81.80000000,0.769
1749266506,0.87200000,15.30000000,0.769
1749266807,0.77300000,13547.80000000,0.772
1749266807,0.77400000,23429.20000000,0.772
1749266807,0.77500000,15417.70000000,0.772
1749266807,0.77600000,14340.20000000,0.772
1749266807,0.77700000,5107.60000000,0.772
1749266807,0.77800000,6668.30000000,0.772
1749266807,0.77900000,2987.40000000,0.772
1749266807,0.78000000,11390.60000000,0.772
1749266807,0.78100000,1538.40000000,0.772
1749266807,0.78200000,1498.50000000,0.772
1749266807,0.78300000,3970.10000000,0.772
1749266807,0.78400000,989.30000000,0.772
1749266807,0.78500000,2436.10000000,0.772
1749266807,0.78600000,591.00000000,0.772
1749266807,0.78700000,970.50000000,0.772
1749266807,0.78800000,1958.80000000,0.772
1749266807,0.78900000,1210.20000000,0.772
1749266807,0.79000000,11610.80000000,0.772
1749266807,0.79100000,10531.70000000,0.772
1749266807,0.79200000,93.20000000,0.772
1749266807,0.79300000,907.70000000,0.772
1749266807,0.79400000,33.40000000,0.772
1749266807,0.79500000,2981.50000000,0.772
1749266807,0.79600000,1588.90000000,0.772
1749266807,0.79700000,28.90000000,0.772
1749266807,0.79800000,2398.20000000,0.772
1749266807,0.79900000,1355.30000000,0.772
1749266807,0.80000000,10778.60000000,0.772
1749266807,0.80100000,10866.70000000,0.772
1749266807,0.80200000,40.20000000,0.772
1749266807,0.80300000,944.60000000,0.772
1749266807,0.80400000,25.90000000,0.772
1749266807,0.80500000,2910.30000000,0.772
1749266807,0.80600000,54.80000000,0.772
1749266807,0.80700000,890.30000000,0.772
1749266807,0.80800000,2002.10000000,0.772
1749266807,0.80900000,13822.00000000,0.772
1749266807,0.81000000,62154.10000000,0.772
1749266807,0.81100000,4333.10000000,0.772
1749266807,0.81200000,1184.40000000,0.772
1749266807,0.81300000,2714.20000000,0.772
1749266807,0.81400000,242.50000000,0.772
1749266807,0.81500000,256.30000000,0.772
1749266807,0.81600000,329.50000000,0.772
1749266807,0.81700000,714.70000000,0.772
1749266807,0.81800000,103.60000000,0.772
1749266807,0.81900000,47.20000000,0.772
1749266807,0.82000000,376.60000000,0.772
1749266807,0.82100000,269.10000000,0.772
1749266807,0.82200000,40.70000000,0.772
1749266807,0.82300000,28.70000000,0.772
1749266807,0.82400000,1275.20000000,0.772
1749266807,0.82500000,110.00000000,0.772
1749266807,0.82600000,253.90000000,0.772
1749266807,0.82700000,13.30000000,0.772
1749266807,0.82800000,454.30000000,0.772
1749266807,0.82900000,644.80000000,0.772
1749266807,0.83000000,74.80000000,0.772
1749266807,0.83100000,13132.30000000,0.772
1749266807,0.83200000,32.40000000,0.772
1749266807,0.83300000,26.80000000,0.772
1749266807,0.83400000,40.40000000,0.772
1749266807,0.83500000,32.10000000,0.772
1749266807,0.83600000,13.20000000,0.772
1749266807,0.83700000,21.10000000,0.772
1749266807,0.83800000,107.70000000,0.772
1749266807,0.83900000,175.20000000,0.772
1749266807,0.84000000,613.80000000,0.772
1749266807,0.84100000,287.50000000,0.772
1749266807,0.84200000,58.70000000,0.772
1749266807,0.84300000,41.50000000,0.772
1749266807,0.84400000,317.50000000,0.772
1749266807,0.84500000,1412.00000000,0.772
1749266807,0.84700000,9.60000000,0.772
1749266807,0.84800000,24.60000000,0.772
1749266807,0.84900000,463.70000000,0.772
1749266807,0.85000000,17634.20000000,0.772
1749266807,0.85200000,102.90000000,0.772
1749266807,0.85300000,6249.80000000,0.772
1749266807,0.85400000,87.80000000,0.772
1749266807,0.85500000,147.70000000,0.772
1749266807,0.85600000,15.30000000,0.772
1749266807,0.85700000,529.60000000,0.772
1749266807,0.85800000,17.40000000,0.772
1749266807,0.85900000,6.40000000,0.772
1749266807,0.86000000,266.80000000,0.772
1749266807,0.86100000,49.00000000,0.772
1749266807,0.86200000,7.90000000,0.772
1749266807,0.86300000,18.10000000,0.772
1749266807,0.86400000,55.20000000,0.772
1749266807,0.86500000,668.80000000,0.772
1749266807,0.86700000,15.30000000,0.772
1749266807,0.86800000,29.90000000,0.772
1749266807,0.86900000,20.80000000,0.772
1749266807,0.87000000,586.10000000,0.772
1749266807,0.87100000,81.80000000,0.772
1749266807,0.87200000,15.30000000,0.772
1749266807,0.87300000,13.70000000,0.772
1749266807,0.87400000,772.00000000,0.772
1749266807,0.87500000,1025.60000000,0.772
1749267109,0.76900000,3908.60000000,0.769
1749267109,0.77000000,15875.20000000,0.769
1749267109,0.77100000,20951.70000000,0.769
1749267109,0.77200000,19161.30000000,0.769
1749267109,0.77300000,10789.40000000,0.769
1749267109,0.77400000,6079.00000000,0.769
1749267109,0.77500000,7850.00000000,0.769
1749267109,0.77600000,7807.80000000,0.769
1749267109,0.77700000,2867.50000000,0.769
1749267109,0.77800000,6549.70000000,0.769
1749267109,0.77900000,1590.90000000,0.769
1749267109,0.78000000,8294.50000000,0.769
1749267109,0.78100000,4007.40000000,0.769
1749267109,0.78200000,1017.50000000,0.769
1749267109,0.78300000,894.90000000,0.769
1749267109,0.78400000,1447.30000000,0.769
1749267109,0.78500000,2486.00000000,0.769
1749267109,0.78600000,1737.90000000,0.769
1749267109,0.78700000,920.60000000,0.769
1749267109,0.78800000,1585.60000000,0.769
1749267109,0.78900000,1210.20000000,0.769
1749267109,0.79000000,10278.00000000,0.769
1749267109,0.79100000,10531.70000000,0.769
1749267109,0.79200000,93.20000000,0.769
1749267109,0.79300000,907.70000000,0.769
1749267109,0.79400000,33.40000000,0.769
1749267109,0.79500000,2981.50000000,0.769
1749267109,0.79600000,1486.10000000,0.769
1749267109,0.79700000,131.70000000,0.769
1749267109,0.79800000,2398.20000000,0.769
1749267109,0.79900000,1355.30000000,0.769
1749267109,0.80000000,11226.60000000,0.769
1749267109,0.80100000,10866.70000000,0.769
1749267109,0.80200000,40.20000000,0.769
1749267109,0.80300000,944.60000000,0.769
1749267109,0.80400000,25.90000000,0.769
1749267109,0.80500000,2910.30000000,0.769
1749267109,0.80600000,54.80000000,0.769
1749267109,0.80700000,890.30000000,0.769
1749267109,0.80800000,1738.30000000,0.769
1749267109,0.80900000,26741.90000000,0.769
1749267109,0.81000000,49234.20000000,0.769
1749267109,0.81100000,4333.10000000,0.769
1749267109,0.81200000,329.40000000,0.769
1749267109,0.81300000,1859.20000000,0.769
1749267109,0.81400000,242.50000000,0.769
1749267109,0.81500000,256.30000000,0.769
1749267109,0.81600000,329.50000000,0.769
1749267109,0.81700000,714.70000000,0.769
1749267109,0.81800000,103.60000000,0.769
1749267109,0.81900000,47.20000000,0.769
1749267109,0.82000000,376.60000000,0.769
1749267109,0.82100000,269.10000000,0.769
1749267109,0.82200000,40.70000000,0.769
1749267109,0.82300000,28.70000000,0.769
1749267109,0.82400000,1275.20000000,0.769
1749267109,0.82500000,110.00000000,0.769
1749267109,0.82600000,253.90000000,0.769
1749267109,0.82700000,13.30000000,0.769
1749267109,0.82800000,454.30000000,0.769
1749267109,0.82900000,644.80000000,0.769
1749267109,0.83000000,74.80000000,0.769
1749267109,0.83100000,13132.30000000,0.769
1749267109,0.83200000,32.40000000,0.769
1749267109,0.83300000,26.80000000,0.769
1749267109,0.83400000,40.40000000,0.769
1749267109,0.83500000,32.10000000,0.769
1749267109,0.83600000,13.20000000,0.769
1749267109,0.83700000,21.10000000,0.769
1749267109,0.83800000,107.70000000,0.769
1749267109,0.83900000,175.20000000,0.769
1749267109,0.84000000,613.80000000,0.769
1749267109,0.84100000,287.50000000,0.769
1749267109,0.84200000,45.60000000,0.769
1749267109,0.84300000,28.40000000,0.769
1749267109,0.84400000,304.50000000,0.769
1749267109,0.84500000,1399.00000000,0.769
1749267109,0.84700000,9.60000000,0.769
1749267109,0.84800000,24.60000000,0.769
1749267109,0.84900000,727.50000000,0.769
1749267109,0.85000000,17634.20000000,0.769
1749267109,0.85200000,102.90000000,0.769
1749267109,0.85300000,6249.80000000,0.769
1749267109,0.85400000,87.80000000,0.769
1749267109,0.85500000,147.70000000,0.769
1749267109,0.85600000,15.30000000,0.769
1749267109,0.85700000,529.60000000,0.769
1749267109,0.85800000,17.40000000,0.769
1749267109,0.85900000,6.40000000,0.769
1749267109,0.86000000,266.80000000,0.769
1749267109,0.86100000,49.00000000,0.769
1749267109,0.86200000,7.90000000,0.769
1749267109,0.86300000,18.10000000,0.769
1749267109,0.86400000,55.20000000,0.769
1749267109,0.86500000,668.80000000,0.769
1749267109,0.86700000,15.30000000,0.769
1749267109,0.86800000,29.90000000,0.769
1749267109,0.86900000,20.80000000,0.769
1749267109,0.87000000,586.10000000,0.769
1749267109,0.87100000,81.80000000,0.769
1749267410,0.77200000,16663.60000000,0.771
1749267410,0.77300000,39370.00000000,0.771
1749267410,0.77400000,12997.50000000,0.771
1749267410,0.77500000,11685.20000000,0.771
1749267410,0.77600000,7741.10000000,0.771
1749267410,0.77700000,4420.30000000,0.771
1749267410,0.77800000,7319.00000000,0.771
1749267410,0.77900000,1590.90000000,0.771
1749267410,0.78000000,7688.90000000,0.771
1749267410,0.78100000,4007.40000000,0.771
1749267410,0.78200000,1017.50000000,0.771
1749267410,0.78300000,894.90000000,0.771
1749267410,0.78400000,1447.30000000,0.771
1749267410,0.78500000,2486.00000000,0.771
1749267410,0.78600000,80.70000000,0.771
1749267410,0.78700000,2216.60000000,0.771
1749267410,0.78800000,2595.60000000,0.771
1749267410,0.78900000,1210.20000000,0.771
1749267410,0.79000000,10278.00000000,0.771
1749267410,0.79100000,10531.70000000,0.771
1749267410,0.79200000,93.20000000,0.771
1749267410,0.79300000,907.70000000,0.771
1749267410,0.79400000,33.40000000,0.771
1749267410,0.79500000,2981.50000000,0.771
1749267410,0.79600000,1516.20000000,0.771
1749267410,0.79700000,28.90000000,0.771
1749267410,0.79800000,2501.00000000,0.771
1749267410,0.79900000,1325.20000000,0.771
1749267410,0.80000000,11226.60000000,0.771
1749267410,0.80100000,10866.70000000,0.771
1749267410,0.80200000,40.20000000,0.771
1749267410,0.80300000,944.60000000,0.771
1749267410,0.80400000,25.90000000,0.771
1749267410,0.80500000,2910.30000000,0.771
1749267410,0.80600000,54.80000000,0.771
1749267410,0.80700000,890.30000000,0.771
1749267410,0.80800000,2002.10000000,0.771
1749267410,0.80900000,26842.50000000,0.771
1749267410,0.81000000,60545.00000000,0.771
1749267410,0.81100000,4333.10000000,0.771
1749267410,0.81200000,1184.40000000,0.771
1749267410,0.81300000,1859.20000000,0.771
1749267410,0.81400000,242.50000000,0.771
1749267410,0.81500000,256.30000000,0.771
1749267410,0.81600000,329.50000000,0.771
1749267410,0.81700000,714.70000000,0.771
1749267410,0.81800000,103.60000000,0.771
1749267410,0.81900000,47.20000000,0.771
1749267410,0.82000000,376.60000000,0.771
1749267410,0.82100000,269.10000000,0.771
1749267410,0.82200000,40.70000000,0.771
1749267410,0.82300000,28.70000000,0.771
1749267410,0.82400000,1275.20000000,0.771
1749267410,0.82500000,110.00000000,0.771
1749267410,0.82600000,253.90000000,0.771
1749267410,0.82700000,13.30000000,0.771
1749267410,0.82800000,454.30000000,0.771
1749267410,0.82900000,644.80000000,0.771
1749267410,0.83000000,74.80000000,0.771
1749267410,0.83100000,13132.30000000,0.771
1749267410,0.83200000,32.40000000,0.771
1749267410,0.83300000,26.80000000,0.771
1749267410,0.83400000,40.40000000,0.771
1749267410,0.83500000,32.10000000,0.771
1749267410,0.83600000,13.20000000,0.771
1749267410,0.83700000,21.10000000,0.771
1749267410,0.83800000,107.70000000,0.771
1749267410,0.83900000,175.20000000,0.771
1749267410,0.84000000,613.80000000,0.771
1749267410,0.84100000,287.50000000,0.771
1749267410,0.84200000,58.70000000,0.771
1749267410,0.84300000,41.50000000,0.771
1749267410,0.84400000,317.50000000,0.771
1749267410,0.84500000,1399.00000000,0.771
1749267410,0.84700000,9.60000000,0.771
1749267410,0.84800000,24.60000000,0.771
1749267410,0.84900000,363.10000000,0.771
1749267410,0.85000000,17634.20000000,0.771
1749267410,0.85200000,102.90000000,0.771
1749267410,0.85300000,6249.80000000,0.771
1749267410,0.85400000,87.80000000,0.771
1749267410,0.85500000,147.70000000,0.771
1749267410,0.85600000,15.30000000,0.771
1749267410,0.85700000,529.60000000,0.771
1749267410,0.85800000,17.40000000,0.771
1749267410,0.85900000,6.40000000,0.771
1749267410,0.86000000,266.80000000,0.771
1749267410,0.86100000,49.00000000,0.771
1749267410,0.86200000,7.90000000,0.771
1749267410,0.86300000,18.10000000,0.771
1749267410,0.86400000,55.20000000,0.771
1749267410,0.86500000,668.80000000,0.771
1749267410,0.86700000,15.30000000,0.771
1749267410,0.86800000,29.90000000,0.771
1749267410,0.86900000,20.80000000,0.771
1749267410,0.87000000,586.10000000,0.771
1749267410,0.87100000,81.80000000,0.771
1749267410,0.87200000,15.30000000,0.771
1749267410,0.87300000,13.70000000,0.771
1749267410,0.87400000,772.00000000,0.771
1749267712,0.77200000,13991.70000000,0.771
1749267712,0.77300000,33697.10000000,0.771
1749267712,0.77400000,20256.50000000,0.771
1749267712,0.77500000,11906.30000000,0.771
1749267712,0.77600000,7915.70000000,0.771
1749267712,0.77700000,4420.30000000,0.771
1749267712,0.77800000,7319.00000000,0.771
1749267712,0.77900000,1568.70000000,0.771
1749267712,0.78000000,7688.90000000,0.771
1749267712,0.78100000,932.20000000,0.771
1749267712,0.78200000,916.40000000,0.771
1749267712,0.78300000,3970.10000000,0.771
1749267712,0.78400000,1548.40000000,0.771
1749267712,0.78500000,2436.10000000,0.771
1749267712,0.78600000,80.70000000,0.771
1749267712,0.78700000,2266.50000000,0.771
1749267712,0.78800000,2595.60000000,0.771
1749267712,0.78900000,1210.20000000,0.771
1749267712,0.79000000,10278.00000000,0.771
1749267712,0.79100000,10531.70000000,0.771
1749267712,0.79200000,93.20000000,0.771
1749267712,0.79300000,907.70000000,0.771
1749267712,0.79400000,33.40000000,0.771
1749267712,0.79500000,2981.50000000,0.771
1749267712,0.79600000,1516.20000000,0.771
1749267712,0.79700000,28.90000000,0.771
1749267712,0.79800000,2501.00000000,0.771
1749267712,0.79900000,1325.20000000,0.771
1749267712,0.80000000,11226.60000000,0.771
1749267712,0.80100000,10866.70000000,0.771
1749267712,0.80200000,40.20000000,0.771
1749267712,0.80300000,944.60000000,0.771
1749267712,0.80400000,25.90000000,0.771
1749267712,0.80500000,2910.30000000,0.771
1749267712,0.80600000,54.80000000,0.771
1749267712,0.80700000,890.30000000,0.771
1749267712,0.80800000,2002.10000000,0.771
1749267712,0.80900000,26741.90000000,0.771
1749267712,0.81000000,60545.00000000,0.771
1749267712,0.81100000,4333.10000000,0.771
1749267712,0.81200000,1184.40000000,0.771
1749267712,0.81300000,2714.20000000,0.771
1749267712,0.81400000,1097.50000000,0.771
1749267712,0.81500000,1111.30000000,0.771
1749267712,0.81600000,329.50000000,0.771
1749267712,0.81700000,714.70000000,0.771
1749267712,0.81800000,103.60000000,0.771
1749267712,0.81900000,47.20000000,0.771
1749267712,0.82000000,376.60000000,0.771
1749267712,0.82100000,269.10000000,0.771
1749267712,0.82200000,40.70000000,0.771
1749267712,0.82300000,28.70000000,0.771
1749267712,0.82400000,1275.20000000,0.771
1749267712,0.82500000,110.00000000,0.771
1749267712,0.82600000,253.90000000,0.771
1749267712,0.82700000,13.30000000,0.771
1749267712,0.82800000,454.30000000,0.771
1749267712,0.82900000,644.80000000,0.771
1749267712,0.83000000,175.40000000,0.771
1749267712,0.83100000,13132.30000000,0.771
1749267712,0.83200000,32.40000000,0.771
1749267712,0.83300000,26.80000000,0.771
1749267712,0.83400000,40.40000000,0.771
1749267712,0.83500000,32.10000000,0.771
1749267712,0.83600000,13.20000000,0.771
1749267712,0.83700000,21.10000000,0.771
1749267712,0.83800000,107.70000000,0.771
1749267712,0.83900000,175.20000000,0.771
1749267712,0.84000000,613.80000000,0.771
1749267712,0.84100000,287.50000000,0.771
1749267712,0.84200000,58.70000000,0.771
1749267712,0.84300000,41.50000000,0.771
1749267712,0.84400000,317.50000000,0.771
1749267712,0.84500000,1399.00000000,0.771
1749267712,0.84700000,9.60000000,0.771
1749267712,0.84800000,24.60000000,0.771
1749267712,0.84900000,363.10000000,0.771
1749267712,0.85000000,17634.20000000,0.771
1749267712,0.85200000,102.90000000,0.771
1749267712,0.85300000,6249.80000000,0.771
