timestamp,price,volume,current_price
1749254551,0.74000000,1681.90000000,0.74
1749254551,0.74100000,47622.80000000,0.74
1749254551,0.74200000,30267.50000000,0.74
1749254551,0.74300000,16783.90000000,0.74
1749254551,0.74400000,8746.20000000,0.74
1749254551,0.74500000,9751.00000000,0.74
1749254551,0.74600000,8203.40000000,0.74
1749254551,0.74700000,2544.50000000,0.74
1749254551,0.74800000,3309.50000000,0.74
1749254551,0.74900000,2463.00000000,0.74
1749254551,0.75000000,3947.00000000,0.74
1749254551,0.75100000,7429.20000000,0.74
1749254551,0.75200000,1561.10000000,0.74
1749254551,0.75300000,1588.20000000,0.74
1749254551,0.75400000,938.90000000,0.74
1749254551,0.75500000,3984.80000000,0.74
1749254551,0.75600000,2447.90000000,0.74
1749254551,0.75700000,992.30000000,0.74
1749254551,0.75800000,902.60000000,0.74
1749254551,0.75900000,2535.90000000,0.74
1749254551,0.76000000,3146.30000000,0.74
1749254551,0.76100000,887.30000000,0.74
1749254551,0.76200000,179.30000000,0.74
1749254551,0.76300000,894.00000000,0.74
1749254551,0.76400000,1179.00000000,0.74
1749254551,0.76500000,914.90000000,0.74
1749254551,0.76600000,72.90000000,0.74
1749254551,0.76700000,981.40000000,0.74
1749254551,0.76800000,75.10000000,0.74
1749254551,0.76900000,904.30000000,0.74
1749254551,0.77000000,1727.70000000,0.74
1749254551,0.77100000,28.20000000,0.74
1749254551,0.77200000,46.10000000,0.74
1749254551,0.77300000,875.00000000,0.74
1749254551,0.77400000,1335.90000000,0.74
1749254551,0.77500000,4265.90000000,0.74
1749254551,0.77600000,34.30000000,0.74
1749254551,0.77700000,55.70000000,0.74
1749254551,0.77800000,85.00000000,0.74
1749254551,0.77900000,877.10000000,0.74
1749254551,0.78000000,6184.70000000,0.74
1749254551,0.78100000,57.50000000,0.74
1749254551,0.78200000,41.70000000,0.74
1749254551,0.78300000,48.30000000,0.74
1749254551,0.78400000,868.50000000,0.74
1749254551,0.78500000,1426.20000000,0.74
1749254551,0.78600000,22.10000000,0.74
1749254551,0.78700000,53.10000000,0.74
1749254551,0.78800000,73.60000000,0.74
1749254551,0.78900000,877.30000000,0.74
1749254551,0.79000000,3804.20000000,0.74
1749254551,0.79100000,69.20000000,0.74
1749254551,0.79200000,83.40000000,0.74
1749254551,0.79300000,42.90000000,0.74
1749254551,0.79400000,13.50000000,0.74
1749254551,0.79500000,2126.50000000,0.74
1749254551,0.79600000,334.60000000,0.74
1749254551,0.79700000,1108.10000000,0.74
1749254551,0.79800000,1543.20000000,0.74
1749254551,0.79900000,33022.30000000,0.74
1749254551,0.80000000,20013.50000000,0.74
1749254551,0.80100000,10011.70000000,0.74
1749254551,0.80200000,40.20000000,0.74
1749254551,0.80300000,89.60000000,0.74
1749254551,0.80400000,25.90000000,0.74
1749254551,0.80500000,2055.30000000,0.74
1749254551,0.80600000,54.80000000,0.74
1749254551,0.80700000,35.30000000,0.74
1749254551,0.80800000,37.60000000,0.74
1749254551,0.80900000,13169.00000000,0.74
1749254551,0.81000000,48366.90000000,0.74
1749254551,0.81100000,3478.10000000,0.74
1749254551,0.81200000,329.40000000,0.74
1749254551,0.81300000,1845.60000000,0.74
1749254551,0.81400000,228.90000000,0.74
1749254551,0.81500000,214.10000000,0.74
1749254551,0.81600000,316.00000000,0.74
1749254551,0.81700000,701.20000000,0.74
1749254551,0.81800000,90.10000000,0.74
1749254551,0.81900000,33.70000000,0.74
1749254551,0.82000000,363.10000000,0.74
1749254551,0.82100000,255.70000000,0.74
1749254551,0.82200000,20.70000000,0.74
1749254551,0.82300000,15.30000000,0.74
1749254551,0.82400000,1261.80000000,0.74
1749254551,0.82500000,106.80000000,0.74
1749254551,0.82600000,240.60000000,0.74
1749254551,0.82800000,441.00000000,0.74
1749254551,0.82900000,631.50000000,0.74
1749254551,0.83000000,61.50000000,0.74
1749254551,0.83100000,13119.00000000,0.74
1749254551,0.83200000,19.20000000,0.74
1749254551,0.83300000,13.60000000,0.74
1749254551,0.83400000,27.20000000,0.74
1749254551,0.83500000,18.90000000,0.74
1749254551,0.83700000,7.90000000,0.74
1749254551,0.83800000,94.60000000,0.74
1749254551,0.83900000,162.10000000,0.74
1749254551,0.84000000,600.70000000,0.74
1749254551,0.84100000,274.40000000,0.74
1749254853,0.74100000,14225.20000000,0.74
1749254853,0.74200000,52540.50000000,0.74
1749254853,0.74300000,30066.30000000,0.74
1749254853,0.74400000,11358.50000000,0.74
1749254853,0.74500000,11067.70000000,0.74
1749254853,0.74600000,8507.30000000,0.74
1749254853,0.74700000,1970.80000000,0.74
1749254853,0.74800000,3614.10000000,0.74
1749254853,0.74900000,2429.30000000,0.74
1749254853,0.75000000,3913.30000000,0.74
1749254853,0.75100000,7429.20000000,0.74
1749254853,0.75200000,1561.10000000,0.74
1749254853,0.75300000,1588.20000000,0.74
1749254853,0.75400000,938.90000000,0.74
1749254853,0.75500000,4034.70000000,0.74
1749254853,0.75600000,2447.90000000,0.74
1749254853,0.75700000,942.40000000,0.74
1749254853,0.75800000,902.60000000,0.74
1749254853,0.75900000,2535.90000000,0.74
1749254853,0.76000000,3146.30000000,0.74
1749254853,0.76100000,887.30000000,0.74
1749254853,0.76200000,179.30000000,0.74
1749254853,0.76300000,894.00000000,0.74
1749254853,0.76400000,1179.00000000,0.74
1749254853,0.76500000,914.90000000,0.74
1749254853,0.76600000,72.90000000,0.74
1749254853,0.76700000,981.40000000,0.74
1749254853,0.76800000,75.10000000,0.74
1749254853,0.76900000,904.30000000,0.74
1749254853,0.77000000,1727.70000000,0.74
1749254853,0.77100000,28.20000000,0.74
1749254853,0.77200000,46.10000000,0.74
1749254853,0.77300000,875.00000000,0.74
1749254853,0.77400000,1335.90000000,0.74
1749254853,0.77500000,4265.90000000,0.74
1749254853,0.77600000,34.30000000,0.74
1749254853,0.77700000,55.70000000,0.74
1749254853,0.77800000,85.00000000,0.74
1749254853,0.77900000,877.10000000,0.74
1749254853,0.78000000,6184.70000000,0.74
1749254853,0.78100000,57.50000000,0.74
1749254853,0.78200000,41.70000000,0.74
1749254853,0.78300000,48.30000000,0.74
1749254853,0.78400000,868.50000000,0.74
1749254853,0.78500000,1426.20000000,0.74
1749254853,0.78600000,22.10000000,0.74
1749254853,0.78700000,53.10000000,0.74
1749254853,0.78800000,73.60000000,0.74
1749254853,0.78900000,877.30000000,0.74
1749254853,0.79000000,3804.20000000,0.74
1749254853,0.79100000,69.20000000,0.74
1749254853,0.79200000,83.40000000,0.74
1749254853,0.79300000,42.90000000,0.74
1749254853,0.79400000,13.50000000,0.74
1749254853,0.79500000,2126.50000000,0.74
1749254853,0.79600000,334.60000000,0.74
1749254853,0.79700000,1108.10000000,0.74
1749254853,0.79800000,1643.80000000,0.74
1749254853,0.79900000,46077.10000000,0.74
1749254853,0.80000000,20013.50000000,0.74
1749254853,0.80100000,10011.70000000,0.74
1749254853,0.80200000,40.20000000,0.74
1749254853,0.80300000,89.60000000,0.74
1749254853,0.80400000,25.90000000,0.74
1749254853,0.80500000,2055.30000000,0.74
1749254853,0.80600000,54.80000000,0.74
1749254853,0.80700000,35.30000000,0.74
1749254853,0.80800000,37.60000000,0.74
1749254853,0.80900000,13.60000000,0.74
1749254853,0.81000000,48366.90000000,0.74
1749254853,0.81100000,3478.10000000,0.74
1749254853,0.81200000,329.40000000,0.74
1749254853,0.81300000,1859.20000000,0.74
1749254853,0.81400000,228.90000000,0.74
1749254853,0.81500000,214.10000000,0.74
1749254853,0.81600000,316.00000000,0.74
1749254853,0.81700000,701.20000000,0.74
1749254853,0.81800000,90.10000000,0.74
1749254853,0.81900000,33.70000000,0.74
1749254853,0.82000000,363.10000000,0.74
1749254853,0.82100000,255.70000000,0.74
1749254853,0.82200000,20.70000000,0.74
1749254853,0.82300000,15.30000000,0.74
1749254853,0.82400000,1261.80000000,0.74
1749254853,0.82500000,106.80000000,0.74
1749254853,0.82600000,240.60000000,0.74
1749254853,0.82800000,441.00000000,0.74
1749254853,0.82900000,631.50000000,0.74
1749254853,0.83000000,61.50000000,0.74
1749254853,0.83100000,13119.00000000,0.74
1749254853,0.83200000,19.20000000,0.74
1749254853,0.83300000,13.60000000,0.74
1749254853,0.83400000,27.20000000,0.74
1749254853,0.83500000,18.90000000,0.74
1749254853,0.83700000,7.90000000,0.74
1749254853,0.83800000,94.60000000,0.74
1749254853,0.83900000,162.10000000,0.74
1749254853,0.84000000,600.70000000,0.74
1749254853,0.84100000,274.40000000,0.74
1749254853,0.84200000,45.60000000,0.74
