timestamp,price,volume,current_price
1749254514,1.95000000,1176.12000000,1.949
1749254514,1.95100000,13379.00000000,1.949
1749254514,1.95200000,25796.93000000,1.949
1749254514,1.95300000,20489.03000000,1.949
1749254514,1.95400000,16792.76000000,1.949
1749254514,1.95500000,11450.59000000,1.949
1749254514,1.95600000,12093.69000000,1.949
1749254514,1.95700000,3185.59000000,1.949
1749254514,1.95800000,6396.36000000,1.949
1749254514,1.95900000,3801.98000000,1.949
1749254514,1.96000000,7403.43000000,1.949
1749254514,1.96100000,1902.53000000,1.949
1749254514,1.96200000,720.63000000,1.949
1749254514,1.96300000,1880.67000000,1.949
1749254514,1.96400000,731.51000000,1.949
1749254514,1.96500000,3336.09000000,1.949
1749254514,1.96600000,2160.60000000,1.949
1749254514,1.96700000,1402.21000000,1.949
1749254514,1.96800000,14524.88000000,1.949
1749254514,1.96900000,1551.55000000,1.949
1749254514,1.97000000,548.33000000,1.949
1749254514,1.97100000,1968.09000000,1.949
1749254514,1.97200000,1478.90000000,1.949
1749254514,1.97300000,2263.76000000,1.949
1749254514,1.97400000,60.96000000,1.949
1749254514,1.97500000,1425.19000000,1.949
1749254514,1.97600000,292.76000000,1.949
1749254514,1.97700000,8.98000000,1.949
1749254514,1.97800000,2052.10000000,1.949
1749254514,1.97900000,273.02000000,1.949
1749254514,1.98000000,87.82000000,1.949
1749254514,1.98100000,1424.07000000,1.949
1749254514,1.98200000,1551.32000000,1.949
1749254514,1.98300000,43121.16000000,1.949
1749254514,1.98400000,1513.47000000,1.949
1749254514,1.98500000,42411.31000000,1.949
1749254514,1.98600000,5.14000000,1.949
1749254514,1.98700000,642.57000000,1.949
1749254514,1.98800000,62.67000000,1.949
1749254514,1.98900000,13.05000000,1.949
1749254514,1.99000000,242.72000000,1.949
1749254514,1.99100000,10.72000000,1.949
1749254514,1.99200000,7.91000000,1.949
1749254514,1.99300000,10.39000000,1.949
1749254514,1.99400000,76.24000000,1.949
1749254514,1.99500000,33.65000000,1.949
1749254514,1.99600000,8.58000000,1.949
1749254514,1.99700000,8.25000000,1.949
1749254514,1.99800000,70.55000000,1.949
1749254514,1.99900000,5.14000000,1.949
1749254514,2.00000000,199.94000000,1.949
1749254514,2.00100000,5.14000000,1.949
1749254514,2.00200000,80.66000000,1.949
1749254514,2.00300000,24.28000000,1.949
1749254514,2.00400000,15.57000000,1.949
1749254514,2.00500000,5.14000000,1.949
1749254514,2.00600000,8.31000000,1.949
1749254514,2.00700000,10.65000000,1.949
1749254514,2.00800000,11.57000000,1.949
1749254514,2.00900000,196.67000000,1.949
1749254514,2.01000000,5.18000000,1.949
1749254514,2.01100000,83.67000000,1.949
1749254514,2.01200000,5.17000000,1.949
1749254514,2.01300000,5.17000000,1.949
1749254514,2.01400000,5.16000000,1.949
1749254514,2.01500000,223.16000000,1.949
1749254514,2.01600000,268.95000000,1.949
1749254514,2.01700000,7.71000000,1.949
1749254514,2.01800000,8.99000000,1.949
1749254514,2.01900000,80.67000000,1.949
1749254514,2.02000000,52.43000000,1.949
1749254514,2.02100000,5.14000000,1.949
1749254514,2.02200000,199.62000000,1.949
1749254514,2.02300000,5.14000000,1.949
1749254514,2.02400000,5.14000000,1.949
1749254514,2.02500000,7.68000000,1.949
1749254514,2.02600000,579.97000000,1.949
1749254514,2.02800000,7.23000000,1.949
1749254514,2.02900000,15.34000000,1.949
1749254514,2.03000000,16.59000000,1.949
1749254514,2.03100000,116.77000000,1.949
1749254514,2.03300000,53.64000000,1.949
1749254514,2.03400000,2.55000000,1.949
1749254514,2.03600000,2.98000000,1.949
1749254514,2.03700000,2.95000000,1.949
1749254514,2.03800000,31.31000000,1.949
1749254514,2.03900000,257.68000000,1.949
1749254514,2.04000000,8.52000000,1.949
1749254514,2.04300000,5.99000000,1.949
1749254514,2.04500000,262.93000000,1.949
1749254514,2.04600000,2.97000000,1.949
1749254514,2.04800000,268.90000000,1.949
1749254514,2.05000000,442.92000000,1.949
1749254514,2.05100000,473.17000000,1.949
1749254514,2.05400000,57.20000000,1.949
1749254514,2.05500000,139.82000000,1.949
1749254514,2.05600000,10.30000000,1.949
1749254514,2.05700000,5.37000000,1.949
1749254514,2.05800000,42.66000000,1.949
1749254514,2.05900000,11.04000000,1.949
1749254820,1.95200000,1043.60000000,1.951
1749254820,1.95300000,12409.35000000,1.951
1749254820,1.95400000,22542.43000000,1.951
1749254820,1.95500000,25423.57000000,1.951
1749254820,1.95600000,17643.86000000,1.951
1749254820,1.95700000,9232.04000000,1.951
1749254820,1.95800000,3551.15000000,1.951
1749254820,1.95900000,8701.11000000,1.951
1749254820,1.96000000,2184.43000000,1.951
1749254820,1.96100000,6411.75000000,1.951
1749254820,1.96200000,8297.04000000,1.951
1749254820,1.96300000,1912.66000000,1.951
1749254820,1.96400000,718.70000000,1.951
1749254820,1.96500000,3336.09000000,1.951
1749254820,1.96600000,2147.79000000,1.951
1749254820,1.96700000,705.17000000,1.951
1749254820,1.96800000,10206.21000000,1.951
1749254820,1.96900000,1920.85000000,1.951
1749254820,1.97000000,1280.43000000,1.951
1749254820,1.97100000,1968.09000000,1.951
1749254820,1.97200000,5780.19000000,1.951
1749254820,1.97300000,2263.76000000,1.951
1749254820,1.97400000,60.96000000,1.951
1749254820,1.97500000,1425.19000000,1.951
1749254820,1.97600000,292.76000000,1.951
1749254820,1.97700000,8.98000000,1.951
1749254820,1.97800000,1451.89000000,1.951
1749254820,1.97900000,273.02000000,1.951
1749254820,1.98000000,714.73000000,1.951
1749254820,1.98100000,1424.07000000,1.951
1749254820,1.98200000,1283.05000000,1.951
1749254820,1.98300000,43121.16000000,1.951
1749254820,1.98400000,1513.47000000,1.951
1749254820,1.98500000,42411.31000000,1.951
1749254820,1.98600000,5.14000000,1.951
1749254820,1.98700000,910.84000000,1.951
1749254820,1.98800000,62.67000000,1.951
1749254820,1.98900000,13.05000000,1.951
1749254820,1.99000000,242.72000000,1.951
1749254820,1.99100000,10.72000000,1.951
1749254820,1.99200000,7.91000000,1.951
1749254820,1.99300000,10.39000000,1.951
1749254820,1.99400000,76.24000000,1.951
1749254820,1.99500000,33.65000000,1.951
1749254820,1.99600000,8.58000000,1.951
1749254820,1.99700000,8.25000000,1.951
1749254820,1.99800000,70.55000000,1.951
1749254820,1.99900000,5.14000000,1.951
1749254820,2.00000000,199.94000000,1.951
1749254820,2.00100000,5.14000000,1.951
1749254820,2.00200000,80.66000000,1.951
1749254820,2.00300000,24.28000000,1.951
1749254820,2.00400000,15.57000000,1.951
1749254820,2.00500000,5.14000000,1.951
1749254820,2.00600000,8.31000000,1.951
1749254820,2.00700000,10.65000000,1.951
1749254820,2.00800000,11.57000000,1.951
1749254820,2.00900000,196.67000000,1.951
1749254820,2.01000000,5.18000000,1.951
1749254820,2.01100000,83.67000000,1.951
1749254820,2.01200000,5.17000000,1.951
1749254820,2.01300000,5.17000000,1.951
1749254820,2.01400000,5.16000000,1.951
1749254820,2.01500000,223.16000000,1.951
1749254820,2.01600000,268.95000000,1.951
1749254820,2.01700000,7.71000000,1.951
1749254820,2.01800000,8.99000000,1.951
1749254820,2.01900000,80.67000000,1.951
1749254820,2.02000000,52.43000000,1.951
1749254820,2.02100000,5.14000000,1.951
1749254820,2.02200000,199.62000000,1.951
1749254820,2.02300000,5.14000000,1.951
1749254820,2.02400000,5.14000000,1.951
1749254820,2.02500000,7.68000000,1.951
1749254820,2.02600000,585.10000000,1.951
1749254820,2.02700000,5.13000000,1.951
1749254820,2.02800000,7.23000000,1.951
1749254820,2.02900000,15.34000000,1.951
1749254820,2.03000000,16.59000000,1.951
1749254820,2.03100000,116.77000000,1.951
1749254820,2.03300000,53.64000000,1.951
1749254820,2.03400000,2.55000000,1.951
1749254820,2.03600000,2.98000000,1.951
1749254820,2.03700000,2.95000000,1.951
1749254820,2.03800000,31.31000000,1.951
1749254820,2.03900000,253.28000000,1.951
1749254820,2.04000000,8.52000000,1.951
1749254820,2.04300000,5.99000000,1.951
1749254820,2.04500000,262.93000000,1.951
1749254820,2.04600000,2.97000000,1.951
1749254820,2.04800000,268.90000000,1.951
1749254820,2.05000000,442.92000000,1.951
1749254820,2.05100000,473.17000000,1.951
1749254820,2.05400000,57.20000000,1.951
1749254820,2.05500000,139.82000000,1.951
1749254820,2.05600000,10.30000000,1.951
1749254820,2.05700000,5.37000000,1.951
1749254820,2.05800000,42.66000000,1.951
1749254820,2.05900000,11.04000000,1.951
1749254820,2.06000000,15.89000000,1.951
