timestamp,price,volume,current_price
1749260700,1.98100000,950.68000000,1.981
1749260700,1.98200000,12273.64000000,1.981
1749260700,1.98300000,31430.64000000,1.981
1749260700,1.98400000,26017.27000000,1.981
1749260700,1.98500000,16126.52000000,1.981
1749260700,1.98600000,11749.34000000,1.981
1749260700,1.98700000,2636.72000000,1.981
1749260700,1.98800000,13085.70000000,1.981
1749260700,1.98900000,4862.71000000,1.981
1749260700,1.99000000,3487.03000000,1.981
1749260700,1.99100000,7485.61000000,1.981
1749260700,1.99200000,1902.01000000,1.981
1749260700,1.99300000,826.61000000,1.981
1749260700,1.99400000,4281.41000000,1.981
1749260700,1.99500000,2745.60000000,1.981
1749260700,1.99600000,2086.02000000,1.981
1749260700,1.99700000,1283.50000000,1.981
1749260700,1.99800000,4890.40000000,1.981
1749260700,1.99900000,60.19000000,1.981
1749260700,2.00000000,8302.04000000,1.981
1749260700,2.00100000,698.91000000,1.981
1749260700,2.00200000,1425.14000000,1.981
1749260700,2.00300000,20.29000000,1.981
1749260700,2.00400000,22.11000000,1.981
1749260700,2.00500000,1425.13000000,1.981
1749260700,2.00600000,12.09000000,1.981
1749260700,2.00700000,194.64000000,1.981
1749260700,2.00800000,1434.30000000,1.981
1749260700,2.00900000,277.23000000,1.981
1749260700,2.01000000,8.96000000,1.981
1749260700,2.01100000,3420.75000000,1.981
1749260700,2.01200000,11.68000000,1.981
1749260700,2.01300000,3129.06000000,1.981
1749260700,2.01400000,1421.37000000,1.981
1749260700,2.01500000,223.16000000,1.981
1749260700,2.01600000,7.89000000,1.981
1749260700,2.01700000,1423.92000000,1.981
1749260700,2.01800000,8.99000000,1.981
1749260700,2.01900000,5.15000000,1.981
1749260700,2.02000000,684.59000000,1.981
1749260700,2.02100000,5.14000000,1.981
1749260700,2.02200000,35.20000000,1.981
1749260700,2.02300000,856.94000000,1.981
1749260700,2.02400000,5.14000000,1.981
1749260700,2.02500000,41132.50000000,1.981
1749260700,2.02600000,755.38000000,1.981
1749260700,2.02700000,5.13000000,1.981
1749260700,2.02800000,42335.80000000,1.981
1749260700,2.02900000,649.90000000,1.981
1749260700,2.03000000,97.23000000,1.981
1749260700,2.03100000,7.78000000,1.981
1749260700,2.03200000,5.12000000,1.981
1749260700,2.03300000,58.75000000,1.981
1749260700,2.03400000,199.15000000,1.981
1749260700,2.03500000,5.11000000,1.981
1749260700,2.03600000,8.09000000,1.981
1749260700,2.03700000,8.05000000,1.981
1749260700,2.03800000,36.41000000,1.981
1749260700,2.03900000,5.10000000,1.981
1749260700,2.04000000,277.41000000,1.981
1749260700,2.04100000,5.09000000,1.981
1749260700,2.04200000,5.09000000,1.981
1749260700,2.04300000,11.08000000,1.981
1749260700,2.04400000,5.09000000,1.981
1749260700,2.04500000,8.25000000,1.981
1749260700,2.04600000,8.05000000,1.981
1749260700,2.04700000,5.08000000,1.981
1749260700,2.04800000,17.83000000,1.981
1749260700,2.04900000,169.49000000,1.981
1749260700,2.05000000,26173.99000000,1.981
1749260700,2.05100000,478.32000000,1.981
1749260700,2.05200000,100.96000000,1.981
1749260700,2.05300000,80.58000000,1.981
1749260700,2.05400000,62.26000000,1.981
1749260700,2.05500000,355.84000000,1.981
1749260700,2.05600000,15.36000000,1.981
1749260700,2.05700000,5.37000000,1.981
1749260700,2.05800000,42.66000000,1.981
1749260700,2.05900000,11.04000000,1.981
1749260700,2.06000000,466.89000000,1.981
1749260700,2.06300000,268.78000000,1.981
1749260700,2.06500000,4.69000000,1.981
1749260700,2.06600000,5.25000000,1.981
1749260700,2.06700000,20.69000000,1.981
1749260700,2.06800000,3.84000000,1.981
1749260700,2.06900000,41.16000000,1.981
1749260700,2.07000000,17.54000000,1.981
1749260700,2.07100000,7.70000000,1.981
1749260700,2.07300000,8.90000000,1.981
1749260700,2.07400000,34.79000000,1.981
1749260700,2.07500000,26.75000000,1.981
1749260700,2.07600000,708.05000000,1.981
1749260700,2.07700000,59.63000000,1.981
1749260700,2.07800000,261.83000000,1.981
1749260700,2.07900000,84.94000000,1.981
1749260700,2.08000000,2006.11000000,1.981
1749260700,2.08100000,2.98000000,1.981
1749260700,2.08200000,14.96000000,1.981
1749260700,2.08400000,538.03000000,1.981
1749260700,2.08500000,31.66000000,1.981
1749261019,1.97800000,1868.79000000,1.977
1749261019,1.97900000,6868.69000000,1.977
1749261019,1.98000000,19747.83000000,1.977
1749261019,1.98100000,24131.86000000,1.977
1749261019,1.98200000,21231.19000000,1.977
1749261019,1.98300000,11385.89000000,1.977
1749261019,1.98400000,6303.87000000,1.977
1749261019,1.98500000,6077.95000000,1.977
1749261019,1.98600000,7025.37000000,1.977
1749261019,1.98700000,6141.63000000,1.977
1749261019,1.98800000,8736.14000000,1.977
1749261019,1.98900000,11207.09000000,1.977
1749261019,1.99000000,1853.65000000,1.977
1749261019,1.99100000,702.45000000,1.977
1749261019,1.99200000,1902.01000000,1.977
1749261019,1.99300000,826.61000000,1.977
1749261019,1.99400000,1824.79000000,1.977
1749261019,1.99500000,4995.85000000,1.977
1749261019,1.99600000,2404.74000000,1.977
1749261019,1.99700000,131.86000000,1.977
1749261019,1.99800000,8737.67000000,1.977
1749261019,1.99900000,8.94000000,1.977
1749261019,2.00000000,3664.66000000,1.977
1749261019,2.00100000,302.91000000,1.977
1749261019,2.00200000,1488.84000000,1.977
1749261019,2.00300000,20.29000000,1.977
1749261019,2.00400000,284.37000000,1.977
1749261019,2.00500000,1474.94000000,1.977
1749261019,2.00600000,12.09000000,1.977
1749261019,2.00700000,456.90000000,1.977
1749261019,2.00800000,1434.30000000,1.977
1749261019,2.00900000,277.23000000,1.977
1749261019,2.01000000,8.96000000,1.977
1749261019,2.01100000,3420.75000000,1.977
1749261019,2.01200000,11.68000000,1.977
1749261019,2.01300000,3129.06000000,1.977
1749261019,2.01400000,1421.37000000,1.977
1749261019,2.01500000,223.16000000,1.977
1749261019,2.01600000,7.89000000,1.977
1749261019,2.01700000,1423.92000000,1.977
1749261019,2.01800000,8.99000000,1.977
1749261019,2.01900000,5.15000000,1.977
1749261019,2.02000000,684.59000000,1.977
1749261019,2.02100000,5.14000000,1.977
1749261019,2.02200000,35.20000000,1.977
1749261019,2.02300000,856.94000000,1.977
1749261019,2.02400000,7.86000000,1.977
1749261019,2.02500000,41132.50000000,1.977
1749261019,2.02600000,755.38000000,1.977
1749261019,2.02700000,5.13000000,1.977
1749261019,2.02800000,42335.80000000,1.977
1749261019,2.02900000,649.90000000,1.977
1749261019,2.03000000,21.71000000,1.977
1749261019,2.03100000,7.78000000,1.977
1749261019,2.03200000,5.12000000,1.977
1749261019,2.03300000,58.75000000,1.977
1749261019,2.03400000,199.15000000,1.977
1749261019,2.03500000,5.11000000,1.977
1749261019,2.03600000,8.09000000,1.977
1749261019,2.03700000,8.05000000,1.977
1749261019,2.03800000,36.41000000,1.977
1749261019,2.03900000,80.62000000,1.977
1749261019,2.04000000,277.41000000,1.977
1749261019,2.04100000,5.09000000,1.977
1749261019,2.04200000,5.09000000,1.977
1749261019,2.04300000,11.08000000,1.977
1749261019,2.04400000,5.09000000,1.977
1749261019,2.04500000,8.25000000,1.977
1749261019,2.04600000,8.05000000,1.977
1749261019,2.04700000,5.08000000,1.977
1749261019,2.04800000,17.83000000,1.977
1749261019,2.04900000,5.07000000,1.977
1749261019,2.05000000,26173.99000000,1.977
1749261019,2.05100000,478.32000000,1.977
1749261019,2.05200000,100.96000000,1.977
1749261019,2.05300000,80.58000000,1.977
1749261019,2.05400000,57.20000000,1.977
1749261019,2.05500000,404.22000000,1.977
1749261019,2.05600000,10.30000000,1.977
1749261019,2.05700000,5.37000000,1.977
1749261019,2.05800000,42.66000000,1.977
1749261019,2.05900000,11.04000000,1.977
1749261019,2.06000000,466.89000000,1.977
1749261019,2.06100000,110.98000000,1.977
1749261019,2.06300000,268.78000000,1.977
1749261019,2.06500000,4.69000000,1.977
1749261019,2.06600000,5.25000000,1.977
1749261019,2.06700000,20.69000000,1.977
1749261019,2.06800000,3.84000000,1.977
1749261019,2.06900000,41.16000000,1.977
1749261019,2.07000000,17.54000000,1.977
1749261019,2.07100000,7.70000000,1.977
1749261019,2.07300000,8.90000000,1.977
1749261019,2.07400000,34.79000000,1.977
1749261019,2.07500000,26.75000000,1.977
1749261019,2.07600000,708.05000000,1.977
1749261019,2.07700000,59.63000000,1.977
1749261019,2.07800000,259.35000000,1.977
1749261019,2.07900000,84.94000000,1.977
1749261019,2.08000000,2006.11000000,1.977
1749261331,1.97700000,2086.75000000,1.977
1749261331,1.97800000,9416.57000000,1.977
1749261331,1.97900000,25441.53000000,1.977
1749261331,1.98000000,22387.33000000,1.977
1749261331,1.98100000,16235.99000000,1.977
1749261331,1.98200000,3941.76000000,1.977
1749261331,1.98300000,7512.13000000,1.977
1749261331,1.98400000,8821.86000000,1.977
1749261331,1.98500000,5298.99000000,1.977
1749261331,1.98600000,3761.29000000,1.977
1749261331,1.98700000,7898.08000000,1.977
1749261331,1.98800000,2772.13000000,1.977
1749261331,1.98900000,7665.88000000,1.977
1749261331,1.99000000,1827.65000000,1.977
1749261331,1.99100000,676.45000000,1.977
1749261331,1.99200000,4323.41000000,1.977
1749261331,1.99300000,1129.45000000,1.977
1749261331,1.99400000,1428.79000000,1.977
1749261331,1.99500000,8850.06000000,1.977
1749261331,1.99600000,1693.80000000,1.977
1749261331,1.99700000,131.86000000,1.977
1749261331,1.99800000,1752.78000000,1.977
1749261331,1.99900000,8.94000000,1.977
1749261331,2.00000000,2639.02000000,1.977
1749261331,2.00100000,302.91000000,1.977
1749261331,2.00200000,1474.54000000,1.977
1749261331,2.00300000,34.63000000,1.977
1749261331,2.00400000,284.37000000,1.977
1749261331,2.00500000,1474.94000000,1.977
1749261331,2.00600000,12.09000000,1.977
1749261331,2.00700000,456.90000000,1.977
1749261331,2.00800000,1434.30000000,1.977
1749261331,2.00900000,277.23000000,1.977
1749261331,2.01000000,8.96000000,1.977
1749261331,2.01100000,3420.75000000,1.977
1749261331,2.01200000,11.68000000,1.977
1749261331,2.01300000,3129.06000000,1.977
1749261331,2.01400000,1421.37000000,1.977
1749261331,2.01500000,223.16000000,1.977
1749261331,2.01600000,7.89000000,1.977
1749261331,2.01700000,1423.92000000,1.977
1749261331,2.01800000,8.99000000,1.977
1749261331,2.01900000,5.15000000,1.977
1749261331,2.02000000,684.59000000,1.977
1749261331,2.02100000,5.14000000,1.977
1749261331,2.02200000,35.20000000,1.977
1749261331,2.02300000,856.94000000,1.977
1749261331,2.02400000,5.14000000,1.977
1749261331,2.02500000,41132.50000000,1.977
1749261331,2.02600000,755.38000000,1.977
1749261331,2.02700000,5.13000000,1.977
1749261331,2.02800000,42335.80000000,1.977
1749261331,2.02900000,649.90000000,1.977
1749261331,2.03000000,21.71000000,1.977
1749261331,2.03100000,83.30000000,1.977
1749261331,2.03200000,5.12000000,1.977
1749261331,2.03300000,58.75000000,1.977
1749261331,2.03400000,199.15000000,1.977
1749261331,2.03500000,5.11000000,1.977
1749261331,2.03600000,8.09000000,1.977
1749261331,2.03700000,8.05000000,1.977
1749261331,2.03800000,36.41000000,1.977
1749261331,2.03900000,5.10000000,1.977
1749261331,2.04000000,277.41000000,1.977
1749261331,2.04100000,5.09000000,1.977
1749261331,2.04200000,5.09000000,1.977
1749261331,2.04300000,11.08000000,1.977
1749261331,2.04400000,5.09000000,1.977
1749261331,2.04500000,8.25000000,1.977
1749261331,2.04600000,8.05000000,1.977
1749261331,2.04700000,5.08000000,1.977
1749261331,2.04800000,17.83000000,1.977
1749261331,2.04900000,5.07000000,1.977
1749261331,2.05000000,26173.99000000,1.977
1749261331,2.05100000,478.32000000,1.977
1749261331,2.05200000,100.96000000,1.977
1749261331,2.05300000,75.52000000,1.977
1749261331,2.05400000,57.20000000,1.977
1749261331,2.05500000,515.20000000,1.977
1749261331,2.05600000,10.30000000,1.977
1749261331,2.05700000,5.37000000,1.977
1749261331,2.05800000,42.66000000,1.977
1749261331,2.05900000,11.04000000,1.977
1749261331,2.06000000,466.89000000,1.977
1749261331,2.06300000,268.78000000,1.977
1749261331,2.06500000,4.69000000,1.977
1749261331,2.06600000,5.25000000,1.977
1749261331,2.06700000,20.69000000,1.977
1749261331,2.06800000,3.84000000,1.977
1749261331,2.06900000,41.16000000,1.977
1749261331,2.07000000,17.54000000,1.977
1749261331,2.07100000,7.70000000,1.977
1749261331,2.07300000,8.90000000,1.977
1749261331,2.07400000,34.79000000,1.977
1749261331,2.07500000,26.75000000,1.977
1749261331,2.07600000,708.05000000,1.977
1749261331,2.07700000,59.63000000,1.977
1749261331,2.07800000,259.35000000,1.977
1749261331,2.07900000,84.94000000,1.977
1749261331,2.08000000,2111.84000000,1.977
1749261632,1.97800000,873.54000000,1.978
1749261632,1.97900000,6520.68000000,1.978
1749261632,1.98000000,17363.52000000,1.978
1749261632,1.98100000,24042.31000000,1.978
1749261632,1.98200000,19537.07000000,1.978
1749261632,1.98300000,12507.69000000,1.978
1749261632,1.98400000,5580.60000000,1.978
1749261632,1.98500000,1900.94000000,1.978
1749261632,1.98600000,8520.06000000,1.978
1749261632,1.98700000,13281.20000000,1.978
1749261632,1.98800000,3765.06000000,1.978
1749261632,1.98900000,7907.75000000,1.978
1749261632,1.99000000,1827.65000000,1.978
1749261632,1.99100000,676.45000000,1.978
1749261632,1.99200000,4323.41000000,1.978
1749261632,1.99300000,826.61000000,1.978
1749261632,1.99400000,1428.79000000,1.978
1749261632,1.99500000,4599.85000000,1.978
1749261632,1.99600000,2404.09000000,1.978
1749261632,1.99700000,4376.65000000,1.978
1749261632,1.99800000,1752.78000000,1.978
1749261632,1.99900000,8.94000000,1.978
1749261632,2.00000000,2628.97000000,1.978
1749261632,2.00100000,297.89000000,1.978
1749261632,2.00200000,1474.54000000,1.978
1749261632,2.00300000,34.63000000,1.978
1749261632,2.00400000,284.37000000,1.978
1749261632,2.00500000,1474.94000000,1.978
1749261632,2.00600000,12.09000000,1.978
1749261632,2.00700000,456.90000000,1.978
1749261632,2.00800000,1434.30000000,1.978
1749261632,2.00900000,277.23000000,1.978
1749261632,2.01000000,8.96000000,1.978
1749261632,2.01100000,3420.75000000,1.978
1749261632,2.01200000,11.68000000,1.978
1749261632,2.01300000,3129.06000000,1.978
1749261632,2.01400000,1421.37000000,1.978
1749261632,2.01500000,223.16000000,1.978
1749261632,2.01600000,7.89000000,1.978
1749261632,2.01700000,1423.92000000,1.978
1749261632,2.01800000,8.99000000,1.978
1749261632,2.01900000,5.15000000,1.978
1749261632,2.02000000,684.59000000,1.978
1749261632,2.02100000,5.14000000,1.978
1749261632,2.02200000,35.20000000,1.978
1749261632,2.02300000,856.94000000,1.978
1749261632,2.02400000,5.14000000,1.978
1749261632,2.02500000,41132.50000000,1.978
1749261632,2.02600000,755.38000000,1.978
1749261632,2.02700000,5.13000000,1.978
1749261632,2.02800000,42335.80000000,1.978
1749261632,2.02900000,649.90000000,1.978
1749261632,2.03000000,21.71000000,1.978
1749261632,2.03100000,83.30000000,1.978
1749261632,2.03200000,5.12000000,1.978
1749261632,2.03300000,58.75000000,1.978
1749261632,2.03400000,199.15000000,1.978
1749261632,2.03500000,5.11000000,1.978
1749261632,2.03600000,8.09000000,1.978
1749261632,2.03700000,8.05000000,1.978
1749261632,2.03800000,36.41000000,1.978
1749261632,2.03900000,5.10000000,1.978
1749261632,2.04000000,277.41000000,1.978
1749261632,2.04100000,5.09000000,1.978
1749261632,2.04200000,5.09000000,1.978
1749261632,2.04300000,11.08000000,1.978
1749261632,2.04400000,5.09000000,1.978
1749261632,2.04500000,8.25000000,1.978
1749261632,2.04600000,8.05000000,1.978
1749261632,2.04700000,5.08000000,1.978
1749261632,2.04800000,17.83000000,1.978
1749261632,2.04900000,5.07000000,1.978
1749261632,2.05000000,26173.99000000,1.978
1749261632,2.05100000,478.32000000,1.978
1749261632,2.05200000,100.96000000,1.978
1749261632,2.05300000,80.58000000,1.978
1749261632,2.05400000,57.20000000,1.978
1749261632,2.05500000,515.20000000,1.978
1749261632,2.05600000,10.30000000,1.978
1749261632,2.05700000,5.37000000,1.978
1749261632,2.05800000,42.66000000,1.978
1749261632,2.05900000,11.04000000,1.978
1749261632,2.06000000,466.89000000,1.978
1749261632,2.06300000,268.78000000,1.978
1749261632,2.06500000,4.69000000,1.978
1749261632,2.06600000,5.25000000,1.978
1749261632,2.06700000,20.69000000,1.978
1749261632,2.06800000,3.84000000,1.978
1749261632,2.06900000,41.16000000,1.978
1749261632,2.07000000,17.54000000,1.978
1749261632,2.07100000,7.70000000,1.978
1749261632,2.07300000,8.90000000,1.978
1749261632,2.07400000,34.79000000,1.978
1749261632,2.07500000,26.75000000,1.978
1749261632,2.07600000,708.05000000,1.978
1749261632,2.07700000,59.63000000,1.978
1749261632,2.07800000,262.68000000,1.978
1749261632,2.07900000,84.94000000,1.978
1749261632,2.08000000,2111.84000000,1.978
1749261632,2.08100000,2.98000000,1.978
1749261939,1.97300000,2680.99000000,1.973
1749261939,1.97400000,7500.63000000,1.973
1749261939,1.97500000,18914.07000000,1.973
1749261939,1.97600000,20675.48000000,1.973
1749261939,1.97700000,12878.80000000,1.973
1749261939,1.97800000,7515.79000000,1.973
1749261939,1.97900000,4090.84000000,1.973
1749261939,1.98000000,3994.65000000,1.973
1749261939,1.98100000,9627.20000000,1.973
1749261939,1.98200000,8936.99000000,1.973
1749261939,1.98300000,4536.76000000,1.973
1749261939,1.98400000,6886.92000000,1.973
1749261939,1.98500000,7931.02000000,1.973
1749261939,1.98600000,2016.11000000,1.973
1749261939,1.98700000,667.66000000,1.973
1749261939,1.98800000,1831.41000000,1.973
1749261939,1.98900000,670.85000000,1.973
1749261939,1.99000000,2528.61000000,1.973
1749261939,1.99100000,676.45000000,1.973
1749261939,1.99200000,4248.94000000,1.973
1749261939,1.99300000,4965.36000000,1.973
1749261939,1.99400000,1425.00000000,1.973
1749261939,1.99500000,4748.66000000,1.973
1749261939,1.99600000,1690.02000000,1.973
1749261939,1.99700000,131.86000000,1.973
1749261939,1.99800000,1752.78000000,1.973
1749261939,1.99900000,8.94000000,1.973
1749261939,2.00000000,2476.37000000,1.973
1749261939,2.00100000,297.89000000,1.973
1749261939,2.00200000,1474.54000000,1.973
1749261939,2.00300000,34.63000000,1.973
1749261939,2.00400000,284.37000000,1.973
1749261939,2.00500000,1474.94000000,1.973
1749261939,2.00600000,12.09000000,1.973
1749261939,2.00700000,1482.05000000,1.973
1749261939,2.00800000,1434.30000000,1.973
1749261939,2.00900000,277.23000000,1.973
1749261939,2.01000000,8.96000000,1.973
1749261939,2.01100000,3420.75000000,1.973
1749261939,2.01200000,11.68000000,1.973
1749261939,2.01300000,1842.33000000,1.973
1749261939,2.01400000,1644.75000000,1.973
1749261939,2.01500000,223.16000000,1.973
1749261939,2.01600000,7.89000000,1.973
1749261939,2.01700000,1423.92000000,1.973
1749261939,2.01800000,8.99000000,1.973
1749261939,2.01900000,5.15000000,1.973
1749261939,2.02000000,684.59000000,1.973
1749261939,2.02100000,5.14000000,1.973
1749261939,2.02200000,35.20000000,1.973
1749261939,2.02300000,634.57000000,1.973
1749261939,2.02400000,5.14000000,1.973
1749261939,2.02500000,41132.50000000,1.973
1749261939,2.02600000,755.38000000,1.973
1749261939,2.02700000,5.13000000,1.973
1749261939,2.02800000,42335.80000000,1.973
1749261939,2.02900000,649.90000000,1.973
1749261939,2.03000000,21.71000000,1.973
1749261939,2.03100000,83.30000000,1.973
1749261939,2.03200000,5.12000000,1.973
1749261939,2.03300000,58.75000000,1.973
1749261939,2.03400000,462.94000000,1.973
1749261939,2.03500000,5.11000000,1.973
1749261939,2.03600000,8.09000000,1.973
1749261939,2.03700000,8.05000000,1.973
1749261939,2.03800000,36.41000000,1.973
1749261939,2.03900000,5.10000000,1.973
1749261939,2.04000000,13.62000000,1.973
1749261939,2.04100000,5.09000000,1.973
1749261939,2.04200000,5.09000000,1.973
1749261939,2.04300000,86.60000000,1.973
1749261939,2.04400000,5.09000000,1.973
1749261939,2.04500000,8.25000000,1.973
1749261939,2.04600000,8.05000000,1.973
1749261939,2.04700000,5.08000000,1.973
1749261939,2.04800000,17.83000000,1.973
1749261939,2.04900000,164.42000000,1.973
1749261939,2.05000000,26168.92000000,1.973
1749261939,2.05100000,473.25000000,1.973
1749261939,2.05200000,95.89000000,1.973
1749261939,2.05400000,57.20000000,1.973
1749261939,2.05500000,350.78000000,1.973
1749261939,2.05600000,10.30000000,1.973
1749261939,2.05700000,5.37000000,1.973
1749261939,2.05800000,42.66000000,1.973
1749261939,2.05900000,11.04000000,1.973
1749261939,2.06000000,466.89000000,1.973
1749261939,2.06300000,268.78000000,1.973
1749261939,2.06500000,4.69000000,1.973
1749261939,2.06600000,5.25000000,1.973
1749261939,2.06700000,20.69000000,1.973
1749261939,2.06800000,3.84000000,1.973
1749261939,2.06900000,41.16000000,1.973
1749261939,2.07000000,17.54000000,1.973
1749261939,2.07100000,7.70000000,1.973
1749261939,2.07300000,8.90000000,1.973
1749261939,2.07400000,34.79000000,1.973
1749261939,2.07500000,26.75000000,1.973
1749261939,2.07600000,708.05000000,1.973
1749261939,2.07700000,59.63000000,1.973
1749262240,1.97600000,1111.54000000,1.975
1749262240,1.97700000,8885.60000000,1.975
1749262240,1.97800000,23999.22000000,1.975
1749262240,1.97900000,26404.31000000,1.975
1749262240,1.98000000,19779.69000000,1.975
1749262240,1.98100000,5969.72000000,1.975
1749262240,1.98200000,3898.90000000,1.975
1749262240,1.98300000,7529.62000000,1.975
1749262240,1.98400000,15811.59000000,1.975
1749262240,1.98500000,1444.45000000,1.975
1749262240,1.98600000,2110.63000000,1.975
1749262240,1.98700000,693.66000000,1.975
1749262240,1.98800000,1831.41000000,1.975
1749262240,1.98900000,2931.54000000,1.975
1749262240,1.99000000,2539.10000000,1.975
1749262240,1.99100000,672.68000000,1.975
1749262240,1.99200000,4245.17000000,1.975
1749262240,1.99300000,705.99000000,1.975
1749262240,1.99400000,1823.98000000,1.975
1749262240,1.99500000,7033.44000000,1.975
1749262240,1.99600000,2086.02000000,1.975
1749262240,1.99700000,63.34000000,1.975
1749262240,1.99800000,2148.78000000,1.975
1749262240,1.99900000,8.94000000,1.975
1749262240,2.00000000,2858.80000000,1.975
1749262240,2.00100000,35.63000000,1.975
1749262240,2.00200000,1870.54000000,1.975
1749262240,2.00300000,302.90000000,1.975
1749262240,2.00400000,22.11000000,1.975
1749262240,2.00500000,1474.94000000,1.975
1749262240,2.00600000,12.09000000,1.975
1749262240,2.00700000,1482.05000000,1.975
1749262240,2.00800000,1434.30000000,1.975
1749262240,2.00900000,8.96000000,1.975
1749262240,2.01000000,8.96000000,1.975
1749262240,2.01100000,3416.98000000,1.975
1749262240,2.01200000,7.91000000,1.975
1749262240,2.01300000,1842.33000000,1.975
1749262240,2.01400000,857.97000000,1.975
1749262240,2.01500000,223.16000000,1.975
1749262240,2.01600000,7.89000000,1.975
1749262240,2.01700000,637.14000000,1.975
1749262240,2.01800000,8.99000000,1.975
1749262240,2.01900000,5.15000000,1.975
1749262240,2.02000000,681.86000000,1.975
1749262240,2.02100000,5.14000000,1.975
1749262240,2.02200000,35.20000000,1.975
1749262240,2.02300000,634.57000000,1.975
1749262240,2.02400000,5.14000000,1.975
1749262240,2.02500000,41132.50000000,1.975
1749262240,2.02600000,755.38000000,1.975
1749262240,2.02700000,5.13000000,1.975
1749262240,2.02800000,42527.29000000,1.975
1749262240,2.02900000,649.90000000,1.975
1749262240,2.03000000,21.71000000,1.975
1749262240,2.03100000,83.30000000,1.975
1749262240,2.03200000,5.12000000,1.975
1749262240,2.03300000,58.75000000,1.975
1749262240,2.03400000,271.45000000,1.975
1749262240,2.03500000,5.11000000,1.975
1749262240,2.03600000,8.09000000,1.975
1749262240,2.03700000,8.05000000,1.975
1749262240,2.03800000,36.41000000,1.975
1749262240,2.03900000,5.10000000,1.975
1749262240,2.04000000,13.62000000,1.975
1749262240,2.04100000,5.09000000,1.975
1749262240,2.04200000,5.09000000,1.975
1749262240,2.04300000,86.60000000,1.975
1749262240,2.04400000,5.09000000,1.975
1749262240,2.04500000,467.40000000,1.975
1749262240,2.04600000,8.05000000,1.975
1749262240,2.04700000,5.08000000,1.975
1749262240,2.04800000,17.83000000,1.975
1749262240,2.04900000,169.49000000,1.975
1749262240,2.05000000,26173.99000000,1.975
1749262240,2.05100000,19.17000000,1.975
1749262240,2.05200000,95.89000000,1.975
1749262240,2.05400000,57.20000000,1.975
1749262240,2.05500000,350.78000000,1.975
1749262240,2.05600000,10.30000000,1.975
1749262240,2.05700000,5.37000000,1.975
1749262240,2.05800000,42.66000000,1.975
1749262240,2.05900000,11.04000000,1.975
1749262240,2.06000000,466.89000000,1.975
1749262240,2.06300000,268.78000000,1.975
1749262240,2.06500000,4.69000000,1.975
1749262240,2.06600000,5.25000000,1.975
1749262240,2.06700000,20.69000000,1.975
1749262240,2.06800000,3.84000000,1.975
1749262240,2.06900000,41.16000000,1.975
1749262240,2.07000000,476.61000000,1.975
1749262240,2.07100000,7.70000000,1.975
1749262240,2.07300000,8.90000000,1.975
1749262240,2.07400000,34.79000000,1.975
1749262240,2.07500000,26.75000000,1.975
1749262240,2.07600000,248.98000000,1.975
1749262240,2.07700000,59.63000000,1.975
1749262240,2.07800000,261.74000000,1.975
1749262240,2.07900000,84.94000000,1.975
1749262240,2.08000000,2111.84000000,1.975
1749262542,1.98300000,2872.05000000,1.983
1749262542,1.98400000,20511.96000000,1.983
1749262542,1.98500000,27259.11000000,1.983
1749262542,1.98600000,22143.66000000,1.983
1749262542,1.98700000,9911.94000000,1.983
1749262542,1.98800000,7259.36000000,1.983
1749262542,1.98900000,12129.92000000,1.983
1749262542,1.99000000,9179.42000000,1.983
1749262542,1.99100000,5806.49000000,1.983
1749262542,1.99200000,1853.56000000,1.983
1749262542,1.99300000,1613.39000000,1.983
1749262542,1.99400000,4084.67000000,1.983
1749262542,1.99500000,2628.45000000,1.983
1749262542,1.99600000,2086.02000000,1.983
1749262542,1.99700000,527.86000000,1.983
1749262542,1.99800000,2148.78000000,1.983
1749262542,1.99900000,3223.88000000,1.983
1749262542,2.00000000,2858.80000000,1.983
1749262542,2.00100000,4931.16000000,1.983
1749262542,2.00200000,2023.14000000,1.983
1749262542,2.00300000,34.63000000,1.983
1749262542,2.00400000,680.37000000,1.983
1749262542,2.00500000,1474.94000000,1.983
1749262542,2.00600000,12.09000000,1.983
1749262542,2.00700000,194.64000000,1.983
1749262542,2.00800000,1434.30000000,1.983
1749262542,2.00900000,8.96000000,1.983
1749262542,2.01000000,8.96000000,1.983
1749262542,2.01100000,3416.98000000,1.983
1749262542,2.01200000,7.91000000,1.983
1749262542,2.01300000,3123.86000000,1.983
1749262542,2.01400000,634.59000000,1.983
1749262542,2.01500000,491.43000000,1.983
1749262542,2.01600000,7.89000000,1.983
1749262542,2.01700000,637.14000000,1.983
1749262542,2.01800000,8.99000000,1.983
1749262542,2.01900000,5.15000000,1.983
1749262542,2.02000000,684.59000000,1.983
1749262542,2.02100000,5.14000000,1.983
1749262542,2.02200000,257.68000000,1.983
1749262542,2.02300000,634.57000000,1.983
1749262542,2.02400000,5.14000000,1.983
1749262542,2.02500000,41132.50000000,1.983
1749262542,2.02600000,755.38000000,1.983
1749262542,2.02700000,5.13000000,1.983
1749262542,2.02800000,42335.80000000,1.983
1749262542,2.02900000,649.90000000,1.983
1749262542,2.03000000,21.71000000,1.983
1749262542,2.03100000,83.30000000,1.983
1749262542,2.03200000,5.12000000,1.983
1749262542,2.03300000,58.75000000,1.983
1749262542,2.03400000,199.15000000,1.983
1749262542,2.03500000,5.11000000,1.983
1749262542,2.03600000,8.09000000,1.983
1749262542,2.03700000,8.05000000,1.983
1749262542,2.03800000,36.41000000,1.983
1749262542,2.03900000,5.10000000,1.983
1749262542,2.04000000,277.41000000,1.983
1749262542,2.04100000,5.09000000,1.983
1749262542,2.04200000,5.09000000,1.983
1749262542,2.04300000,11.08000000,1.983
1749262542,2.04400000,5.09000000,1.983
1749262542,2.04500000,8.25000000,1.983
1749262542,2.04600000,8.05000000,1.983
1749262542,2.04700000,5.08000000,1.983
1749262542,2.04800000,17.83000000,1.983
1749262542,2.04900000,5.07000000,1.983
1749262542,2.05000000,26173.99000000,1.983
1749262542,2.05100000,478.32000000,1.983
1749262542,2.05200000,100.96000000,1.983
1749262542,2.05300000,5.06000000,1.983
1749262542,2.05400000,137.78000000,1.983
1749262542,2.05500000,409.28000000,1.983
1749262542,2.05600000,15.36000000,1.983
1749262542,2.05700000,10.42000000,1.983
1749262542,2.05800000,47.71000000,1.983
1749262542,2.05900000,11.04000000,1.983
1749262542,2.06000000,466.89000000,1.983
1749262542,2.06100000,110.98000000,1.983
1749262542,2.06300000,268.78000000,1.983
1749262542,2.06500000,4.69000000,1.983
1749262542,2.06600000,5.25000000,1.983
1749262542,2.06700000,20.69000000,1.983
1749262542,2.06800000,3.84000000,1.983
1749262542,2.06900000,41.16000000,1.983
1749262542,2.07000000,17.54000000,1.983
1749262542,2.07100000,7.70000000,1.983
1749262542,2.07300000,8.90000000,1.983
1749262542,2.07400000,34.79000000,1.983
1749262542,2.07500000,26.75000000,1.983
1749262542,2.07600000,708.05000000,1.983
1749262542,2.07700000,59.63000000,1.983
1749262542,2.07800000,259.80000000,1.983
1749262542,2.07900000,84.94000000,1.983
1749262542,2.08000000,2111.84000000,1.983
1749262542,2.08100000,2.98000000,1.983
1749262542,2.08200000,14.96000000,1.983
1749262542,2.08400000,538.03000000,1.983
1749262542,2.08500000,31.66000000,1.983
1749262542,2.08600000,228.58000000,1.983
1749262843,1.97900000,1594.06000000,1.978
1749262843,1.98000000,9606.80000000,1.978
1749262843,1.98100000,20545.43000000,1.978
1749262843,1.98200000,21456.78000000,1.978
1749262843,1.98300000,16794.90000000,1.978
1749262843,1.98400000,6814.86000000,1.978
1749262843,1.98500000,2455.47000000,1.978
1749262843,1.98600000,7454.31000000,1.978
1749262843,1.98700000,14804.89000000,1.978
1749262843,1.98800000,8140.64000000,1.978
1749262843,1.98900000,2107.96000000,1.978
1749262843,1.99000000,9036.00000000,1.978
1749262843,1.99100000,776.94000000,1.978
1749262843,1.99200000,1853.56000000,1.978
1749262843,1.99300000,792.92000000,1.978
1749262843,1.99400000,1861.46000000,1.978
1749262843,1.99500000,5213.98000000,1.978
1749262843,1.99600000,2803.67000000,1.978
1749262843,1.99700000,527.86000000,1.978
1749262843,1.99800000,6392.79000000,1.978
1749262843,1.99900000,2115.28000000,1.978
1749262843,2.00000000,2462.80000000,1.978
1749262843,2.00100000,271.19000000,1.978
1749262843,2.00200000,1653.84000000,1.978
1749262843,2.00300000,34.63000000,1.978
1749262843,2.00400000,284.37000000,1.978
1749262843,2.00500000,1474.94000000,1.978
1749262843,2.00600000,12.09000000,1.978
1749262843,2.00700000,456.90000000,1.978
1749262843,2.00800000,1434.30000000,1.978
1749262843,2.00900000,8.96000000,1.978
1749262843,2.01000000,8.96000000,1.978
1749262843,2.01100000,3416.98000000,1.978
1749262843,2.01200000,7.91000000,1.978
1749262843,2.01300000,3123.86000000,1.978
1749262843,2.01400000,634.59000000,1.978
1749262843,2.01500000,81490.48000000,1.978
1749262843,2.01600000,7.89000000,1.978
1749262843,2.01700000,637.14000000,1.978
1749262843,2.01800000,8.99000000,1.978
1749262843,2.01900000,5.15000000,1.978
1749262843,2.02000000,684.59000000,1.978
1749262843,2.02100000,5.14000000,1.978
1749262843,2.02200000,257.68000000,1.978
1749262843,2.02300000,634.57000000,1.978
1749262843,2.02400000,7.86000000,1.978
1749262843,2.02500000,41132.50000000,1.978
1749262843,2.02600000,755.38000000,1.978
1749262843,2.02700000,5.13000000,1.978
1749262843,2.02800000,42335.80000000,1.978
1749262843,2.02900000,649.90000000,1.978
1749262843,2.03000000,21.71000000,1.978
1749262843,2.03100000,7.78000000,1.978
1749262843,2.03200000,5.12000000,1.978
1749262843,2.03300000,58.75000000,1.978
1749262843,2.03400000,199.15000000,1.978
1749262843,2.03500000,5.11000000,1.978
1749262843,2.03600000,8.09000000,1.978
1749262843,2.03700000,8.05000000,1.978
1749262843,2.03800000,36.41000000,1.978
1749262843,2.03900000,5.10000000,1.978
1749262843,2.04000000,352.93000000,1.978
1749262843,2.04100000,5.09000000,1.978
1749262843,2.04200000,5.09000000,1.978
1749262843,2.04300000,11.08000000,1.978
1749262843,2.04400000,5.09000000,1.978
1749262843,2.04500000,8.25000000,1.978
1749262843,2.04600000,8.05000000,1.978
1749262843,2.04700000,5.08000000,1.978
1749262843,2.04800000,17.83000000,1.978
1749262843,2.04900000,5.07000000,1.978
1749262843,2.05000000,26173.99000000,1.978
1749262843,2.05100000,19.17000000,1.978
1749262843,2.05200000,100.96000000,1.978
1749262843,2.05300000,5.06000000,1.978
1749262843,2.05400000,137.78000000,1.978
1749262843,2.05500000,404.22000000,1.978
1749262843,2.05600000,10.30000000,1.978
1749262843,2.05700000,464.52000000,1.978
1749262843,2.05800000,42.66000000,1.978
1749262843,2.05900000,11.04000000,1.978
1749262843,2.06000000,466.89000000,1.978
1749262843,2.06100000,110.98000000,1.978
1749262843,2.06300000,268.78000000,1.978
1749262843,2.06500000,4.69000000,1.978
1749262843,2.06600000,5.25000000,1.978
1749262843,2.06700000,20.69000000,1.978
1749262843,2.06800000,3.84000000,1.978
1749262843,2.06900000,41.16000000,1.978
1749262843,2.07000000,17.54000000,1.978
1749262843,2.07100000,7.70000000,1.978
1749262843,2.07300000,8.90000000,1.978
1749262843,2.07400000,34.79000000,1.978
1749262843,2.07500000,26.75000000,1.978
1749262843,2.07600000,248.98000000,1.978
1749262843,2.07700000,59.63000000,1.978
1749262843,2.07800000,259.80000000,1.978
1749262843,2.07900000,84.94000000,1.978
1749262843,2.08000000,2111.84000000,1.978
1749262843,2.08100000,2.98000000,1.978
1749263145,1.98500000,1180.35000000,1.985
1749263145,1.98600000,10849.71000000,1.985
1749263145,1.98700000,23888.19000000,1.985
1749263145,1.98800000,22148.30000000,1.985
1749263145,1.98900000,10845.31000000,1.985
1749263145,1.99000000,6116.11000000,1.985
1749263145,1.99100000,9020.52000000,1.985
1749263145,1.99200000,3365.79000000,1.985
1749263145,1.99300000,8274.42000000,1.985
1749263145,1.99400000,12286.23000000,1.985
1749263145,1.99500000,6910.33000000,1.985
1749263145,1.99600000,2089.80000000,1.985
1749263145,1.99700000,705.25000000,1.985
1749263145,1.99800000,2148.78000000,1.985
1749263145,1.99900000,2511.28000000,1.985
1749263145,2.00000000,2858.80000000,1.985
1749263145,2.00100000,3248.93000000,1.985
1749263145,2.00200000,2719.72000000,1.985
1749263145,2.00300000,430.63000000,1.985
1749263145,2.00400000,318.06000000,1.985
1749263145,2.00500000,5704.13000000,1.985
1749263145,2.00600000,12.09000000,1.985
1749263145,2.00700000,456.90000000,1.985
1749263145,2.00800000,1434.30000000,1.985
1749263145,2.00900000,8.96000000,1.985
1749263145,2.01000000,8.96000000,1.985
1749263145,2.01100000,3416.98000000,1.985
1749263145,2.01200000,34.61000000,1.985
1749263145,2.01300000,3123.86000000,1.985
1749263145,2.01400000,634.59000000,1.985
1749263145,2.01500000,81490.48000000,1.985
1749263145,2.01600000,7.89000000,1.985
1749263145,2.01700000,637.14000000,1.985
1749263145,2.01800000,8.99000000,1.985
1749263145,2.01900000,5.15000000,1.985
1749263145,2.02000000,684.59000000,1.985
1749263145,2.02100000,5.14000000,1.985
1749263145,2.02200000,257.68000000,1.985
1749263145,2.02300000,634.57000000,1.985
1749263145,2.02400000,7.86000000,1.985
1749263145,2.02500000,41132.50000000,1.985
1749263145,2.02600000,755.38000000,1.985
1749263145,2.02700000,5.13000000,1.985
1749263145,2.02800000,42335.80000000,1.985
1749263145,2.02900000,649.90000000,1.985
1749263145,2.03000000,21.71000000,1.985
1749263145,2.03100000,7.78000000,1.985
1749263145,2.03200000,5.12000000,1.985
1749263145,2.03300000,58.75000000,1.985
1749263145,2.03400000,7.66000000,1.985
1749263145,2.03500000,5.11000000,1.985
1749263145,2.03600000,8.09000000,1.985
1749263145,2.03700000,8.05000000,1.985
1749263145,2.03800000,36.41000000,1.985
1749263145,2.03900000,5.10000000,1.985
1749263145,2.04000000,280.63000000,1.985
1749263145,2.04100000,5.09000000,1.985
1749263145,2.04200000,5.09000000,1.985
1749263145,2.04300000,11.08000000,1.985
1749263145,2.04400000,5.09000000,1.985
1749263145,2.04500000,8.25000000,1.985
1749263145,2.04600000,271.84000000,1.985
1749263145,2.04700000,5.08000000,1.985
1749263145,2.04800000,17.83000000,1.985
1749263145,2.04900000,5.07000000,1.985
1749263145,2.05000000,26173.99000000,1.985
1749263145,2.05100000,19.17000000,1.985
1749263145,2.05200000,100.96000000,1.985
1749263145,2.05300000,5.06000000,1.985
1749263145,2.05400000,137.78000000,1.985
1749263145,2.05500000,409.28000000,1.985
1749263145,2.05600000,15.36000000,1.985
1749263145,2.05700000,469.57000000,1.985
1749263145,2.05800000,47.71000000,1.985
1749263145,2.05900000,16.09000000,1.985
1749263145,2.06000000,471.94000000,1.985
1749263145,2.06100000,110.98000000,1.985
1749263145,2.06300000,268.78000000,1.985
1749263145,2.06500000,4.69000000,1.985
1749263145,2.06600000,5.25000000,1.985
1749263145,2.06700000,20.69000000,1.985
1749263145,2.06800000,3.84000000,1.985
1749263145,2.06900000,41.16000000,1.985
1749263145,2.07000000,17.54000000,1.985
1749263145,2.07100000,7.70000000,1.985
1749263145,2.07300000,8.90000000,1.985
1749263145,2.07400000,34.79000000,1.985
1749263145,2.07500000,26.75000000,1.985
1749263145,2.07600000,248.98000000,1.985
1749263145,2.07700000,59.63000000,1.985
1749263145,2.07800000,257.99000000,1.985
1749263145,2.07900000,84.94000000,1.985
1749263145,2.08000000,2111.84000000,1.985
1749263145,2.08100000,2.98000000,1.985
1749263145,2.08200000,474.03000000,1.985
1749263145,2.08400000,538.03000000,1.985
1749263145,2.08500000,31.66000000,1.985
1749263145,2.08600000,228.58000000,1.985
1749263145,2.08700000,2.55000000,1.985
1749263145,2.08800000,2.44000000,1.985
1749263451,1.98500000,2089.31000000,1.984
1749263451,1.98600000,14303.90000000,1.984
1749263451,1.98700000,22937.41000000,1.984
1749263451,1.98800000,16968.97000000,1.984
1749263451,1.98900000,12654.90000000,1.984
1749263451,1.99000000,8119.84000000,1.984
1749263451,1.99100000,6887.52000000,1.984
1749263451,1.99200000,3887.07000000,1.984
1749263451,1.99300000,7679.18000000,1.984
1749263451,1.99400000,12399.61000000,1.984
1749263451,1.99500000,6832.15000000,1.984
1749263451,1.99600000,2115.80000000,1.984
1749263451,1.99700000,735.03000000,1.984
1749263451,1.99800000,2174.78000000,1.984
1749263451,1.99900000,2511.28000000,1.984
1749263451,2.00000000,2975.63000000,1.984
1749263451,2.00100000,2852.93000000,1.984
1749263451,2.00200000,2323.72000000,1.984
1749263451,2.00300000,34.63000000,1.984
1749263451,2.00400000,4549.62000000,1.984
1749263451,2.00500000,1474.94000000,1.984
1749263451,2.00600000,12.09000000,1.984
1749263451,2.00700000,456.90000000,1.984
1749263451,2.00800000,1434.30000000,1.984
1749263451,2.00900000,8.96000000,1.984
1749263451,2.01000000,271.22000000,1.984
1749263451,2.01100000,3416.98000000,1.984
1749263451,2.01200000,34.61000000,1.984
1749263451,2.01300000,1842.33000000,1.984
1749263451,2.01400000,634.59000000,1.984
1749263451,2.01500000,81490.48000000,1.984
1749263451,2.01600000,7.89000000,1.984
1749263451,2.01700000,637.14000000,1.984
1749263451,2.01800000,8.99000000,1.984
1749263451,2.01900000,1319.11000000,1.984
1749263451,2.02000000,684.59000000,1.984
1749263451,2.02100000,5.14000000,1.984
1749263451,2.02200000,257.68000000,1.984
1749263451,2.02300000,634.57000000,1.984
1749263451,2.02400000,7.86000000,1.984
1749263451,2.02500000,41132.50000000,1.984
1749263451,2.02600000,755.38000000,1.984
1749263451,2.02700000,5.13000000,1.984
1749263451,2.02800000,42335.80000000,1.984
1749263451,2.02900000,649.90000000,1.984
1749263451,2.03000000,21.71000000,1.984
1749263451,2.03100000,7.78000000,1.984
1749263451,2.03200000,5.12000000,1.984
1749263451,2.03300000,58.75000000,1.984
1749263451,2.03400000,7.66000000,1.984
1749263451,2.03500000,5.11000000,1.984
1749263451,2.03600000,8.09000000,1.984
1749263451,2.03700000,8.05000000,1.984
1749263451,2.03800000,36.41000000,1.984
1749263451,2.03900000,5.10000000,1.984
1749263451,2.04000000,280.63000000,1.984
1749263451,2.04100000,5.09000000,1.984
1749263451,2.04200000,5.09000000,1.984
1749263451,2.04300000,11.08000000,1.984
1749263451,2.04400000,5.09000000,1.984
1749263451,2.04500000,8.25000000,1.984
1749263451,2.04600000,271.84000000,1.984
1749263451,2.04700000,5.08000000,1.984
1749263451,2.04800000,17.83000000,1.984
1749263451,2.04900000,5.07000000,1.984
1749263451,2.05000000,26173.99000000,1.984
1749263451,2.05100000,19.17000000,1.984
1749263451,2.05200000,100.96000000,1.984
1749263451,2.05300000,5.06000000,1.984
1749263451,2.05400000,137.78000000,1.984
1749263451,2.05500000,409.28000000,1.984
1749263451,2.05600000,15.36000000,1.984
1749263451,2.05700000,469.57000000,1.984
1749263451,2.05800000,47.71000000,1.984
1749263451,2.05900000,16.09000000,1.984
1749263451,2.06000000,471.94000000,1.984
1749263451,2.06100000,110.98000000,1.984
1749263451,2.06300000,268.78000000,1.984
1749263451,2.06500000,4.69000000,1.984
1749263451,2.06600000,5.25000000,1.984
1749263451,2.06700000,20.69000000,1.984
1749263451,2.06800000,3.84000000,1.984
1749263451,2.06900000,41.16000000,1.984
1749263451,2.07000000,17.54000000,1.984
1749263451,2.07100000,7.70000000,1.984
1749263451,2.07300000,8.90000000,1.984
1749263451,2.07400000,34.79000000,1.984
1749263451,2.07500000,26.75000000,1.984
1749263451,2.07600000,248.98000000,1.984
1749263451,2.07700000,59.63000000,1.984
1749263451,2.07800000,257.99000000,1.984
1749263451,2.07900000,84.94000000,1.984
1749263451,2.08000000,2111.84000000,1.984
1749263451,2.08100000,2.98000000,1.984
1749263451,2.08200000,474.03000000,1.984
1749263451,2.08400000,538.03000000,1.984
1749263451,2.08500000,31.66000000,1.984
1749263451,2.08600000,228.58000000,1.984
1749263451,2.08700000,2.55000000,1.984
1749263451,2.08800000,2.44000000,1.984
1749263753,1.98100000,946.90000000,1.98
1749263753,1.98200000,5970.65000000,1.98
1749263753,1.98300000,21347.04000000,1.98
1749263753,1.98400000,16739.51000000,1.98
1749263753,1.98500000,8521.43000000,1.98
1749263753,1.98600000,7490.84000000,1.98
1749263753,1.98700000,5423.33000000,1.98
1749263753,1.98800000,6541.06000000,1.98
1749263753,1.98900000,9168.82000000,1.98
1749263753,1.99000000,8674.13000000,1.98
1749263753,1.99100000,7628.94000000,1.98
1749263753,1.99200000,2381.70000000,1.98
1749263753,1.99300000,852.61000000,1.98
1749263753,1.99400000,8507.91000000,1.98
1749263753,1.99500000,2658.24000000,1.98
1749263753,1.99600000,2089.80000000,1.98
1749263753,1.99700000,606.11000000,1.98
1749263753,1.99800000,2148.78000000,1.98
1749263753,1.99900000,2827.46000000,1.98
1749263753,2.00000000,2462.80000000,1.98
1749263753,2.00100000,7116.79000000,1.98
1749263753,2.00200000,1627.14000000,1.98
1749263753,2.00300000,34.63000000,1.98
1749263753,2.00400000,284.37000000,1.98
1749263753,2.00500000,1474.94000000,1.98
1749263753,2.00600000,12.09000000,1.98
1749263753,2.00700000,456.90000000,1.98
1749263753,2.00800000,1434.30000000,1.98
1749263753,2.00900000,8.96000000,1.98
1749263753,2.01000000,271.22000000,1.98
1749263753,2.01100000,3416.98000000,1.98
1749263753,2.01200000,7.91000000,1.98
1749263753,2.01300000,1842.33000000,1.98
1749263753,2.01400000,634.59000000,1.98
1749263753,2.01500000,81490.48000000,1.98
1749263753,2.01600000,7.89000000,1.98
1749263753,2.01700000,637.14000000,1.98
1749263753,2.01800000,8.99000000,1.98
1749263753,2.01900000,1319.11000000,1.98
1749263753,2.02000000,684.59000000,1.98
1749263753,2.02100000,5.14000000,1.98
1749263753,2.02200000,257.68000000,1.98
1749263753,2.02300000,634.57000000,1.98
1749263753,2.02400000,7.86000000,1.98
1749263753,2.02500000,41132.50000000,1.98
1749263753,2.02600000,755.38000000,1.98
1749263753,2.02700000,5.13000000,1.98
1749263753,2.02800000,42335.80000000,1.98
1749263753,2.02900000,649.90000000,1.98
1749263753,2.03000000,21.71000000,1.98
1749263753,2.03100000,7.78000000,1.98
1749263753,2.03200000,5.12000000,1.98
1749263753,2.03300000,58.75000000,1.98
1749263753,2.03400000,7.66000000,1.98
1749263753,2.03500000,5.11000000,1.98
1749263753,2.03600000,8.09000000,1.98
1749263753,2.03700000,8.05000000,1.98
1749263753,2.03800000,33.47000000,1.98
1749263753,2.03900000,5.10000000,1.98
1749263753,2.04000000,544.42000000,1.98
1749263753,2.04100000,5.09000000,1.98
1749263753,2.04200000,5.09000000,1.98
1749263753,2.04300000,11.08000000,1.98
1749263753,2.04400000,5.09000000,1.98
1749263753,2.04500000,8.25000000,1.98
1749263753,2.04600000,8.05000000,1.98
1749263753,2.04700000,5.08000000,1.98
1749263753,2.04800000,17.83000000,1.98
1749263753,2.04900000,5.07000000,1.98
1749263753,2.05000000,26173.99000000,1.98
1749263753,2.05100000,19.17000000,1.98
1749263753,2.05200000,100.96000000,1.98
1749263753,2.05300000,5.06000000,1.98
1749263753,2.05400000,137.78000000,1.98
1749263753,2.05500000,409.28000000,1.98
1749263753,2.05600000,15.36000000,1.98
1749263753,2.05700000,464.52000000,1.98
1749263753,2.05800000,42.66000000,1.98
1749263753,2.05900000,11.04000000,1.98
1749263753,2.06000000,466.89000000,1.98
1749263753,2.06100000,110.98000000,1.98
1749263753,2.06300000,268.78000000,1.98
1749263753,2.06500000,4.69000000,1.98
1749263753,2.06600000,5.25000000,1.98
1749263753,2.06700000,20.69000000,1.98
1749263753,2.06800000,3.84000000,1.98
1749263753,2.06900000,41.16000000,1.98
1749263753,2.07000000,17.54000000,1.98
1749263753,2.07100000,7.70000000,1.98
1749263753,2.07300000,6.01000000,1.98
1749263753,2.07400000,34.79000000,1.98
1749263753,2.07500000,26.75000000,1.98
1749263753,2.07600000,248.98000000,1.98
1749263753,2.07700000,56.26000000,1.98
1749263753,2.07800000,260.53000000,1.98
1749263753,2.07900000,81.09000000,1.98
1749263753,2.08000000,2111.84000000,1.98
1749263753,2.08100000,2.98000000,1.98
1749263753,2.08200000,474.03000000,1.98
1749263753,2.08400000,538.03000000,1.98
1749264054,1.98600000,1785.31000000,1.986
1749264054,1.98700000,9543.06000000,1.986
1749264054,1.98800000,21444.97000000,1.986
1749264054,1.98900000,23026.64000000,1.986
1749264054,1.99000000,16666.51000000,1.986
1749264054,1.99100000,13724.65000000,1.986
1749264054,1.99200000,3176.37000000,1.986
1749264054,1.99300000,2297.11000000,1.986
1749264054,1.99400000,9048.65000000,1.986
1749264054,1.99500000,7441.55000000,1.986
1749264054,1.99600000,2089.80000000,1.986
1749264054,1.99700000,606.11000000,1.986
1749264054,1.99800000,2148.78000000,1.986
1749264054,1.99900000,2511.28000000,1.986
1749264054,2.00000000,2858.80000000,1.986
1749264054,2.00100000,3248.93000000,1.986
1749264054,2.00200000,2728.66000000,1.986
1749264054,2.00300000,34.63000000,1.986
1749264054,2.00400000,284.37000000,1.986
1749264054,2.00500000,1474.94000000,1.986
1749264054,2.00600000,4274.58000000,1.986
1749264054,2.00700000,456.90000000,1.986
1749264054,2.00800000,1434.30000000,1.986
1749264054,2.00900000,8.96000000,1.986
1749264054,2.01000000,271.22000000,1.986
1749264054,2.01100000,3416.98000000,1.986
1749264054,2.01200000,7.91000000,1.986
1749264054,2.01300000,1842.33000000,1.986
1749264054,2.01400000,661.29000000,1.986
1749264054,2.01500000,81490.48000000,1.986
1749264054,2.01600000,7.89000000,1.986
1749264054,2.01700000,637.14000000,1.986
1749264054,2.01800000,8.99000000,1.986
1749264054,2.01900000,1319.11000000,1.986
1749264054,2.02000000,684.59000000,1.986
1749264054,2.02100000,5.14000000,1.986
1749264054,2.02200000,257.68000000,1.986
1749264054,2.02300000,634.57000000,1.986
1749264054,2.02400000,7.86000000,1.986
1749264054,2.02500000,41132.50000000,1.986
1749264054,2.02600000,755.38000000,1.986
1749264054,2.02700000,5.13000000,1.986
1749264054,2.02800000,42335.80000000,1.986
1749264054,2.02900000,649.90000000,1.986
1749264054,2.03000000,21.71000000,1.986
1749264054,2.03100000,7.78000000,1.986
1749264054,2.03200000,5.12000000,1.986
1749264054,2.03300000,58.75000000,1.986
1749264054,2.03400000,7.66000000,1.986
1749264054,2.03500000,5.11000000,1.986
1749264054,2.03600000,8.09000000,1.986
1749264054,2.03700000,8.05000000,1.986
1749264054,2.03800000,33.47000000,1.986
1749264054,2.03900000,5.10000000,1.986
1749264054,2.04000000,544.42000000,1.986
1749264054,2.04100000,5.09000000,1.986
1749264054,2.04200000,5.09000000,1.986
1749264054,2.04300000,11.08000000,1.986
1749264054,2.04400000,5.09000000,1.986
1749264054,2.04500000,8.25000000,1.986
1749264054,2.04600000,8.05000000,1.986
1749264054,2.04700000,5.08000000,1.986
1749264054,2.04800000,17.83000000,1.986
1749264054,2.04900000,5.07000000,1.986
1749264054,2.05000000,26173.99000000,1.986
1749264054,2.05100000,19.17000000,1.986
1749264054,2.05200000,100.96000000,1.986
1749264054,2.05300000,5.06000000,1.986
1749264054,2.05400000,137.78000000,1.986
1749264054,2.05500000,409.28000000,1.986
1749264054,2.05600000,15.36000000,1.986
1749264054,2.05700000,469.57000000,1.986
1749264054,2.05800000,47.71000000,1.986
1749264054,2.05900000,16.09000000,1.986
1749264054,2.06000000,471.94000000,1.986
1749264054,2.06100000,116.02000000,1.986
1749264054,2.06300000,268.78000000,1.986
1749264054,2.06500000,4.69000000,1.986
1749264054,2.06600000,5.25000000,1.986
1749264054,2.06700000,20.69000000,1.986
1749264054,2.06800000,3.84000000,1.986
1749264054,2.06900000,41.16000000,1.986
1749264054,2.07000000,17.54000000,1.986
1749264054,2.07100000,7.70000000,1.986
1749264054,2.07300000,6.01000000,1.986
1749264054,2.07400000,34.79000000,1.986
1749264054,2.07500000,26.75000000,1.986
1749264054,2.07600000,248.98000000,1.986
1749264054,2.07700000,56.26000000,1.986
1749264054,2.07800000,257.86000000,1.986
1749264054,2.07900000,81.09000000,1.986
1749264054,2.08000000,2111.84000000,1.986
1749264054,2.08100000,2.98000000,1.986
1749264054,2.08200000,474.03000000,1.986
1749264054,2.08400000,538.03000000,1.986
1749264054,2.08500000,28.30000000,1.986
1749264054,2.08600000,228.58000000,1.986
1749264054,2.08700000,2.55000000,1.986
1749264054,2.08800000,2.44000000,1.986
1749264054,2.08900000,3.84000000,1.986
1749264356,1.98200000,1380.81000000,1.981
1749264356,1.98300000,6588.17000000,1.981
1749264356,1.98400000,15926.17000000,1.981
1749264356,1.98500000,23945.19000000,1.981
1749264356,1.98600000,24467.31000000,1.981
1749264356,1.98700000,6593.87000000,1.981
1749264356,1.98800000,10436.32000000,1.981
1749264356,1.98900000,10102.16000000,1.981
1749264356,1.99000000,9103.87000000,1.981
1749264356,1.99100000,4649.04000000,1.981
1749264356,1.99200000,1827.56000000,1.981
1749264356,1.99300000,792.92000000,1.981
1749264356,1.99400000,1827.77000000,1.981
1749264356,1.99500000,2665.93000000,1.981
1749264356,1.99600000,2089.80000000,1.981
1749264356,1.99700000,531.64000000,1.981
1749264356,1.99800000,2148.78000000,1.981
1749264356,1.99900000,3226.50000000,1.981
1749264356,2.00000000,2858.80000000,1.981
1749264356,2.00100000,2852.93000000,1.981
1749264356,2.00200000,5865.13000000,1.981
1749264356,2.00300000,61.33000000,1.981
1749264356,2.00400000,284.37000000,1.981
1749264356,2.00500000,1474.94000000,1.981
1749264356,2.00600000,12.09000000,1.981
1749264356,2.00700000,456.90000000,1.981
1749264356,2.00800000,1434.30000000,1.981
1749264356,2.00900000,8.96000000,1.981
1749264356,2.01000000,271.22000000,1.981
1749264356,2.01100000,3416.98000000,1.981
1749264356,2.01200000,7.91000000,1.981
1749264356,2.01300000,3156.27000000,1.981
1749264356,2.01400000,634.59000000,1.981
1749264356,2.01500000,81490.48000000,1.981
1749264356,2.01600000,7.89000000,1.981
1749264356,2.01700000,637.14000000,1.981
1749264356,2.01800000,8.99000000,1.981
1749264356,2.01900000,5.15000000,1.981
1749264356,2.02000000,684.59000000,1.981
1749264356,2.02100000,5.14000000,1.981
1749264356,2.02200000,257.68000000,1.981
1749264356,2.02300000,634.57000000,1.981
1749264356,2.02400000,7.86000000,1.981
1749264356,2.02500000,41132.50000000,1.981
1749264356,2.02600000,755.38000000,1.981
1749264356,2.02700000,5.13000000,1.981
1749264356,2.02800000,42335.80000000,1.981
1749264356,2.02900000,649.90000000,1.981
1749264356,2.03000000,21.71000000,1.981
1749264356,2.03100000,7.78000000,1.981
1749264356,2.03200000,5.12000000,1.981
1749264356,2.03300000,58.75000000,1.981
1749264356,2.03400000,199.15000000,1.981
1749264356,2.03500000,5.11000000,1.981
1749264356,2.03600000,8.09000000,1.981
1749264356,2.03700000,8.05000000,1.981
1749264356,2.03800000,33.47000000,1.981
1749264356,2.03900000,5.10000000,1.981
1749264356,2.04000000,352.93000000,1.981
1749264356,2.04100000,5.09000000,1.981
1749264356,2.04200000,5.09000000,1.981
1749264356,2.04300000,11.08000000,1.981
1749264356,2.04400000,5.09000000,1.981
1749264356,2.04500000,8.25000000,1.981
1749264356,2.04600000,8.05000000,1.981
1749264356,2.04700000,5.08000000,1.981
1749264356,2.04800000,17.83000000,1.981
1749264356,2.04900000,5.07000000,1.981
1749264356,2.05000000,26173.99000000,1.981
1749264356,2.05100000,478.32000000,1.981
1749264356,2.05200000,100.96000000,1.981
1749264356,2.05300000,5.06000000,1.981
1749264356,2.05400000,137.78000000,1.981
1749264356,2.05500000,409.28000000,1.981
1749264356,2.05600000,15.36000000,1.981
1749264356,2.05700000,10.42000000,1.981
1749264356,2.05800000,42.66000000,1.981
1749264356,2.05900000,11.04000000,1.981
1749264356,2.06000000,466.89000000,1.981
1749264356,2.06100000,110.98000000,1.981
1749264356,2.06300000,268.78000000,1.981
1749264356,2.06500000,4.69000000,1.981
1749264356,2.06600000,5.25000000,1.981
1749264356,2.06700000,20.69000000,1.981
1749264356,2.06800000,3.84000000,1.981
1749264356,2.06900000,41.16000000,1.981
1749264356,2.07000000,17.54000000,1.981
1749264356,2.07100000,7.70000000,1.981
1749264356,2.07300000,6.01000000,1.981
1749264356,2.07400000,34.79000000,1.981
1749264356,2.07500000,26.75000000,1.981
1749264356,2.07600000,248.98000000,1.981
1749264356,2.07700000,56.26000000,1.981
1749264356,2.07800000,261.31000000,1.981
1749264356,2.07900000,81.09000000,1.981
1749264356,2.08000000,2111.84000000,1.981
1749264356,2.08100000,2.98000000,1.981
1749264356,2.08200000,474.03000000,1.981
1749264356,2.08400000,538.48000000,1.981
1749264356,2.08500000,28.30000000,1.981
1749264657,1.98600000,1760.80000000,1.985
1749264657,1.98700000,8344.40000000,1.985
1749264657,1.98800000,23582.37000000,1.985
1749264657,1.98900000,19835.69000000,1.985
1749264657,1.99000000,13550.91000000,1.985
1749264657,1.99100000,6381.06000000,1.985
1749264657,1.99200000,7225.76000000,1.985
1749264657,1.99300000,2141.80000000,1.985
1749264657,1.99400000,7140.08000000,1.985
1749264657,1.99500000,12933.50000000,1.985
1749264657,1.99600000,9274.60000000,1.985
1749264657,1.99700000,1432.03000000,1.985
1749264657,1.99800000,2152.56000000,1.985
1749264657,1.99900000,2511.28000000,1.985
1749264657,2.00000000,2975.63000000,1.985
1749264657,2.00100000,3248.93000000,1.985
1749264657,2.00200000,2734.35000000,1.985
1749264657,2.00300000,34.63000000,1.985
1749264657,2.00400000,680.37000000,1.985
1749264657,2.00500000,1474.94000000,1.985
1749264657,2.00600000,4273.93000000,1.985
1749264657,2.00700000,525.42000000,1.985
1749264657,2.00800000,1434.30000000,1.985
1749264657,2.00900000,8.96000000,1.985
1749264657,2.01000000,271.22000000,1.985
1749264657,2.01100000,3416.98000000,1.985
1749264657,2.01200000,7.91000000,1.985
1749264657,2.01300000,1842.33000000,1.985
1749264657,2.01400000,661.29000000,1.985
1749264657,2.01500000,81490.48000000,1.985
1749264657,2.01600000,7.89000000,1.985
1749264657,2.01700000,637.14000000,1.985
1749264657,2.01800000,8.99000000,1.985
1749264657,2.01900000,1300.15000000,1.985
1749264657,2.02000000,684.59000000,1.985
1749264657,2.02100000,5.14000000,1.985
1749264657,2.02200000,257.68000000,1.985
1749264657,2.02300000,634.57000000,1.985
1749264657,2.02400000,7.86000000,1.985
1749264657,2.02500000,41132.50000000,1.985
1749264657,2.02600000,755.38000000,1.985
1749264657,2.02700000,5.13000000,1.985
1749264657,2.02800000,42335.80000000,1.985
1749264657,2.02900000,649.90000000,1.985
1749264657,2.03000000,21.71000000,1.985
1749264657,2.03100000,7.78000000,1.985
1749264657,2.03200000,5.12000000,1.985
1749264657,2.03300000,58.75000000,1.985
1749264657,2.03400000,7.66000000,1.985
1749264657,2.03500000,5.11000000,1.985
1749264657,2.03600000,8.09000000,1.985
1749264657,2.03700000,5.10000000,1.985
1749264657,2.03800000,33.47000000,1.985
1749264657,2.03900000,5.10000000,1.985
1749264657,2.04000000,280.63000000,1.985
1749264657,2.04100000,5.09000000,1.985
1749264657,2.04200000,5.09000000,1.985
1749264657,2.04300000,11.08000000,1.985
1749264657,2.04400000,5.09000000,1.985
1749264657,2.04500000,8.25000000,1.985
1749264657,2.04600000,8.05000000,1.985
1749264657,2.04700000,268.87000000,1.985
1749264657,2.04800000,17.83000000,1.985
1749264657,2.04900000,5.07000000,1.985
1749264657,2.05000000,26173.99000000,1.985
1749264657,2.05100000,19.17000000,1.985
1749264657,2.05200000,100.96000000,1.985
1749264657,2.05300000,5.06000000,1.985
1749264657,2.05400000,137.78000000,1.985
1749264657,2.05500000,409.28000000,1.985
1749264657,2.05600000,15.36000000,1.985
1749264657,2.05700000,469.57000000,1.985
1749264657,2.05800000,47.71000000,1.985
1749264657,2.05900000,16.09000000,1.985
1749264657,2.06000000,471.94000000,1.985
1749264657,2.06100000,116.02000000,1.985
1749264657,2.06300000,268.78000000,1.985
1749264657,2.06500000,4.69000000,1.985
1749264657,2.06600000,5.25000000,1.985
1749264657,2.06700000,20.69000000,1.985
1749264657,2.06800000,3.84000000,1.985
1749264657,2.06900000,41.16000000,1.985
1749264657,2.07000000,17.54000000,1.985
1749264657,2.07100000,7.70000000,1.985
1749264657,2.07300000,6.01000000,1.985
1749264657,2.07400000,34.79000000,1.985
1749264657,2.07500000,26.75000000,1.985
1749264657,2.07600000,248.98000000,1.985
1749264657,2.07700000,56.26000000,1.985
1749264657,2.07800000,252.67000000,1.985
1749264657,2.07900000,77.24000000,1.985
1749264657,2.08000000,2111.84000000,1.985
1749264657,2.08100000,2.98000000,1.985
1749264657,2.08200000,474.03000000,1.985
1749264657,2.08400000,538.48000000,1.985
1749264657,2.08500000,28.30000000,1.985
1749264657,2.08600000,228.58000000,1.985
1749264657,2.08700000,2.55000000,1.985
1749264657,2.08800000,2.44000000,1.985
1749264657,2.08900000,3.84000000,1.985
1749264959,1.99300000,1983.68000000,1.992
1749264959,1.99400000,22473.24000000,1.992
1749264959,1.99500000,20083.81000000,1.992
1749264959,1.99600000,21553.80000000,1.992
1749264959,1.99700000,18181.69000000,1.992
1749264959,1.99800000,3447.93000000,1.992
1749264959,1.99900000,2504.32000000,1.992
1749264959,2.00000000,5006.04000000,1.992
1749264959,2.00100000,11084.53000000,1.992
1749264959,2.00200000,2571.07000000,1.992
1749264959,2.00300000,7994.63000000,1.992
1749264959,2.00400000,684.14000000,1.992
1749264959,2.00500000,2716.58000000,1.992
1749264959,2.00600000,6311.77000000,1.992
1749264959,2.00700000,3503.16000000,1.992
1749264959,2.00800000,1881.00000000,1.992
1749264959,2.00900000,1268.94000000,1.992
1749264959,2.01000000,271.22000000,1.992
1749264959,2.01100000,3470.97000000,1.992
1749264959,2.01200000,4227.37000000,1.992
1749264959,2.01300000,2108.36000000,1.992
1749264959,2.01400000,1451.84000000,1.992
1749264959,2.01500000,81225.98000000,1.992
1749264959,2.01600000,270.15000000,1.992
1749264959,2.01700000,1423.92000000,1.992
1749264959,2.01800000,8.99000000,1.992
1749264959,2.01900000,281.72000000,1.992
1749264959,2.02000000,1471.37000000,1.992
1749264959,2.02100000,273.41000000,1.992
1749264959,2.02200000,35.20000000,1.992
1749264959,2.02300000,1421.35000000,1.992
1749264959,2.02400000,7.86000000,1.992
1749264959,2.02500000,41132.50000000,1.992
1749264959,2.02600000,2063.68000000,1.992
1749264959,2.02700000,5.13000000,1.992
1749264959,2.02800000,42338.52000000,1.992
1749264959,2.02900000,649.90000000,1.992
1749264959,2.03000000,243.30000000,1.992
1749264959,2.03100000,7.78000000,1.992
1749264959,2.03200000,7.83000000,1.992
1749264959,2.03300000,58.75000000,1.992
1749264959,2.03400000,7.66000000,1.992
1749264959,2.03500000,5.11000000,1.992
1749264959,2.03600000,8.09000000,1.992
1749264959,2.03700000,5.10000000,1.992
1749264959,2.03800000,33.47000000,1.992
1749264959,2.03900000,5.10000000,1.992
1749264959,2.04000000,13.62000000,1.992
1749264959,2.04100000,5.09000000,1.992
1749264959,2.04200000,5.09000000,1.992
1749264959,2.04300000,11.08000000,1.992
1749264959,2.04400000,5.09000000,1.992
1749264959,2.04500000,8.25000000,1.992
1749264959,2.04600000,199.54000000,1.992
1749264959,2.04700000,268.87000000,1.992
1749264959,2.04800000,93.35000000,1.992
1749264959,2.04900000,5.07000000,1.992
1749264959,2.05000000,26173.99000000,1.992
1749264959,2.05100000,19.17000000,1.992
1749264959,2.05200000,100.96000000,1.992
1749264959,2.05300000,5.06000000,1.992
1749264959,2.05400000,62.26000000,1.992
1749264959,2.05500000,244.86000000,1.992
1749264959,2.05600000,15.36000000,1.992
1749264959,2.05700000,10.42000000,1.992
1749264959,2.05800000,47.71000000,1.992
1749264959,2.05900000,16.09000000,1.992
1749264959,2.06000000,471.94000000,1.992
1749264959,2.06100000,5.04000000,1.992
1749264959,2.06200000,5.04000000,1.992
1749264959,2.06300000,732.97000000,1.992
1749264959,2.06400000,5.03000000,1.992
1749264959,2.06500000,85.24000000,1.992
1749264959,2.06600000,10.28000000,1.992
1749264959,2.06700000,190.14000000,1.992
1749264959,2.06800000,8.86000000,1.992
1749264959,2.06900000,41.16000000,1.992
1749264959,2.07000000,17.54000000,1.992
1749264959,2.07100000,7.70000000,1.992
1749264959,2.07300000,116.99000000,1.992
1749264959,2.07400000,34.79000000,1.992
1749264959,2.07500000,26.75000000,1.992
1749264959,2.07600000,248.98000000,1.992
1749264959,2.07700000,56.26000000,1.992
1749264959,2.07800000,254.45000000,1.992
1749264959,2.07900000,77.24000000,1.992
1749264959,2.08000000,2111.84000000,1.992
1749264959,2.08100000,2.98000000,1.992
1749264959,2.08200000,14.96000000,1.992
1749264959,2.08400000,538.48000000,1.992
1749264959,2.08500000,28.30000000,1.992
1749264959,2.08600000,228.58000000,1.992
1749264959,2.08700000,2.55000000,1.992
1749264959,2.08800000,461.51000000,1.992
1749264959,2.08900000,3.84000000,1.992
1749264959,2.09000000,66.09000000,1.992
1749264959,2.09100000,3.44000000,1.992
1749264959,2.09400000,6.73000000,1.992
1749264959,2.09500000,7.84000000,1.992
1749264959,2.09600000,2.55000000,1.992
1749265260,1.99000000,3935.88000000,1.989
1749265260,1.99100000,10337.67000000,1.989
1749265260,1.99200000,26501.42000000,1.989
1749265260,1.99300000,16657.66000000,1.989
1749265260,1.99400000,16938.95000000,1.989
1749265260,1.99500000,9212.45000000,1.989
1749265260,1.99600000,9417.41000000,1.989
1749265260,1.99700000,4984.91000000,1.989
1749265260,1.99800000,12103.00000000,1.989
1749265260,1.99900000,5606.96000000,1.989
1749265260,2.00000000,3380.75000000,1.989
1749265260,2.00100000,1637.11000000,1.989
1749265260,2.00200000,1428.91000000,1.989
1749265260,2.00300000,7464.98000000,1.989
1749265260,2.00400000,288.14000000,1.989
1749265260,2.00500000,1428.90000000,1.989
1749265260,2.00600000,3340.79000000,1.989
1749265260,2.00700000,3107.16000000,1.989
1749265260,2.00800000,1485.00000000,1.989
1749265260,2.00900000,4382.49000000,1.989
1749265260,2.01000000,271.22000000,1.989
1749265260,2.01100000,3470.97000000,1.989
1749265260,2.01200000,11.68000000,1.989
1749265260,2.01300000,2108.36000000,1.989
1749265260,2.01400000,1451.84000000,1.989
1749265260,2.01500000,81225.98000000,1.989
1749265260,2.01600000,270.15000000,1.989
1749265260,2.01700000,1423.92000000,1.989
1749265260,2.01800000,8.99000000,1.989
1749265260,2.01900000,281.72000000,1.989
1749265260,2.02000000,1471.37000000,1.989
1749265260,2.02100000,273.41000000,1.989
1749265260,2.02200000,35.20000000,1.989
1749265260,2.02300000,1421.35000000,1.989
1749265260,2.02400000,7.86000000,1.989
1749265260,2.02500000,41132.50000000,1.989
1749265260,2.02600000,2063.68000000,1.989
1749265260,2.02700000,5.13000000,1.989
1749265260,2.02800000,42338.52000000,1.989
1749265260,2.02900000,649.90000000,1.989
1749265260,2.03000000,243.30000000,1.989
1749265260,2.03100000,7.78000000,1.989
1749265260,2.03200000,12.26000000,1.989
1749265260,2.03300000,58.75000000,1.989
1749265260,2.03400000,7.66000000,1.989
1749265260,2.03500000,5.11000000,1.989
1749265260,2.03600000,8.09000000,1.989
1749265260,2.03700000,5.10000000,1.989
1749265260,2.03800000,33.47000000,1.989
1749265260,2.03900000,5.10000000,1.989
1749265260,2.04000000,13.62000000,1.989
1749265260,2.04100000,5.09000000,1.989
1749265260,2.04200000,5.09000000,1.989
1749265260,2.04300000,11.08000000,1.989
1749265260,2.04400000,5.09000000,1.989
1749265260,2.04500000,8.25000000,1.989
1749265260,2.04600000,199.54000000,1.989
1749265260,2.04700000,268.87000000,1.989
1749265260,2.04800000,93.35000000,1.989
1749265260,2.04900000,5.07000000,1.989
1749265260,2.05000000,26173.99000000,1.989
1749265260,2.05100000,19.17000000,1.989
1749265260,2.05200000,100.96000000,1.989
1749265260,2.05300000,5.06000000,1.989
1749265260,2.05400000,62.26000000,1.989
1749265260,2.05500000,244.86000000,1.989
1749265260,2.05600000,15.36000000,1.989
1749265260,2.05700000,10.42000000,1.989
1749265260,2.05800000,47.71000000,1.989
1749265260,2.05900000,16.09000000,1.989
1749265260,2.06000000,471.94000000,1.989
1749265260,2.06100000,5.04000000,1.989
1749265260,2.06200000,5.04000000,1.989
1749265260,2.06300000,732.97000000,1.989
1749265260,2.06400000,5.03000000,1.989
1749265260,2.06500000,85.24000000,1.989
1749265260,2.06600000,5.25000000,1.989
1749265260,2.06700000,185.11000000,1.989
1749265260,2.06800000,3.84000000,1.989
1749265260,2.06900000,41.16000000,1.989
1749265260,2.07000000,17.54000000,1.989
1749265260,2.07100000,7.70000000,1.989
1749265260,2.07200000,5.79000000,1.989
1749265260,2.07300000,116.99000000,1.989
1749265260,2.07400000,34.79000000,1.989
1749265260,2.07500000,26.75000000,1.989
1749265260,2.07600000,248.98000000,1.989
1749265260,2.07700000,56.26000000,1.989
1749265260,2.07800000,252.95000000,1.989
1749265260,2.07900000,77.24000000,1.989
1749265260,2.08000000,2111.84000000,1.989
1749265260,2.08100000,2.98000000,1.989
1749265260,2.08200000,14.96000000,1.989
1749265260,2.08400000,538.48000000,1.989
1749265260,2.08500000,28.30000000,1.989
1749265260,2.08600000,228.58000000,1.989
1749265260,2.08700000,2.55000000,1.989
1749265260,2.08800000,461.51000000,1.989
1749265260,2.08900000,3.84000000,1.989
1749265260,2.09000000,66.09000000,1.989
1749265562,1.99600000,1099.90000000,1.995
1749265562,1.99700000,9276.32000000,1.995
1749265562,1.99800000,17513.39000000,1.995
1749265562,1.99900000,22664.80000000,1.995
1749265562,2.00000000,18305.68000000,1.995
1749265562,2.00100000,5438.59000000,1.995
1749265562,2.00200000,6584.23000000,1.995
1749265562,2.00300000,9294.09000000,1.995
1749265562,2.00400000,1753.69000000,1.995
1749265562,2.00500000,9003.47000000,1.995
1749265562,2.00600000,6838.30000000,1.995
1749265562,2.00700000,380.92000000,1.995
1749265562,2.00800000,1438.06000000,1.995
1749265562,2.00900000,199.32000000,1.995
1749265562,2.01000000,274.98000000,1.995
1749265562,2.01100000,1503.65000000,1.995
1749265562,2.01200000,710.10000000,1.995
1749265562,2.01300000,8025.00000000,1.995
1749265562,2.01400000,1451.84000000,1.995
1749265562,2.01500000,87954.84000000,1.995
1749265562,2.01600000,426.51000000,1.995
1749265562,2.01700000,1546.04000000,1.995
1749265562,2.01800000,12.75000000,1.995
1749265562,2.01900000,285.48000000,1.995
1749265562,2.02000000,1524.29000000,1.995
1749265562,2.02100000,5.14000000,1.995
1749265562,2.02200000,297.46000000,1.995
1749265562,2.02300000,1421.35000000,1.995
1749265562,2.02400000,7.86000000,1.995
1749265562,2.02500000,39281.62000000,1.995
1749265562,2.02600000,1542.16000000,1.995
1749265562,2.02700000,273.40000000,1.995
1749265562,2.02800000,42338.52000000,1.995
1749265562,2.02900000,1436.68000000,1.995
1749265562,2.03000000,21.71000000,1.995
1749265562,2.03100000,7.78000000,1.995
1749265562,2.03200000,2711.46000000,1.995
1749265562,2.03300000,58.75000000,1.995
1749265562,2.03400000,7.66000000,1.995
1749265562,2.03500000,5.11000000,1.995
1749265562,2.03600000,10.80000000,1.995
1749265562,2.03700000,5.10000000,1.995
1749265562,2.03800000,254.17000000,1.995
1749265562,2.03900000,5.10000000,1.995
1749265562,2.04000000,13.62000000,1.995
1749265562,2.04100000,5.09000000,1.995
1749265562,2.04200000,5.09000000,1.995
1749265562,2.04300000,11.08000000,1.995
1749265562,2.04400000,5.09000000,1.995
1749265562,2.04500000,8.25000000,1.995
1749265562,2.04600000,8.05000000,1.995
1749265562,2.04700000,5.08000000,1.995
1749265562,2.04800000,93.35000000,1.995
1749265562,2.04900000,5.07000000,1.995
1749265562,2.05000000,26173.99000000,1.995
1749265562,2.05100000,19.17000000,1.995
1749265562,2.05200000,292.45000000,1.995
1749265562,2.05300000,268.85000000,1.995
1749265562,2.05400000,62.26000000,1.995
1749265562,2.05500000,244.86000000,1.995
1749265562,2.05600000,15.36000000,1.995
1749265562,2.05700000,10.42000000,1.995
1749265562,2.05800000,47.71000000,1.995
1749265562,2.05900000,16.09000000,1.995
1749265562,2.06000000,471.94000000,1.995
1749265562,2.06100000,5.04000000,1.995
1749265562,2.06200000,5.04000000,1.995
1749265562,2.06300000,273.82000000,1.995
1749265562,2.06400000,5.03000000,1.995
1749265562,2.06500000,85.24000000,1.995
1749265562,2.06600000,10.28000000,1.995
1749265562,2.06700000,190.14000000,1.995
1749265562,2.06800000,8.86000000,1.995
1749265562,2.06900000,505.33000000,1.995
1749265562,2.07000000,22.56000000,1.995
1749265562,2.07100000,12.72000000,1.995
1749265562,2.07200000,5.79000000,1.995
1749265562,2.07300000,116.99000000,1.995
1749265562,2.07400000,34.79000000,1.995
1749265562,2.07500000,26.75000000,1.995
1749265562,2.07600000,248.98000000,1.995
1749265562,2.07700000,56.26000000,1.995
1749265562,2.07800000,251.57000000,1.995
1749265562,2.07900000,77.24000000,1.995
1749265562,2.08000000,2111.84000000,1.995
1749265562,2.08100000,2.98000000,1.995
1749265562,2.08200000,14.96000000,1.995
1749265562,2.08400000,538.48000000,1.995
1749265562,2.08500000,28.30000000,1.995
1749265562,2.08600000,228.58000000,1.995
1749265562,2.08700000,2.55000000,1.995
1749265562,2.08800000,2.44000000,1.995
1749265562,2.08900000,3.84000000,1.995
1749265562,2.09000000,66.09000000,1.995
1749265562,2.09100000,3.44000000,1.995
1749265562,2.09400000,465.80000000,1.995
1749265562,2.09500000,7.84000000,1.995
1749265562,2.09600000,2.55000000,1.995
1749265562,2.09800000,2.68000000,1.995
1749265562,2.09900000,1450.28000000,1.995
1749265863,2.00000000,3458.49000000,1.999
1749265863,2.00100000,12047.69000000,1.999
1749265863,2.00200000,25916.82000000,1.999
1749265863,2.00300000,19383.87000000,1.999
1749265863,2.00400000,5524.78000000,1.999
1749265863,2.00500000,6690.48000000,1.999
1749265863,2.00600000,11286.97000000,1.999
1749265863,2.00700000,2669.60000000,1.999
1749265863,2.00800000,5790.79000000,1.999
1749265863,2.00900000,6961.10000000,1.999
1749265863,2.01000000,3551.28000000,1.999
1749265863,2.01100000,1503.65000000,1.999
1749265863,2.01200000,11.68000000,1.999
1749265863,2.01300000,5573.34000000,1.999
1749265863,2.01400000,1451.84000000,1.999
1749265863,2.01500000,84446.06000000,1.999
1749265863,2.01600000,426.51000000,1.999
1749265863,2.01700000,1546.04000000,1.999
1749265863,2.01800000,4216.32000000,1.999
1749265863,2.01900000,285.48000000,1.999
1749265863,2.02000000,1524.29000000,1.999
1749265863,2.02100000,5.14000000,1.999
1749265863,2.02200000,297.46000000,1.999
1749265863,2.02300000,1421.35000000,1.999
1749265863,2.02400000,7.86000000,1.999
1749265863,2.02500000,269.95000000,1.999
1749265863,2.02600000,1542.16000000,1.999
1749265863,2.02700000,273.40000000,1.999
1749265863,2.02800000,42338.52000000,1.999
1749265863,2.02900000,1436.68000000,1.999
1749265863,2.03000000,21.71000000,1.999
1749265863,2.03100000,7.78000000,1.999
1749265863,2.03200000,2711.46000000,1.999
1749265863,2.03300000,58.75000000,1.999
1749265863,2.03400000,7.66000000,1.999
1749265863,2.03500000,5.11000000,1.999
1749265863,2.03600000,634.57000000,1.999
1749265863,2.03700000,5.10000000,1.999
1749265863,2.03800000,254.17000000,1.999
1749265863,2.03900000,5.10000000,1.999
1749265863,2.04000000,13.62000000,1.999
1749265863,2.04100000,5.09000000,1.999
1749265863,2.04200000,5.09000000,1.999
1749265863,2.04300000,11.08000000,1.999
1749265863,2.04400000,5.09000000,1.999
1749265863,2.04500000,8.25000000,1.999
1749265863,2.04600000,8.05000000,1.999
1749265863,2.04700000,5.08000000,1.999
1749265863,2.04800000,93.35000000,1.999
1749265863,2.04900000,5.07000000,1.999
1749265863,2.05000000,26225.76000000,1.999
1749265863,2.05100000,19.17000000,1.999
1749265863,2.05200000,292.45000000,1.999
1749265863,2.05300000,268.85000000,1.999
1749265863,2.05400000,62.26000000,1.999
1749265863,2.05500000,244.86000000,1.999
1749265863,2.05600000,15.36000000,1.999
1749265863,2.05700000,10.42000000,1.999
1749265863,2.05800000,47.71000000,1.999
1749265863,2.05900000,16.09000000,1.999
1749265863,2.06000000,471.94000000,1.999
1749265863,2.06100000,5.04000000,1.999
1749265863,2.06200000,5.04000000,1.999
1749265863,2.06300000,273.82000000,1.999
1749265863,2.06400000,5.03000000,1.999
1749265863,2.06500000,85.24000000,1.999
1749265863,2.06600000,10.28000000,1.999
1749265863,2.06700000,190.14000000,1.999
1749265863,2.06800000,8.86000000,1.999
1749265863,2.06900000,505.33000000,1.999
1749265863,2.07000000,22.56000000,1.999
1749265863,2.07100000,12.72000000,1.999
1749265863,2.07200000,10.80000000,1.999
1749265863,2.07300000,122.00000000,1.999
1749265863,2.07400000,39.80000000,1.999
1749265863,2.07500000,31.75000000,1.999
1749265863,2.07600000,248.98000000,1.999
1749265863,2.07700000,56.26000000,1.999
1749265863,2.07800000,2.55000000,1.999
1749265863,2.07900000,77.24000000,1.999
1749265863,2.08000000,2111.84000000,1.999
1749265863,2.08100000,2.98000000,1.999
1749265863,2.08200000,14.96000000,1.999
1749265863,2.08400000,538.48000000,1.999
1749265863,2.08500000,28.30000000,1.999
1749265863,2.08600000,228.58000000,1.999
1749265863,2.08700000,2.55000000,1.999
1749265863,2.08800000,2.44000000,1.999
1749265863,2.08900000,3.84000000,1.999
1749265863,2.09000000,319.76000000,1.999
1749265863,2.09100000,3.44000000,1.999
1749265863,2.09400000,465.80000000,1.999
1749265863,2.09500000,7.84000000,1.999
1749265863,2.09600000,2.55000000,1.999
1749265863,2.09800000,2.68000000,1.999
1749265863,2.09900000,1450.28000000,1.999
1749265863,2.10000000,2058.84000000,1.999
1749265863,2.10200000,28.36000000,1.999
1749265863,2.10300000,788.68000000,1.999
1749265863,2.10500000,5.21000000,1.999
1749266165,2.00400000,1072.64000000,2.003
1749266165,2.00500000,5155.93000000,2.003
1749266165,2.00600000,14469.26000000,2.003
1749266165,2.00700000,16925.88000000,2.003
1749266165,2.00800000,18003.83000000,2.003
1749266165,2.00900000,8569.77000000,2.003
1749266165,2.01000000,6837.69000000,2.003
1749266165,2.01100000,3095.89000000,2.003
1749266165,2.01200000,5036.95000000,2.003
1749266165,2.01300000,10465.84000000,2.003
1749266165,2.01400000,3063.60000000,2.003
1749266165,2.01500000,81280.55000000,2.003
1749266165,2.01600000,449.26000000,2.003
1749266165,2.01700000,2073.99000000,2.003
1749266165,2.01800000,408.75000000,2.003
1749266165,2.01900000,3250.65000000,2.003
1749266165,2.02000000,7353.33000000,2.003
1749266165,2.02100000,1108.38000000,2.003
1749266165,2.02200000,870.93000000,2.003
1749266165,2.02300000,5550.09000000,2.003
1749266165,2.02400000,11.61000000,2.003
1749266165,2.02500000,257.38000000,2.003
1749266165,2.02600000,1474.26000000,2.003
1749266165,2.02700000,15.11000000,2.003
1749266165,2.02800000,264.77000000,2.003
1749266165,2.02900000,1395.48000000,2.003
1749266165,2.03000000,271.40000000,2.003
1749266165,2.03100000,7.78000000,2.003
1749266165,2.03200000,39816.59000000,2.003
1749266165,2.03300000,327.02000000,2.003
1749266165,2.03400000,7.66000000,2.003
1749266165,2.03500000,37587.00000000,2.003
1749266165,2.03600000,634.57000000,2.003
1749266165,2.03700000,5.10000000,2.003
1749266165,2.03800000,254.17000000,2.003
1749266165,2.03900000,40.39000000,2.003
1749266165,2.04000000,16.32000000,2.003
1749266165,2.04100000,5.09000000,2.003
1749266165,2.04200000,5.09000000,2.003
1749266165,2.04300000,11.08000000,2.003
1749266165,2.04400000,5.09000000,2.003
1749266165,2.04500000,8.25000000,2.003
1749266165,2.04600000,8.05000000,2.003
1749266165,2.04700000,5.08000000,2.003
1749266165,2.04800000,17.83000000,2.003
1749266165,2.04900000,5.07000000,2.003
1749266165,2.05000000,26225.76000000,2.003
1749266165,2.05100000,19.17000000,2.003
1749266165,2.05200000,292.45000000,2.003
1749266165,2.05300000,5.06000000,2.003
1749266165,2.05400000,62.26000000,2.003
1749266165,2.05500000,244.86000000,2.003
1749266165,2.05600000,90.88000000,2.003
1749266165,2.05700000,10.42000000,2.003
1749266165,2.05800000,47.71000000,2.003
1749266165,2.05900000,279.88000000,2.003
1749266165,2.06000000,475.82000000,2.003
1749266165,2.06100000,5.04000000,2.003
1749266165,2.06200000,5.04000000,2.003
1749266165,2.06300000,273.82000000,2.003
1749266165,2.06400000,5.03000000,2.003
1749266165,2.06500000,9.72000000,2.003
1749266165,2.06600000,10.28000000,2.003
1749266165,2.06700000,25.72000000,2.003
1749266165,2.06800000,8.86000000,2.003
1749266165,2.06900000,46.18000000,2.003
1749266165,2.07000000,22.56000000,2.003
1749266165,2.07100000,12.72000000,2.003
1749266165,2.07200000,10.80000000,2.003
1749266165,2.07300000,172.35000000,2.003
1749266165,2.07400000,39.80000000,2.003
1749266165,2.07500000,566.43000000,2.003
1749266165,2.07600000,253.98000000,2.003
1749266165,2.07700000,61.26000000,2.003
1749266165,2.07800000,7.55000000,2.003
1749266165,2.07900000,193.22000000,2.003
1749266165,2.08000000,2111.84000000,2.003
1749266165,2.08100000,2.98000000,2.003
1749266165,2.08200000,14.96000000,2.003
1749266165,2.08400000,38.31000000,2.003
1749266165,2.08500000,28.30000000,2.003
1749266165,2.08600000,228.58000000,2.003
1749266165,2.08700000,254.69000000,2.003
1749266165,2.08800000,2.44000000,2.003
1749266165,2.08900000,3.84000000,2.003
1749266165,2.09000000,566.59000000,2.003
1749266165,2.09100000,3.44000000,2.003
1749266165,2.09400000,6.73000000,2.003
1749266165,2.09500000,7.84000000,2.003
1749266165,2.09600000,2.55000000,2.003
1749266165,2.09800000,2.68000000,2.003
1749266165,2.09900000,1450.28000000,2.003
1749266165,2.10000000,2522.67000000,2.003
1749266165,2.10200000,28.36000000,2.003
1749266165,2.10300000,788.68000000,2.003
1749266165,2.10500000,5.21000000,2.003
1749266165,2.10600000,58.96000000,2.003
1749266165,2.10800000,124.65000000,2.003
1749266165,2.10900000,2.39000000,2.003
1749266165,2.11000000,460.66000000,2.003
1749266466,1.99900000,983.86000000,1.999
1749266466,2.00000000,8321.83000000,1.999
1749266466,2.00100000,20388.99000000,1.999
1749266466,2.00200000,18442.25000000,1.999
1749266466,2.00300000,9119.84000000,1.999
1749266466,2.00400000,4777.30000000,1.999
1749266466,2.00500000,3827.69000000,1.999
1749266466,2.00600000,8150.19000000,1.999
1749266466,2.00700000,6902.65000000,1.999
1749266466,2.00800000,11034.28000000,1.999
1749266466,2.00900000,6425.94000000,1.999
1749266466,2.01000000,1286.40000000,1.999
1749266466,2.01100000,2111.19000000,1.999
1749266466,2.01200000,485.90000000,1.999
1749266466,2.01300000,7062.83000000,1.999
1749266466,2.01400000,2006.68000000,1.999
1749266466,2.01500000,81459.57000000,1.999
1749266466,2.01600000,528.22000000,1.999
1749266466,2.01700000,2073.99000000,1.999
1749266466,2.01800000,8136.12000000,1.999
1749266466,2.01900000,2854.65000000,1.999
1749266466,2.02000000,6957.33000000,1.999
1749266466,2.02100000,8.89000000,1.999
1749266466,2.02200000,524.75000000,1.999
1749266466,2.02300000,1357.20000000,1.999
1749266466,2.02400000,60.28000000,1.999
1749266466,2.02500000,261.13000000,1.999
1749266466,2.02600000,1478.00000000,1.999
1749266466,2.02700000,15.11000000,1.999
1749266466,2.02800000,264.77000000,1.999
1749266466,2.02900000,1395.48000000,1.999
1749266466,2.03000000,271.40000000,1.999
1749266466,2.03100000,7.78000000,1.999
1749266466,2.03200000,39911.77000000,1.999
1749266466,2.03300000,327.02000000,1.999
1749266466,2.03400000,606.91000000,1.999
1749266466,2.03500000,37587.00000000,1.999
1749266466,2.03600000,634.57000000,1.999
1749266466,2.03700000,5.10000000,1.999
1749266466,2.03800000,33.47000000,1.999
1749266466,2.03900000,5.10000000,1.999
1749266466,2.04000000,16.32000000,1.999
1749266466,2.04100000,5.09000000,1.999
1749266466,2.04200000,5.09000000,1.999
1749266466,2.04300000,11.08000000,1.999
1749266466,2.04400000,7.79000000,1.999
1749266466,2.04500000,8.25000000,1.999
1749266466,2.04600000,8.05000000,1.999
1749266466,2.04700000,224.90000000,1.999
1749266466,2.04800000,17.83000000,1.999
1749266466,2.04900000,5.07000000,1.999
1749266466,2.05000000,26225.76000000,1.999
1749266466,2.05100000,19.17000000,1.999
1749266466,2.05200000,292.45000000,1.999
1749266466,2.05300000,5.06000000,1.999
1749266466,2.05400000,62.26000000,1.999
1749266466,2.05500000,244.86000000,1.999
1749266466,2.05600000,90.88000000,1.999
1749266466,2.05700000,10.42000000,1.999
1749266466,2.05800000,47.71000000,1.999
1749266466,2.05900000,279.88000000,1.999
1749266466,2.06000000,475.82000000,1.999
1749266466,2.06100000,5.04000000,1.999
1749266466,2.06200000,5.04000000,1.999
1749266466,2.06300000,273.82000000,1.999
1749266466,2.06400000,5.03000000,1.999
1749266466,2.06500000,9.72000000,1.999
1749266466,2.06600000,10.28000000,1.999
1749266466,2.06700000,25.72000000,1.999
1749266466,2.06800000,8.86000000,1.999
1749266466,2.06900000,46.18000000,1.999
1749266466,2.07000000,22.56000000,1.999
1749266466,2.07100000,12.72000000,1.999
1749266466,2.07200000,10.80000000,1.999
1749266466,2.07300000,172.35000000,1.999
1749266466,2.07400000,39.80000000,1.999
1749266466,2.07500000,561.42000000,1.999
1749266466,2.07600000,248.98000000,1.999
1749266466,2.07700000,56.26000000,1.999
1749266466,2.07800000,2.55000000,1.999
1749266466,2.07900000,188.22000000,1.999
1749266466,2.08000000,2111.84000000,1.999
1749266466,2.08100000,2.98000000,1.999
1749266466,2.08200000,14.96000000,1.999
1749266466,2.08400000,38.31000000,1.999
1749266466,2.08500000,28.30000000,1.999
1749266466,2.08600000,228.58000000,1.999
1749266466,2.08700000,248.61000000,1.999
1749266466,2.08800000,2.44000000,1.999
1749266466,2.08900000,3.84000000,1.999
1749266466,2.09000000,566.59000000,1.999
1749266466,2.09100000,3.44000000,1.999
1749266466,2.09400000,6.73000000,1.999
1749266466,2.09500000,7.84000000,1.999
1749266466,2.09600000,2.55000000,1.999
1749266466,2.09800000,2.68000000,1.999
1749266466,2.09900000,1450.28000000,1.999
1749266466,2.10000000,2522.67000000,1.999
1749266466,2.10200000,28.36000000,1.999
1749266466,2.10300000,788.68000000,1.999
1749266768,2.00900000,2209.84000000,2.009
1749266768,2.01000000,15154.81000000,2.009
1749266768,2.01100000,21796.11000000,2.009
1749266768,2.01200000,20466.32000000,2.009
1749266768,2.01300000,16038.83000000,2.009
1749266768,2.01400000,7767.52000000,2.009
1749266768,2.01500000,6752.28000000,2.009
1749266768,2.01600000,1808.82000000,2.009
1749266768,2.01700000,3888.71000000,2.009
1749266768,2.01800000,11001.25000000,2.009
1749266768,2.01900000,1158.88000000,2.009
1749266768,2.02000000,6172.73000000,2.009
1749266768,2.02100000,7256.30000000,2.009
1749266768,2.02200000,718.33000000,2.009
1749266768,2.02300000,1870.03000000,2.009
1749266768,2.02400000,3332.88000000,2.009
1749266768,2.02500000,2842.87000000,2.009
1749266768,2.02600000,4774.57000000,2.009
1749266768,2.02700000,2548.26000000,2.009
1749266768,2.02800000,1135.04000000,2.009
1749266768,2.02900000,5630.63000000,2.009
1749266768,2.03000000,275.14000000,2.009
1749266768,2.03100000,11.52000000,2.009
1749266768,2.03200000,1409.43000000,2.009
1749266768,2.03300000,308.44000000,2.009
1749266768,2.03400000,606.91000000,2.009
1749266768,2.03500000,754.17000000,2.009
1749266768,2.03600000,884.26000000,2.009
1749266768,2.03700000,618.50000000,2.009
1749266768,2.03800000,782.53000000,2.009
1749266768,2.03900000,38026.44000000,2.009
1749266768,2.04000000,615.57000000,2.009
1749266768,2.04100000,754.15000000,2.009
1749266768,2.04200000,5.09000000,2.009
1749266768,2.04300000,11.08000000,2.009
1749266768,2.04400000,1284.70000000,2.009
1749266768,2.04500000,8.25000000,2.009
1749266768,2.04600000,8.05000000,2.009
1749266768,2.04700000,224.90000000,2.009
1749266768,2.04800000,20.52000000,2.009
1749266768,2.04900000,5.07000000,2.009
1749266768,2.05000000,26225.76000000,2.009
1749266768,2.05100000,19.17000000,2.009
1749266768,2.05200000,100.96000000,2.009
1749266768,2.05300000,5.06000000,2.009
1749266768,2.05400000,62.26000000,2.009
1749266768,2.05500000,244.86000000,2.009
1749266768,2.05600000,15.36000000,2.009
1749266768,2.05700000,10.42000000,2.009
1749266768,2.05800000,47.71000000,2.009
1749266768,2.05900000,16.09000000,2.009
1749266768,2.06000000,475.82000000,2.009
1749266768,2.06100000,5.04000000,2.009
1749266768,2.06200000,5.04000000,2.009
1749266768,2.06300000,273.82000000,2.009
1749266768,2.06400000,196.52000000,2.009
1749266768,2.06500000,349.03000000,2.009
1749266768,2.06600000,10.28000000,2.009
1749266768,2.06700000,25.72000000,2.009
1749266768,2.06800000,8.86000000,2.009
1749266768,2.06900000,46.18000000,2.009
1749266768,2.07000000,22.56000000,2.009
1749266768,2.07100000,12.72000000,2.009
1749266768,2.07200000,10.80000000,2.009
1749266768,2.07300000,7.93000000,2.009
1749266768,2.07400000,39.80000000,2.009
1749266768,2.07500000,107.28000000,2.009
1749266768,2.07600000,253.98000000,2.009
1749266768,2.07700000,61.26000000,2.009
1749266768,2.07800000,7.55000000,2.009
1749266768,2.07900000,246.66000000,2.009
1749266768,2.08000000,2116.83000000,2.009
1749266768,2.08100000,467.12000000,2.009
1749266768,2.08200000,19.95000000,2.009
1749266768,2.08300000,4.99000000,2.009
1749266768,2.08400000,43.29000000,2.009
1749266768,2.08500000,139.28000000,2.009
1749266768,2.08600000,228.58000000,2.009
1749266768,2.08700000,2.55000000,2.009
1749266768,2.08800000,2.44000000,2.009
1749266768,2.08900000,3.84000000,2.009
1749266768,2.09000000,311.81000000,2.009
1749266768,2.09100000,3.44000000,2.009
1749266768,2.09400000,6.73000000,2.009
1749266768,2.09500000,7.84000000,2.009
1749266768,2.09600000,503.96000000,2.009
1749266768,2.09800000,2.68000000,2.009
1749266768,2.09900000,1450.28000000,2.009
1749266768,2.10000000,2063.60000000,2.009
1749266768,2.10200000,28.36000000,2.009
1749266768,2.10300000,788.68000000,2.009
1749266768,2.10500000,5.21000000,2.009
1749266768,2.10600000,518.03000000,2.009
1749266768,2.10900000,2.39000000,2.009
1749266768,2.11000000,460.66000000,2.009
1749266768,2.11100000,127.89000000,2.009
1749266768,2.11200000,20.72000000,2.009
1749266768,2.11400000,135.04000000,2.009
1749266768,2.11500000,121.20000000,2.009
1749266768,2.11600000,236.34000000,2.009
1749267069,2.00600000,1828.53000000,2.006
1749267069,2.00700000,6880.00000000,2.006
1749267069,2.00800000,20936.29000000,2.006
1749267069,2.00900000,16316.43000000,2.006
1749267069,2.01000000,16986.11000000,2.006
1749267069,2.01100000,13477.98000000,2.006
1749267069,2.01200000,10138.36000000,2.006
1749267069,2.01300000,7397.96000000,2.006
1749267069,2.01400000,7787.29000000,2.006
1749267069,2.01500000,87858.08000000,2.006
1749267069,2.01600000,5153.82000000,2.006
1749267069,2.01700000,9144.78000000,2.006
1749267069,2.01800000,512.96000000,2.006
1749267069,2.01900000,658.34000000,2.006
1749267069,2.02000000,1809.94000000,2.006
1749267069,2.02100000,602.16000000,2.006
1749267069,2.02200000,1034.30000000,2.006
1749267069,2.02300000,1357.20000000,2.006
1749267069,2.02400000,7446.13000000,2.006
1749267069,2.02500000,2842.87000000,2.006
1749267069,2.02600000,4774.57000000,2.006
1749267069,2.02700000,2548.26000000,2.006
1749267069,2.02800000,421.11000000,2.006
1749267069,2.02900000,1449.16000000,2.006
1749267069,2.03000000,275.14000000,2.006
1749267069,2.03100000,11.52000000,2.006
1749267069,2.03200000,1409.43000000,2.006
1749267069,2.03300000,308.44000000,2.006
1749267069,2.03400000,606.91000000,2.006
1749267069,2.03500000,754.17000000,2.006
1749267069,2.03600000,38084.28000000,2.006
1749267069,2.03700000,618.50000000,2.006
1749267069,2.03800000,2093.82000000,2.006
1749267069,2.03900000,38026.44000000,2.006
1749267069,2.04000000,615.57000000,2.006
1749267069,2.04100000,754.15000000,2.006
1749267069,2.04200000,5.09000000,2.006
1749267069,2.04300000,11.08000000,2.006
1749267069,2.04400000,7.79000000,2.006
1749267069,2.04500000,8.25000000,2.006
1749267069,2.04600000,8.05000000,2.006
1749267069,2.04700000,224.90000000,2.006
1749267069,2.04800000,20.52000000,2.006
1749267069,2.04900000,5.07000000,2.006
1749267069,2.05000000,499.76000000,2.006
1749267069,2.05100000,19.17000000,2.006
1749267069,2.05200000,100.96000000,2.006
1749267069,2.05300000,5.06000000,2.006
1749267069,2.05400000,62.26000000,2.006
1749267069,2.05500000,244.86000000,2.006
1749267069,2.05600000,15.36000000,2.006
1749267069,2.05700000,10.42000000,2.006
1749267069,2.05800000,47.71000000,2.006
1749267069,2.05900000,16.09000000,2.006
1749267069,2.06000000,475.82000000,2.006
1749267069,2.06100000,5.04000000,2.006
1749267069,2.06200000,5.04000000,2.006
1749267069,2.06300000,273.82000000,2.006
1749267069,2.06400000,196.52000000,2.006
1749267069,2.06500000,349.03000000,2.006
1749267069,2.06600000,10.28000000,2.006
1749267069,2.06700000,25.72000000,2.006
1749267069,2.06800000,8.86000000,2.006
1749267069,2.06900000,46.18000000,2.006
1749267069,2.07000000,22.56000000,2.006
1749267069,2.07100000,12.72000000,2.006
1749267069,2.07200000,10.80000000,2.006
1749267069,2.07300000,7.93000000,2.006
1749267069,2.07400000,39.80000000,2.006
1749267069,2.07500000,107.28000000,2.006
1749267069,2.07600000,253.98000000,2.006
1749267069,2.07700000,61.26000000,2.006
1749267069,2.07800000,7.55000000,2.006
1749267069,2.07900000,246.66000000,2.006
1749267069,2.08000000,2116.83000000,2.006
1749267069,2.08100000,467.12000000,2.006
1749267069,2.08200000,14.96000000,2.006
1749267069,2.08400000,38.31000000,2.006
1749267069,2.08500000,139.28000000,2.006
1749267069,2.08600000,228.58000000,2.006
1749267069,2.08700000,2.55000000,2.006
1749267069,2.08800000,2.44000000,2.006
1749267069,2.08900000,3.84000000,2.006
1749267069,2.09000000,66.09000000,2.006
1749267069,2.09100000,3.44000000,2.006
1749267069,2.09400000,6.73000000,2.006
1749267069,2.09500000,7.84000000,2.006
1749267069,2.09600000,503.96000000,2.006
1749267069,2.09800000,2.68000000,2.006
1749267069,2.09900000,1450.28000000,2.006
1749267069,2.10000000,2063.60000000,2.006
1749267069,2.10200000,274.38000000,2.006
1749267069,2.10300000,788.68000000,2.006
1749267069,2.10500000,5.21000000,2.006
1749267069,2.10600000,518.03000000,2.006
1749267069,2.10900000,2.39000000,2.006
1749267069,2.11000000,460.66000000,2.006
1749267069,2.11100000,127.89000000,2.006
1749267069,2.11200000,20.72000000,2.006
1749267069,2.11400000,135.04000000,2.006
1749267371,2.01500000,1530.49000000,2.015
1749267371,2.01600000,9715.19000000,2.015
1749267371,2.01700000,29125.56000000,2.015
1749267371,2.01800000,22779.14000000,2.015
1749267371,2.01900000,17494.30000000,2.015
1749267371,2.02000000,7797.68000000,2.015
1749267371,2.02100000,11403.24000000,2.015
1749267371,2.02200000,2136.39000000,2.015
1749267371,2.02300000,2813.09000000,2.015
1749267371,2.02400000,5150.65000000,2.015
1749267371,2.02500000,7548.78000000,2.015
1749267371,2.02600000,2965.77000000,2.015
1749267371,2.02700000,6217.45000000,2.015
1749267371,2.02800000,664.51000000,2.015
1749267371,2.02900000,1372.52000000,2.015
1749267371,2.03000000,3269.65000000,2.015
1749267371,2.03100000,3338.18000000,2.015
1749267371,2.03200000,4339.51000000,2.015
1749267371,2.03300000,380.69000000,2.015
1749267371,2.03400000,763.24000000,2.015
1749267371,2.03500000,4926.32000000,2.015
1749267371,2.03600000,887.99000000,2.015
1749267371,2.03700000,618.50000000,2.015
1749267371,2.03800000,1032.22000000,2.015
1749267371,2.03900000,31.80000000,2.015
1749267371,2.04000000,615.57000000,2.015
1749267371,2.04100000,1003.84000000,2.015
1749267371,2.04200000,604.34000000,2.015
1749267371,2.04300000,11.08000000,2.015
1749267371,2.04400000,38857.74000000,2.015
1749267371,2.04500000,2161.74000000,2.015
1749267371,2.04600000,8.05000000,2.015
1749267371,2.04700000,37782.19000000,2.015
1749267371,2.04800000,20.52000000,2.015
1749267371,2.04900000,5.07000000,2.015
1749267371,2.05000000,26225.76000000,2.015
1749267371,2.05100000,19.17000000,2.015
1749267371,2.05200000,103.65000000,2.015
1749267371,2.05300000,5.06000000,2.015
1749267371,2.05400000,62.26000000,2.015
1749267371,2.05500000,285.26000000,2.015
1749267371,2.05600000,234.20000000,2.015
1749267371,2.05700000,10.42000000,2.015
1749267371,2.05800000,47.71000000,2.015
1749267371,2.05900000,16.09000000,2.015
1749267371,2.06000000,475.82000000,2.015
1749267371,2.06100000,5.04000000,2.015
1749267371,2.06200000,5.04000000,2.015
1749267371,2.06300000,273.82000000,2.015
1749267371,2.06400000,196.52000000,2.015
1749267371,2.06500000,85.24000000,2.015
1749267371,2.06600000,10.28000000,2.015
1749267371,2.06700000,25.72000000,2.015
1749267371,2.06800000,8.86000000,2.015
1749267371,2.06900000,46.18000000,2.015
1749267371,2.07000000,22.56000000,2.015
1749267371,2.07100000,276.51000000,2.015
1749267371,2.07200000,10.80000000,2.015
1749267371,2.07300000,7.93000000,2.015
1749267371,2.07400000,39.80000000,2.015
1749267371,2.07500000,31.76000000,2.015
1749267371,2.07600000,253.98000000,2.015
1749267371,2.07700000,61.26000000,2.015
1749267371,2.07800000,7.55000000,2.015
1749267371,2.07900000,246.66000000,2.015
1749267371,2.08000000,2116.83000000,2.015
1749267371,2.08100000,467.12000000,2.015
1749267371,2.08200000,19.95000000,2.015
1749267371,2.08300000,4.99000000,2.015
1749267371,2.08400000,43.29000000,2.015
1749267371,2.08500000,33.28000000,2.015
1749267371,2.08600000,309.08000000,2.015
1749267371,2.08700000,7.53000000,2.015
1749267371,2.08800000,7.41000000,2.015
1749267371,2.08900000,8.81000000,2.015
1749267371,2.09000000,71.06000000,2.015
1749267371,2.09100000,114.42000000,2.015
1749267371,2.09400000,6.73000000,2.015
1749267371,2.09500000,7.84000000,2.015
1749267371,2.09600000,503.96000000,2.015
1749267371,2.09800000,2.68000000,2.015
1749267371,2.09900000,1450.28000000,2.015
1749267371,2.10000000,2063.60000000,2.015
1749267371,2.10200000,274.38000000,2.015
1749267371,2.10300000,788.68000000,2.015
1749267371,2.10500000,5.21000000,2.015
1749267371,2.10600000,518.03000000,2.015
1749267371,2.10900000,2.39000000,2.015
1749267371,2.11000000,460.66000000,2.015
1749267371,2.11100000,127.89000000,2.015
1749267371,2.11200000,20.72000000,2.015
1749267371,2.11400000,10.39000000,2.015
1749267371,2.11500000,121.20000000,2.015
1749267371,2.11600000,236.34000000,2.015
1749267371,2.11800000,5.05000000,2.015
1749267371,2.12000000,148.00000000,2.015
1749267371,2.12100000,3.84000000,2.015
1749267371,2.12200000,50.92000000,2.015
1749267371,2.12300000,10.97000000,2.015
1749267371,2.12400000,8.61000000,2.015
1749267672,2.02100000,1324.61000000,2.021
1749267672,2.02200000,9690.82000000,2.021
1749267672,2.02300000,28188.62000000,2.021
1749267672,2.02400000,19287.62000000,2.021
1749267672,2.02500000,21070.98000000,2.021
1749267672,2.02600000,8851.00000000,2.021
1749267672,2.02700000,7608.56000000,2.021
1749267672,2.02800000,2111.72000000,2.021
1749267672,2.02900000,9218.49000000,2.021
1749267672,2.03000000,8402.76000000,2.021
1749267672,2.03100000,587.76000000,2.021
1749267672,2.03200000,1786.30000000,2.021
1749267672,2.03300000,831.26000000,2.021
1749267672,2.03400000,3372.15000000,2.021
1749267672,2.03500000,1153.90000000,2.021
1749267672,2.03600000,1283.99000000,2.021
1749267672,2.03700000,6401.88000000,2.021
1749267672,2.03800000,2144.25000000,2.021
1749267672,2.03900000,2890.57000000,2.021
1749267672,2.04000000,4977.45000000,2.021
1749267672,2.04100000,1007.56000000,2.021
1749267672,2.04200000,604.34000000,2.021
1749267672,2.04300000,11.08000000,2.021
1749267672,2.04400000,1006.54000000,2.021
1749267672,2.04500000,875.77000000,2.021
1749267672,2.04600000,257.74000000,2.021
1749267672,2.04700000,754.14000000,2.021
1749267672,2.04800000,619.77000000,2.021
1749267672,2.04900000,754.13000000,2.021
1749267672,2.05000000,26266.16000000,2.021
1749267672,2.05100000,37657.60000000,2.021
1749267672,2.05200000,852.71000000,2.021
1749267672,2.05300000,5.06000000,2.021
1749267672,2.05400000,62.26000000,2.021
1749267672,2.05500000,244.86000000,2.021
1749267672,2.05600000,236.88000000,2.021
1749267672,2.05700000,10.42000000,2.021
1749267672,2.05800000,47.71000000,2.021
1749267672,2.05900000,51.38000000,2.021
1749267672,2.06000000,478.49000000,2.021
1749267672,2.06100000,5.04000000,2.021
1749267672,2.06200000,5.04000000,2.021
1749267672,2.06300000,273.82000000,2.021
1749267672,2.06400000,5.03000000,2.021
1749267672,2.06500000,9.72000000,2.021
1749267672,2.06600000,10.28000000,2.021
1749267672,2.06700000,25.72000000,2.021
1749267672,2.06800000,8.86000000,2.021
1749267672,2.06900000,46.18000000,2.021
1749267672,2.07000000,214.05000000,2.021
1749267672,2.07100000,12.72000000,2.021
1749267672,2.07200000,10.80000000,2.021
1749267672,2.07300000,7.93000000,2.021
1749267672,2.07400000,115.32000000,2.021
1749267672,2.07500000,31.76000000,2.021
1749267672,2.07600000,253.98000000,2.021
1749267672,2.07700000,325.05000000,2.021
1749267672,2.07800000,7.55000000,2.021
1749267672,2.07900000,246.66000000,2.021
1749267672,2.08000000,2116.83000000,2.021
1749267672,2.08100000,7.97000000,2.021
1749267672,2.08200000,19.95000000,2.021
1749267672,2.08300000,4.99000000,2.021
1749267672,2.08400000,43.29000000,2.021
1749267672,2.08500000,33.28000000,2.021
1749267672,2.08600000,309.08000000,2.021
1749267672,2.08700000,466.68000000,2.021
1749267672,2.08800000,7.41000000,2.021
1749267672,2.08900000,8.81000000,2.021
1749267672,2.09000000,71.06000000,2.021
1749267672,2.09100000,119.39000000,2.021
1749267672,2.09200000,4.97000000,2.021
1749267672,2.09300000,4.96000000,2.021
1749267672,2.09400000,11.69000000,2.021
1749267672,2.09500000,12.80000000,2.021
1749267672,2.09600000,7.51000000,2.021
1749267672,2.09800000,2.68000000,2.021
1749267672,2.09900000,1450.28000000,2.021
1749267672,2.10000000,2063.60000000,2.021
1749267672,2.10200000,274.38000000,2.021
1749267672,2.10300000,788.68000000,2.021
1749267672,2.10500000,250.02000000,2.021
1749267672,2.10600000,58.96000000,2.021
1749267672,2.10800000,248.16000000,2.021
1749267672,2.10900000,2.39000000,2.021
1749267672,2.11000000,460.66000000,2.021
1749267672,2.11100000,127.89000000,2.021
1749267672,2.11200000,479.79000000,2.021
1749267672,2.11400000,10.39000000,2.021
1749267672,2.11500000,121.20000000,2.021
1749267672,2.11600000,236.34000000,2.021
1749267672,2.11800000,5.05000000,2.021
1749267672,2.12000000,148.00000000,2.021
1749267672,2.12100000,3.84000000,2.021
1749267672,2.12200000,50.92000000,2.021
1749267672,2.12300000,10.97000000,2.021
1749267672,2.12400000,8.61000000,2.021
1749267672,2.12500000,1616.35000000,2.021
1749267672,2.12800000,1885.50000000,2.021
1749267672,2.12900000,3.28000000,2.021
1749267974,2.02500000,1265.25000000,2.024
1749267974,2.02600000,13274.68000000,2.024
1749267974,2.02700000,22359.60000000,2.024
1749267974,2.02800000,19506.05000000,2.024
