timestamp,price,volume,current_price
1749260677,3.14700000,1376.74000000,3.146
1749260677,3.14800000,2731.72000000,3.146
1749260677,3.14900000,2266.28000000,3.146
1749260677,3.15000000,4928.26000000,3.146
1749260677,3.15100000,8310.12000000,3.146
1749260677,3.15200000,4114.89000000,3.146
1749260677,3.15300000,2468.34000000,3.146
1749260677,3.15400000,2320.19000000,3.146
1749260677,3.15500000,2868.06000000,3.146
1749260677,3.15600000,2333.69000000,3.146
1749260677,3.15700000,1254.04000000,3.146
1749260677,3.15800000,3925.78000000,3.146
1749260677,3.15900000,764.77000000,3.146
1749260677,3.16000000,9927.18000000,3.146
1749260677,3.16100000,1573.07000000,3.146
1749260677,3.16200000,600.04000000,3.146
1749260677,3.16300000,372.02000000,3.146
1749260677,3.16400000,76.65000000,3.146
1749260677,3.16500000,13818.21000000,3.146
1749260677,3.16600000,149.58000000,3.146
1749260677,3.16700000,9762.26000000,3.146
1749260677,3.16800000,3252.11000000,3.146
1749260677,3.16900000,13947.47000000,3.146
1749260677,3.17000000,205.59000000,3.146
1749260677,3.17100000,2068.72000000,3.146
1749260677,3.17200000,61.35000000,3.146
1749260677,3.17300000,676.34000000,3.146
1749260677,3.17400000,98.69000000,3.146
1749260677,3.17500000,23212.01000000,3.146
1749260677,3.17600000,236.98000000,3.146
1749260677,3.17700000,16108.42000000,3.146
1749260677,3.17800000,4589.75000000,3.146
1749260677,3.17900000,412.15000000,3.146
1749260677,3.18000000,1061.92000000,3.146
1749260677,3.18100000,384.92000000,3.146
1749260677,3.18200000,50.42000000,3.146
1749260677,3.18300000,73.69000000,3.146
1749260677,3.18400000,379.06000000,3.146
1749260677,3.18500000,116.37000000,3.146
1749260677,3.18600000,489.11000000,3.146
1749260677,3.18700000,2297.98000000,3.146
1749260677,3.18800000,397.49000000,3.146
1749260677,3.18900000,155.65000000,3.146
1749260677,3.19000000,308.70000000,3.146
1749260677,3.19100000,344.34000000,3.146
1749260677,3.19200000,19.02000000,3.146
1749260677,3.19300000,12.36000000,3.146
1749260677,3.19400000,928.91000000,3.146
1749260677,3.19500000,92.16000000,3.146
1749260677,3.19600000,99.27000000,3.146
1749260677,3.19700000,30.46000000,3.146
1749260677,3.19800000,233.70000000,3.146
1749260677,3.19900000,35252.74000000,3.146
1749260677,3.20000000,11281.20000000,3.146
1749260677,3.20100000,352.95000000,3.146
1749260677,3.20200000,55.01000000,3.146
1749260677,3.20300000,43.15000000,3.146
1749260677,3.20400000,94.66000000,3.146
1749260677,3.20500000,25375.56000000,3.146
1749260677,3.20600000,34.83000000,3.146
1749260677,3.20700000,103214.03000000,3.146
1749260677,3.20800000,15.87000000,3.146
1749260677,3.20900000,26.50000000,3.146
1749260677,3.21000000,2342.00000000,3.146
1749260677,3.21100000,46.75000000,3.146
1749260677,3.21200000,113.07000000,3.146
1749260677,3.21300000,4.93000000,3.146
1749260677,3.21400000,21.31000000,3.146
1749260677,3.21500000,22.42000000,3.146
1749260677,3.21600000,13.17000000,3.146
1749260677,3.21700000,25485.99000000,3.146
1749260677,3.21800000,339.19000000,3.146
1749260677,3.21900000,20.81000000,3.146
1749260677,3.22000000,71287.79000000,3.146
1749260677,3.22100000,12.17000000,3.146
1749260677,3.22200000,25.94000000,3.146
1749260677,3.22300000,7.04000000,3.146
1749260677,3.22400000,2.17000000,3.146
1749260677,3.22500000,2525.45000000,3.146
1749260677,3.22600000,75.09000000,3.146
1749260677,3.22700000,21.85000000,3.146
1749260677,3.22800000,27.47000000,3.146
1749260677,3.22900000,5.34000000,3.146
1749260677,3.23000000,1530.42000000,3.146
1749260677,3.23100000,14.50000000,3.146
1749260677,3.23200000,60.65000000,3.146
1749260677,3.23300000,63.16000000,3.146
1749260677,3.23400000,5.65000000,3.146
1749260677,3.23500000,6.96000000,3.146
1749260677,3.23600000,331.18000000,3.146
1749260677,3.23700000,83.42000000,3.146
1749260677,3.23800000,59.67000000,3.146
1749260677,3.23900000,40.22000000,3.146
1749260677,3.24000000,1717.04000000,3.146
1749260677,3.24100000,23.56000000,3.146
1749260677,3.24200000,52.55000000,3.146
1749260677,3.24300000,929.43000000,3.146
1749260677,3.24400000,3.87000000,3.146
1749260677,3.24500000,15.64000000,3.146
1749260677,3.24600000,137.33000000,3.146
1749260990,3.14700000,1969.73000000,3.147
1749260990,3.14800000,3479.56000000,3.147
1749260990,3.14900000,2630.77000000,3.147
1749260990,3.15000000,5717.61000000,3.147
1749260990,3.15100000,10343.56000000,3.147
1749260990,3.15200000,3401.26000000,3.147
1749260990,3.15300000,3065.72000000,3.147
1749260990,3.15400000,2018.37000000,3.147
1749260990,3.15500000,1100.21000000,3.147
1749260990,3.15600000,725.15000000,3.147
1749260990,3.15700000,2184.77000000,3.147
1749260990,3.15800000,4875.74000000,3.147
1749260990,3.15900000,10262.60000000,3.147
1749260990,3.16000000,440.87000000,3.147
1749260990,3.16100000,1572.47000000,3.147
1749260990,3.16200000,437.38000000,3.147
1749260990,3.16300000,3050.25000000,3.147
1749260990,3.16400000,469.00000000,3.147
1749260990,3.16500000,8424.01000000,3.147
1749260990,3.16600000,149.58000000,3.147
1749260990,3.16700000,1794.97000000,3.147
1749260990,3.16800000,13285.43000000,3.147
1749260990,3.16900000,370.15000000,3.147
1749260990,3.17000000,205.59000000,3.147
1749260990,3.17100000,1326.12000000,3.147
1749260990,3.17200000,13605.50000000,3.147
1749260990,3.17300000,386.19000000,3.147
1749260990,3.17400000,107.21000000,3.147
1749260990,3.17500000,23766.47000000,3.147
1749260990,3.17600000,118.06000000,3.147
1749260990,3.17700000,16108.42000000,3.147
1749260990,3.17800000,1689.02000000,3.147
1749260990,3.17900000,558.09000000,3.147
1749260990,3.18000000,1061.92000000,3.147
1749260990,3.18100000,5248.69000000,3.147
1749260990,3.18200000,58.94000000,3.147
1749260990,3.18300000,73.69000000,3.147
1749260990,3.18400000,371.77000000,3.147
1749260990,3.18500000,116.37000000,3.147
1749260990,3.18600000,489.11000000,3.147
1749260990,3.18700000,2297.98000000,3.147
1749260990,3.18800000,397.49000000,3.147
1749260990,3.18900000,155.65000000,3.147
1749260990,3.19000000,309.93000000,3.147
1749260990,3.19100000,344.34000000,3.147
1749260990,3.19200000,19.02000000,3.147
1749260990,3.19300000,12.36000000,3.147
1749260990,3.19400000,928.91000000,3.147
1749260990,3.19500000,109.20000000,3.147
1749260990,3.19600000,99.27000000,3.147
1749260990,3.19700000,23.17000000,3.147
1749260990,3.19800000,155.10000000,3.147
1749260990,3.19900000,35252.74000000,3.147
1749260990,3.20000000,11281.20000000,3.147
1749260990,3.20100000,352.95000000,3.147
1749260990,3.20200000,40.43000000,3.147
1749260990,3.20300000,43.15000000,3.147
1749260990,3.20400000,69.47000000,3.147
1749260990,3.20500000,25695.09000000,3.147
1749260990,3.20600000,34.83000000,3.147
1749260990,3.20700000,104626.32000000,3.147
1749260990,3.20800000,15.87000000,3.147
1749260990,3.20900000,26.50000000,3.147
1749260990,3.21000000,2342.00000000,3.147
1749260990,3.21100000,46.75000000,3.147
1749260990,3.21200000,113.07000000,3.147
1749260990,3.21300000,4.93000000,3.147
1749260990,3.21400000,21.31000000,3.147
1749260990,3.21500000,22.42000000,3.147
1749260990,3.21600000,13.17000000,3.147
1749260990,3.21700000,25485.99000000,3.147
1749260990,3.21800000,339.19000000,3.147
1749260990,3.21900000,20.81000000,3.147
1749260990,3.22000000,71209.00000000,3.147
1749260990,3.22100000,12.17000000,3.147
1749260990,3.22200000,25.94000000,3.147
1749260990,3.22300000,7.04000000,3.147
1749260990,3.22400000,2.17000000,3.147
1749260990,3.22500000,2525.45000000,3.147
1749260990,3.22600000,75.09000000,3.147
1749260990,3.22700000,21.85000000,3.147
1749260990,3.22800000,27.47000000,3.147
1749260990,3.22900000,84.13000000,3.147
1749260990,3.23000000,1530.42000000,3.147
1749260990,3.23100000,14.50000000,3.147
1749260990,3.23200000,60.65000000,3.147
1749260990,3.23300000,63.16000000,3.147
1749260990,3.23400000,5.65000000,3.147
1749260990,3.23500000,6.96000000,3.147
1749260990,3.23600000,331.18000000,3.147
1749260990,3.23700000,83.42000000,3.147
1749260990,3.23800000,59.67000000,3.147
1749260990,3.23900000,40.22000000,3.147
1749260990,3.24000000,1717.04000000,3.147
1749260990,3.24100000,23.56000000,3.147
1749260990,3.24200000,52.55000000,3.147
1749260990,3.24300000,570.18000000,3.147
1749260990,3.24400000,3.87000000,3.147
1749260990,3.24500000,15.64000000,3.147
1749260990,3.24600000,137.33000000,3.147
1749261292,3.14500000,2123.22000000,3.145
1749261292,3.14600000,3542.61000000,3.145
1749261292,3.14700000,2514.61000000,3.145
1749261292,3.14800000,5119.76000000,3.145
1749261292,3.14900000,10700.00000000,3.145
1749261292,3.15000000,3428.23000000,3.145
1749261292,3.15100000,2442.94000000,3.145
1749261292,3.15200000,2817.11000000,3.145
1749261292,3.15300000,2536.73000000,3.145
1749261292,3.15400000,1193.76000000,3.145
1749261292,3.15500000,1240.86000000,3.145
1749261292,3.15600000,756.94000000,3.145
1749261292,3.15700000,4112.81000000,3.145
1749261292,3.15800000,1338.11000000,3.145
1749261292,3.15900000,10897.82000000,3.145
1749261292,3.16000000,440.87000000,3.145
1749261292,3.16100000,937.25000000,3.145
1749261292,3.16200000,437.38000000,3.145
1749261292,3.16300000,4402.80000000,3.145
1749261292,3.16400000,469.00000000,3.145
1749261292,3.16500000,8424.01000000,3.145
1749261292,3.16600000,149.58000000,3.145
1749261292,3.16700000,421.51000000,3.145
1749261292,3.16800000,14134.13000000,3.145
1749261292,3.16900000,370.15000000,3.145
1749261292,3.17000000,205.59000000,3.145
1749261292,3.17100000,2068.72000000,3.145
1749261292,3.17200000,13605.50000000,3.145
1749261292,3.17300000,38632.49000000,3.145
1749261292,3.17400000,107.21000000,3.145
1749261292,3.17500000,698.07000000,3.145
1749261292,3.17600000,236.98000000,3.145
1749261292,3.17700000,382.49000000,3.145
1749261292,3.17800000,36.58000000,3.145
1749261292,3.17900000,404.86000000,3.145
1749261292,3.18000000,1061.92000000,3.145
1749261292,3.18100000,5248.69000000,3.145
1749261292,3.18200000,58.94000000,3.145
1749261292,3.18300000,73.69000000,3.145
1749261292,3.18400000,371.77000000,3.145
1749261292,3.18500000,116.37000000,3.145
1749261292,3.18600000,489.11000000,3.145
1749261292,3.18700000,2297.98000000,3.145
1749261292,3.18800000,397.49000000,3.145
1749261292,3.18900000,171.52000000,3.145
1749261292,3.19000000,309.93000000,3.145
1749261292,3.19100000,360.55000000,3.145
1749261292,3.19200000,19.02000000,3.145
1749261292,3.19300000,116.15000000,3.145
1749261292,3.19400000,35341.81000000,3.145
1749261292,3.19500000,109.20000000,3.145
1749261292,3.19600000,99.27000000,3.145
1749261292,3.19700000,7.30000000,3.145
1749261292,3.19800000,129.91000000,3.145
1749261292,3.19900000,877.41000000,3.145
1749261292,3.20000000,11281.20000000,3.145
1749261292,3.20100000,352.95000000,3.145
1749261292,3.20200000,40.43000000,3.145
1749261292,3.20300000,43.15000000,3.145
1749261292,3.20400000,19.67000000,3.145
1749261292,3.20500000,127331.53000000,3.145
1749261292,3.20600000,34.83000000,3.145
1749261292,3.20700000,58.24000000,3.145
1749261292,3.20800000,15.87000000,3.145
1749261292,3.20900000,26.50000000,3.145
1749261292,3.21000000,2024.36000000,3.145
1749261292,3.21100000,46.75000000,3.145
1749261292,3.21200000,113.07000000,3.145
1749261292,3.21300000,4.93000000,3.145
1749261292,3.21400000,21.31000000,3.145
1749261292,3.21500000,22.42000000,3.145
1749261292,3.21600000,88.16000000,3.145
1749261292,3.21700000,25485.99000000,3.145
1749261292,3.21800000,339.19000000,3.145
1749261292,3.21900000,20.81000000,3.145
1749261292,3.22000000,71209.00000000,3.145
1749261292,3.22100000,8.99000000,3.145
1749261292,3.22200000,22.76000000,3.145
1749261292,3.22300000,7.04000000,3.145
1749261292,3.22400000,2.17000000,3.145
1749261292,3.22500000,2525.45000000,3.145
1749261292,3.22600000,75.09000000,3.145
1749261292,3.22700000,21.85000000,3.145
1749261292,3.22800000,27.47000000,3.145
1749261292,3.22900000,84.13000000,3.145
1749261292,3.23000000,1530.42000000,3.145
1749261292,3.23100000,14.50000000,3.145
1749261292,3.23200000,60.65000000,3.145
1749261292,3.23300000,63.16000000,3.145
1749261292,3.23400000,5.65000000,3.145
1749261292,3.23500000,6.96000000,3.145
1749261292,3.23600000,331.18000000,3.145
1749261292,3.23700000,83.42000000,3.145
1749261292,3.23800000,59.67000000,3.145
1749261292,3.23900000,40.22000000,3.145
1749261292,3.24000000,1717.04000000,3.145
1749261292,3.24100000,382.81000000,3.145
1749261292,3.24200000,52.55000000,3.145
1749261292,3.24300000,570.18000000,3.145
1749261292,3.24400000,3.87000000,3.145
1749261593,3.14600000,1766.07000000,3.145
1749261593,3.14700000,2635.55000000,3.145
1749261593,3.14800000,2315.67000000,3.145
1749261593,3.14900000,4254.55000000,3.145
1749261593,3.15000000,9618.16000000,3.145
1749261593,3.15100000,4209.21000000,3.145
1749261593,3.15200000,3137.41000000,3.145
1749261593,3.15300000,2955.07000000,3.145
1749261593,3.15400000,1948.65000000,3.145
1749261593,3.15500000,1045.56000000,3.145
1749261593,3.15600000,758.87000000,3.145
1749261593,3.15700000,3888.66000000,3.145
1749261593,3.15800000,481.79000000,3.145
1749261593,3.15900000,10868.01000000,3.145
1749261593,3.16000000,440.89000000,3.145
1749261593,3.16100000,905.51000000,3.145
1749261593,3.16200000,437.43000000,3.145
1749261593,3.16300000,3183.13000000,3.145
1749261593,3.16400000,469.07000000,3.145
1749261593,3.16500000,8392.31000000,3.145
1749261593,3.16600000,149.66000000,3.145
1749261593,3.16700000,2484.75000000,3.145
1749261593,3.16800000,13253.61000000,3.145
1749261593,3.16900000,334.25000000,3.145
1749261593,3.17000000,201.48000000,3.145
1749261593,3.17100000,2140.88000000,3.145
1749261593,3.17200000,13603.62000000,3.145
1749261593,3.17300000,16132.06000000,3.145
1749261593,3.17400000,23018.20000000,3.145
1749261593,3.17500000,664.45000000,3.145
1749261593,3.17600000,205.39000000,3.145
1749261593,3.17700000,350.90000000,3.145
1749261593,3.17800000,5.01000000,3.145
1749261593,3.17900000,373.16000000,3.145
1749261593,3.18000000,1030.28000000,3.145
1749261593,3.18100000,5217.06000000,3.145
1749261593,3.18200000,27.24000000,3.145
1749261593,3.18300000,42.05000000,3.145
1749261593,3.18400000,340.15000000,3.145
1749261593,3.18500000,84.71000000,3.145
1749261593,3.18600000,457.45000000,3.145
1749261593,3.18700000,2266.40000000,3.145
1749261593,3.18800000,365.85000000,3.145
1749261593,3.18900000,139.89000000,3.145
1749261593,3.19000000,278.32000000,3.145
1749261593,3.19100000,360.55000000,3.145
1749261593,3.19200000,19.02000000,3.145
1749261593,3.19300000,41.86000000,3.145
1749261593,3.19400000,34751.17000000,3.145
1749261593,3.19500000,109.20000000,3.145
1749261593,3.19600000,99.27000000,3.145
1749261593,3.19700000,7.30000000,3.145
1749261593,3.19800000,100.41000000,3.145
1749261593,3.19900000,877.41000000,3.145
1749261593,3.20000000,11281.20000000,3.145
1749261593,3.20100000,352.95000000,3.145
1749261593,3.20200000,40.43000000,3.145
1749261593,3.20300000,43.15000000,3.145
1749261593,3.20400000,94.66000000,3.145
1749261593,3.20500000,25375.56000000,3.145
1749261593,3.20600000,34.83000000,3.145
1749261593,3.20700000,100739.75000000,3.145
1749261593,3.20800000,15.87000000,3.145
1749261593,3.20900000,26.50000000,3.145
1749261593,3.21000000,2024.36000000,3.145
1749261593,3.21100000,46.75000000,3.145
1749261593,3.21200000,113.07000000,3.145
1749261593,3.21300000,4.93000000,3.145
1749261593,3.21400000,21.31000000,3.145
1749261593,3.21500000,22.42000000,3.145
1749261593,3.21600000,13.17000000,3.145
1749261593,3.21700000,25485.99000000,3.145
1749261593,3.21800000,339.19000000,3.145
1749261593,3.21900000,20.81000000,3.145
1749261593,3.22000000,71209.00000000,3.145
1749261593,3.22100000,12.17000000,3.145
1749261593,3.22200000,22.76000000,3.145
1749261593,3.22300000,7.04000000,3.145
1749261593,3.22400000,2.17000000,3.145
1749261593,3.22500000,2525.45000000,3.145
1749261593,3.22600000,75.09000000,3.145
1749261593,3.22700000,21.85000000,3.145
1749261593,3.22800000,27.47000000,3.145
1749261593,3.22900000,84.13000000,3.145
1749261593,3.23000000,1530.42000000,3.145
1749261593,3.23100000,14.50000000,3.145
1749261593,3.23200000,60.65000000,3.145
1749261593,3.23300000,63.16000000,3.145
1749261593,3.23400000,5.65000000,3.145
1749261593,3.23500000,6.96000000,3.145
1749261593,3.23600000,331.18000000,3.145
1749261593,3.23700000,83.42000000,3.145
1749261593,3.23800000,59.67000000,3.145
1749261593,3.23900000,40.22000000,3.145
1749261593,3.24000000,1717.04000000,3.145
1749261593,3.24100000,23.56000000,3.145
1749261593,3.24200000,52.55000000,3.145
1749261593,3.24300000,570.18000000,3.145
1749261593,3.24400000,3.87000000,3.145
1749261593,3.24500000,15.64000000,3.145
1749261894,3.14300000,1036.01000000,3.142
1749261894,3.14400000,2642.81000000,3.142
1749261894,3.14500000,1903.74000000,3.142
1749261894,3.14600000,4340.08000000,3.142
1749261894,3.14700000,10915.59000000,3.142
1749261894,3.14800000,3961.07000000,3.142
1749261894,3.14900000,2829.68000000,3.142
1749261894,3.15000000,2900.45000000,3.142
1749261894,3.15100000,2982.63000000,3.142
1749261894,3.15200000,1092.95000000,3.142
1749261894,3.15300000,4601.52000000,3.142
1749261894,3.15400000,1766.96000000,3.142
1749261894,3.15500000,759.04000000,3.142
1749261894,3.15600000,9942.27000000,3.142
1749261894,3.15700000,1425.23000000,3.142
1749261894,3.15800000,441.79000000,3.142
1749261894,3.15900000,879.73000000,3.142
1749261894,3.16000000,440.89000000,3.142
1749261894,3.16100000,905.51000000,3.142
1749261894,3.16200000,437.43000000,3.142
1749261894,3.16300000,3214.92000000,3.142
1749261894,3.16400000,2516.14000000,3.142
1749261894,3.16500000,8392.31000000,3.142
1749261894,3.16600000,149.66000000,3.142
1749261894,3.16700000,421.60000000,3.142
1749261894,3.16800000,13149.15000000,3.142
1749261894,3.16900000,366.05000000,3.142
1749261894,3.17000000,354.71000000,3.142
1749261894,3.17100000,25346.09000000,3.142
1749261894,3.17200000,13601.40000000,3.142
1749261894,3.17300000,16132.06000000,3.142
1749261894,3.17400000,107.37000000,3.142
1749261894,3.17500000,664.45000000,3.142
1749261894,3.17600000,52.16000000,3.142
1749261894,3.17700000,350.90000000,3.142
1749261894,3.17800000,5.01000000,3.142
1749261894,3.17900000,373.16000000,3.142
1749261894,3.18000000,3221.62000000,3.142
1749261894,3.18100000,5217.06000000,3.142
1749261894,3.18200000,27.24000000,3.142
1749261894,3.18300000,42.05000000,3.142
1749261894,3.18400000,340.15000000,3.142
1749261894,3.18500000,84.71000000,3.142
1749261894,3.18600000,457.45000000,3.142
1749261894,3.18700000,26.34000000,3.142
1749261894,3.18800000,365.85000000,3.142
1749261894,3.18900000,139.89000000,3.142
1749261894,3.19000000,868.96000000,3.142
1749261894,3.19100000,360.55000000,3.142
1749261894,3.19200000,19.02000000,3.142
1749261894,3.19300000,116.15000000,3.142
1749261894,3.19400000,34751.17000000,3.142
1749261894,3.19500000,109.20000000,3.142
1749261894,3.19600000,99.27000000,3.142
1749261894,3.19700000,7.30000000,3.142
1749261894,3.19800000,100.41000000,3.142
1749261894,3.19900000,877.41000000,3.142
1749261894,3.20000000,11287.50000000,3.142
1749261894,3.20100000,352.95000000,3.142
1749261894,3.20200000,95.12000000,3.142
1749261894,3.20300000,100964.23000000,3.142
1749261894,3.20400000,69.47000000,3.142
1749261894,3.20500000,25375.56000000,3.142
1749261894,3.20600000,34.83000000,3.142
1749261894,3.20700000,58.24000000,3.142
1749261894,3.20800000,15.87000000,3.142
1749261894,3.20900000,26.50000000,3.142
1749261894,3.21000000,2024.36000000,3.142
1749261894,3.21100000,46.75000000,3.142
1749261894,3.21200000,113.07000000,3.142
1749261894,3.21300000,4.93000000,3.142
1749261894,3.21400000,21.31000000,3.142
1749261894,3.21500000,22.42000000,3.142
1749261894,3.21600000,13.17000000,3.142
1749261894,3.21700000,25485.99000000,3.142
1749261894,3.21800000,339.19000000,3.142
1749261894,3.21900000,17.62000000,3.142
1749261894,3.22000000,71205.81000000,3.142
1749261894,3.22100000,8.99000000,3.142
1749261894,3.22200000,22.76000000,3.142
1749261894,3.22300000,7.04000000,3.142
1749261894,3.22400000,2.17000000,3.142
1749261894,3.22500000,2527.45000000,3.142
1749261894,3.22600000,75.09000000,3.142
1749261894,3.22700000,21.85000000,3.142
1749261894,3.22800000,27.47000000,3.142
1749261894,3.22900000,84.13000000,3.142
1749261894,3.23000000,1530.42000000,3.142
1749261894,3.23100000,14.50000000,3.142
1749261894,3.23200000,60.65000000,3.142
1749261894,3.23300000,63.16000000,3.142
1749261894,3.23400000,5.65000000,3.142
1749261894,3.23500000,6.96000000,3.142
1749261894,3.23600000,331.18000000,3.142
1749261894,3.23700000,83.42000000,3.142
1749261894,3.23800000,59.67000000,3.142
1749261894,3.23900000,40.22000000,3.142
1749261894,3.24000000,2076.29000000,3.142
1749261894,3.24100000,23.56000000,3.142
1749261894,3.24200000,52.55000000,3.142
1749262196,3.14400000,1413.33000000,3.143
1749262196,3.14500000,3704.83000000,3.143
1749262196,3.14600000,2479.71000000,3.143
1749262196,3.14700000,6518.75000000,3.143
1749262196,3.14800000,9951.07000000,3.143
1749262196,3.14900000,4336.37000000,3.143
1749262196,3.15000000,3760.27000000,3.143
1749262196,3.15100000,3854.88000000,3.143
1749262196,3.15200000,1410.75000000,3.143
1749262196,3.15300000,4251.96000000,3.143
1749262196,3.15400000,908.97000000,3.143
1749262196,3.15500000,759.04000000,3.143
1749262196,3.15600000,10578.30000000,3.143
1749262196,3.15700000,3458.91000000,3.143
1749262196,3.15800000,604.45000000,3.143
1749262196,3.15900000,879.73000000,3.143
1749262196,3.16000000,440.89000000,3.143
1749262196,3.16100000,2149.84000000,3.143
1749262196,3.16200000,1295.43000000,3.143
1749262196,3.16300000,382.55000000,3.143
1749262196,3.16400000,1736.48000000,3.143
1749262196,3.16500000,8392.31000000,3.143
1749262196,3.16600000,149.66000000,3.143
1749262196,3.16700000,574.83000000,3.143
1749262196,3.16800000,13149.15000000,3.143
1749262196,3.16900000,366.05000000,3.143
1749262196,3.17000000,15962.14000000,3.143
1749262196,3.17100000,415.31000000,3.143
1749262196,3.17200000,36194.54000000,3.143
1749262196,3.17300000,676.46000000,3.143
1749262196,3.17400000,107.37000000,3.143
1749262196,3.17500000,664.45000000,3.143
1749262196,3.17600000,52.16000000,3.143
1749262196,3.17700000,350.90000000,3.143
1749262196,3.17800000,5.01000000,3.143
1749262196,3.17900000,336.82000000,3.143
1749262196,3.18000000,3221.62000000,3.143
1749262196,3.18100000,4926.91000000,3.143
1749262196,3.18200000,27.24000000,3.143
1749262196,3.18300000,42.05000000,3.143
1749262196,3.18400000,340.15000000,3.143
1749262196,3.18500000,84.71000000,3.143
1749262196,3.18600000,457.45000000,3.143
1749262196,3.18700000,26.34000000,3.143
1749262196,3.18800000,365.85000000,3.143
1749262196,3.18900000,139.89000000,3.143
1749262196,3.19000000,894.15000000,3.143
1749262196,3.19100000,34805.81000000,3.143
1749262196,3.19200000,19.02000000,3.143
1749262196,3.19300000,111.34000000,3.143
1749262196,3.19400000,338.27000000,3.143
1749262196,3.19500000,109.20000000,3.143
1749262196,3.19600000,99.27000000,3.143
1749262196,3.19700000,7.30000000,3.143
1749262196,3.19800000,100.41000000,3.143
1749262196,3.19900000,877.41000000,3.143
1749262196,3.20000000,11287.50000000,3.143
1749262196,3.20100000,352.95000000,3.143
1749262196,3.20200000,90.23000000,3.143
1749262196,3.20300000,100964.23000000,3.143
1749262196,3.20400000,19.67000000,3.143
1749262196,3.20500000,25375.56000000,3.143
1749262196,3.20600000,34.83000000,3.143
1749262196,3.20700000,58.24000000,3.143
1749262196,3.20800000,15.87000000,3.143
1749262196,3.20900000,26.50000000,3.143
1749262196,3.21000000,2024.36000000,3.143
1749262196,3.21100000,46.75000000,3.143
1749262196,3.21200000,113.07000000,3.143
1749262196,3.21300000,4.93000000,3.143
1749262196,3.21400000,21.31000000,3.143
1749262196,3.21500000,22.42000000,3.143
1749262196,3.21600000,13.17000000,3.143
1749262196,3.21700000,25485.99000000,3.143
1749262196,3.21800000,339.19000000,3.143
1749262196,3.21900000,20.81000000,3.143
1749262196,3.22000000,71284.60000000,3.143
1749262196,3.22100000,8.99000000,3.143
1749262196,3.22200000,22.76000000,3.143
1749262196,3.22300000,7.04000000,3.143
1749262196,3.22400000,2.17000000,3.143
1749262196,3.22500000,2527.45000000,3.143
1749262196,3.22600000,75.09000000,3.143
1749262196,3.22700000,21.85000000,3.143
1749262196,3.22800000,27.47000000,3.143
1749262196,3.22900000,5.34000000,3.143
1749262196,3.23000000,1530.42000000,3.143
1749262196,3.23100000,14.50000000,3.143
1749262196,3.23200000,60.65000000,3.143
1749262196,3.23300000,63.16000000,3.143
1749262196,3.23400000,5.65000000,3.143
1749262196,3.23500000,6.96000000,3.143
1749262196,3.23600000,331.18000000,3.143
1749262196,3.23700000,83.42000000,3.143
1749262196,3.23800000,59.67000000,3.143
1749262196,3.23900000,40.22000000,3.143
1749262196,3.24000000,1717.04000000,3.143
1749262196,3.24100000,23.56000000,3.143
1749262196,3.24200000,52.55000000,3.143
1749262196,3.24300000,570.18000000,3.143
1749262501,3.14600000,814.85000000,3.145
1749262501,3.14700000,3414.80000000,3.145
1749262501,3.14800000,2024.64000000,3.145
1749262501,3.14900000,4021.56000000,3.145
1749262501,3.15000000,10009.32000000,3.145
1749262501,3.15100000,3919.11000000,3.145
1749262501,3.15200000,3007.64000000,3.145
1749262501,3.15300000,2419.79000000,3.145
1749262501,3.15400000,2911.69000000,3.145
1749262501,3.15500000,1045.75000000,3.145
1749262501,3.15600000,726.91000000,3.145
1749262501,3.15700000,5196.91000000,3.145
1749262501,3.15800000,481.79000000,3.145
1749262501,3.15900000,1515.76000000,3.145
1749262501,3.16000000,9927.21000000,3.145
1749262501,3.16100000,931.55000000,3.145
1749262501,3.16200000,3101.36000000,3.145
1749262501,3.16300000,545.21000000,3.145
1749262501,3.16400000,70.94000000,3.145
1749262501,3.16500000,9624.31000000,3.145
1749262501,3.16600000,149.66000000,3.145
1749262501,3.16700000,1267.85000000,3.145
1749262501,3.16800000,13143.37000000,3.145
1749262501,3.16900000,366.05000000,3.145
1749262501,3.17000000,201.48000000,3.145
1749262501,3.17100000,2037.09000000,3.145
1749262501,3.17200000,13595.62000000,3.145
1749262501,3.17300000,539.54000000,3.145
1749262501,3.17400000,39164.26000000,3.145
1749262501,3.17500000,664.45000000,3.145
1749262501,3.17600000,52.16000000,3.145
1749262501,3.17700000,345.12000000,3.145
1749262501,3.17800000,5.01000000,3.145
1749262501,3.17900000,336.82000000,3.145
1749262501,3.18000000,3278.80000000,3.145
1749262501,3.18100000,5217.06000000,3.145
1749262501,3.18200000,27.24000000,3.145
1749262501,3.18300000,42.05000000,3.145
1749262501,3.18400000,334.37000000,3.145
1749262501,3.18500000,84.71000000,3.145
1749262501,3.18600000,457.45000000,3.145
1749262501,3.18700000,26.34000000,3.145
1749262501,3.18800000,365.85000000,3.145
1749262501,3.18900000,139.89000000,3.145
1749262501,3.19000000,972.75000000,3.145
1749262501,3.19100000,34800.03000000,3.145
1749262501,3.19200000,19.02000000,3.145
1749262501,3.19300000,12.36000000,3.145
1749262501,3.19400000,338.27000000,3.145
1749262501,3.19500000,109.20000000,3.145
1749262501,3.19600000,87.71000000,3.145
1749262501,3.19700000,7.30000000,3.145
1749262501,3.19800000,100.41000000,3.145
1749262501,3.19900000,877.41000000,3.145
1749262501,3.20000000,11287.50000000,3.145
1749262501,3.20100000,352.95000000,3.145
1749262501,3.20200000,90.23000000,3.145
1749262501,3.20300000,43.15000000,3.145
1749262501,3.20400000,74.36000000,3.145
1749262501,3.20500000,25375.56000000,3.145
1749262501,3.20600000,34.83000000,3.145
1749262501,3.20700000,105043.25000000,3.145
1749262501,3.20800000,15.87000000,3.145
1749262501,3.20900000,26.50000000,3.145
1749262501,3.21000000,2024.36000000,3.145
1749262501,3.21100000,46.75000000,3.145
1749262501,3.21200000,113.07000000,3.145
1749262501,3.21300000,4.93000000,3.145
1749262501,3.21400000,21.31000000,3.145
1749262501,3.21500000,22.42000000,3.145
1749262501,3.21600000,13.17000000,3.145
1749262501,3.21700000,25485.99000000,3.145
1749262501,3.21800000,339.19000000,3.145
1749262501,3.21900000,20.81000000,3.145
1749262501,3.22000000,71287.79000000,3.145
1749262501,3.22100000,12.17000000,3.145
1749262501,3.22200000,22.76000000,3.145
1749262501,3.22300000,7.04000000,3.145
1749262501,3.22400000,2.17000000,3.145
1749262501,3.22500000,2527.45000000,3.145
1749262501,3.22600000,75.09000000,3.145
1749262501,3.22700000,21.85000000,3.145
1749262501,3.22800000,27.47000000,3.145
1749262501,3.22900000,5.34000000,3.145
1749262501,3.23000000,1530.42000000,3.145
1749262501,3.23100000,14.50000000,3.145
1749262501,3.23200000,60.65000000,3.145
1749262501,3.23300000,63.16000000,3.145
1749262501,3.23400000,5.65000000,3.145
1749262501,3.23500000,6.96000000,3.145
1749262501,3.23600000,331.18000000,3.145
1749262501,3.23700000,83.42000000,3.145
1749262501,3.23800000,59.67000000,3.145
1749262501,3.23900000,40.22000000,3.145
1749262501,3.24000000,2076.29000000,3.145
1749262501,3.24100000,23.56000000,3.145
1749262501,3.24200000,71.42000000,3.145
1749262501,3.24300000,570.18000000,3.145
1749262501,3.24400000,3.87000000,3.145
1749262501,3.24500000,15.64000000,3.145
1749262803,3.14700000,1094.11000000,3.146
1749262803,3.14800000,4341.99000000,3.146
1749262803,3.14900000,2714.26000000,3.146
1749262803,3.15000000,5403.86000000,3.146
1749262803,3.15100000,10148.82000000,3.146
1749262803,3.15200000,3595.50000000,3.146
1749262803,3.15300000,2321.09000000,3.146
1749262803,3.15400000,3234.55000000,3.146
1749262803,3.15500000,3137.16000000,3.146
1749262803,3.15600000,2728.46000000,3.146
1749262803,3.15700000,1272.71000000,3.146
1749262803,3.15800000,3503.83000000,3.146
1749262803,3.15900000,10262.57000000,3.146
1749262803,3.16000000,440.89000000,3.146
1749262803,3.16100000,1566.77000000,3.146
1749262803,3.16200000,3088.88000000,3.146
1749262803,3.16300000,545.21000000,3.146
1749262803,3.16400000,8218.37000000,3.146
1749262803,3.16500000,417.30000000,3.146
1749262803,3.16600000,998.26000000,3.146
1749262803,3.16700000,11341.26000000,3.146
1749262803,3.16800000,3685.67000000,3.146
1749262803,3.16900000,366.05000000,3.146
1749262803,3.17000000,52.77000000,3.146
1749262803,3.17100000,15320.67000000,3.146
1749262803,3.17200000,44.18000000,3.146
1749262803,3.17300000,561.35000000,3.146
1749262803,3.17400000,15848.16000000,3.146
1749262803,3.17500000,23226.13000000,3.146
1749262803,3.17600000,83.93000000,3.146
1749262803,3.17700000,376.87000000,3.146
1749262803,3.17800000,5.01000000,3.146
1749262803,3.17900000,336.82000000,3.146
1749262803,3.18000000,7980.24000000,3.146
1749262803,3.18100000,643.44000000,3.146
1749262803,3.18200000,27.24000000,3.146
1749262803,3.18300000,42.05000000,3.146
1749262803,3.18400000,334.37000000,3.146
1749262803,3.18500000,84.71000000,3.146
1749262803,3.18600000,457.45000000,3.146
1749262803,3.18700000,26.34000000,3.146
1749262803,3.18800000,365.85000000,3.146
1749262803,3.18900000,139.89000000,3.146
1749262803,3.19000000,946.13000000,3.146
1749262803,3.19100000,34800.03000000,3.146
1749262803,3.19200000,19.02000000,3.146
1749262803,3.19300000,12.36000000,3.146
1749262803,3.19400000,338.27000000,3.146
1749262803,3.19500000,109.20000000,3.146
1749262803,3.19600000,87.71000000,3.146
1749262803,3.19700000,7.30000000,3.146
1749262803,3.19800000,100.41000000,3.146
1749262803,3.19900000,877.41000000,3.146
1749262803,3.20000000,11287.50000000,3.146
1749262803,3.20100000,352.95000000,3.146
1749262803,3.20200000,90.23000000,3.146
1749262803,3.20300000,43.15000000,3.146
1749262803,3.20400000,44.86000000,3.146
1749262803,3.20500000,25375.56000000,3.146
1749262803,3.20600000,34.83000000,3.146
1749262803,3.20700000,104391.00000000,3.146
1749262803,3.20800000,15.87000000,3.146
1749262803,3.20900000,26.50000000,3.146
1749262803,3.21000000,2024.36000000,3.146
1749262803,3.21100000,46.75000000,3.146
1749262803,3.21200000,113.07000000,3.146
1749262803,3.21300000,4.93000000,3.146
1749262803,3.21400000,21.31000000,3.146
1749262803,3.21500000,22.42000000,3.146
1749262803,3.21600000,13.17000000,3.146
1749262803,3.21700000,25485.99000000,3.146
1749262803,3.21800000,339.19000000,3.146
1749262803,3.21900000,20.81000000,3.146
1749262803,3.22000000,71209.00000000,3.146
1749262803,3.22100000,12.17000000,3.146
1749262803,3.22200000,25.94000000,3.146
1749262803,3.22300000,7.04000000,3.146
1749262803,3.22400000,2.17000000,3.146
1749262803,3.22500000,2527.45000000,3.146
1749262803,3.22600000,75.09000000,3.146
1749262803,3.22700000,21.85000000,3.146
1749262803,3.22800000,27.47000000,3.146
1749262803,3.22900000,84.13000000,3.146
1749262803,3.23000000,1530.42000000,3.146
1749262803,3.23100000,14.50000000,3.146
1749262803,3.23200000,60.65000000,3.146
1749262803,3.23300000,63.16000000,3.146
1749262803,3.23400000,5.65000000,3.146
1749262803,3.23500000,6.96000000,3.146
1749262803,3.23600000,331.18000000,3.146
1749262803,3.23700000,83.42000000,3.146
1749262803,3.23800000,59.67000000,3.146
1749262803,3.23900000,40.22000000,3.146
1749262803,3.24000000,1717.04000000,3.146
1749262803,3.24100000,23.56000000,3.146
1749262803,3.24200000,71.42000000,3.146
1749262803,3.24300000,570.18000000,3.146
1749262803,3.24400000,3.87000000,3.146
1749262803,3.24500000,15.64000000,3.146
1749262803,3.24600000,137.33000000,3.146
1749263105,3.14600000,1452.90000000,3.145
1749263105,3.14700000,4149.06000000,3.145
1749263105,3.14800000,2535.68000000,3.145
1749263105,3.14900000,6657.71000000,3.145
1749263105,3.15000000,10695.23000000,3.145
1749263105,3.15100000,3459.94000000,3.145
1749263105,3.15200000,3489.12000000,3.145
1749263105,3.15300000,1534.72000000,3.145
1749263105,3.15400000,1022.64000000,3.145
1749263105,3.15500000,2112.02000000,3.145
1749263105,3.15600000,3487.05000000,3.145
1749263105,3.15700000,777.03000000,3.145
1749263105,3.15800000,439.81000000,3.145
1749263105,3.15900000,10897.79000000,3.145
1749263105,3.16000000,440.89000000,3.145
1749263105,3.16100000,919.38000000,3.145
1749263105,3.16200000,3088.88000000,3.145
1749263105,3.16300000,545.21000000,3.145
1749263105,3.16400000,8218.37000000,3.145
1749263105,3.16500000,1591.05000000,3.145
1749263105,3.16600000,137.49000000,3.145
1749263105,3.16700000,12192.21000000,3.145
1749263105,3.16800000,2494.84000000,3.145
1749263105,3.16900000,366.05000000,3.145
1749263105,3.17000000,52.77000000,3.145
1749263105,3.17100000,15286.36000000,3.145
1749263105,3.17200000,44.18000000,3.145
1749263105,3.17300000,575.04000000,3.145
1749263105,3.17400000,39241.19000000,3.145
1749263105,3.17500000,664.45000000,3.145
1749263105,3.17600000,83.93000000,3.145
1749263105,3.17700000,376.87000000,3.145
1749263105,3.17800000,5.01000000,3.145
1749263105,3.17900000,336.82000000,3.145
1749263105,3.18000000,7968.07000000,3.145
1749263105,3.18100000,643.44000000,3.145
1749263105,3.18200000,27.24000000,3.145
1749263105,3.18300000,42.05000000,3.145
1749263105,3.18400000,334.37000000,3.145
1749263105,3.18500000,84.71000000,3.145
1749263105,3.18600000,457.45000000,3.145
1749263105,3.18700000,26.34000000,3.145
1749263105,3.18800000,365.85000000,3.145
1749263105,3.18900000,127.72000000,3.145
1749263105,3.19000000,954.58000000,3.145
1749263105,3.19100000,354.77000000,3.145
1749263105,3.19200000,44.21000000,3.145
1749263105,3.19300000,34436.04000000,3.145
1749263105,3.19400000,338.27000000,3.145
1749263105,3.19500000,84.86000000,3.145
1749263105,3.19600000,87.71000000,3.145
1749263105,3.19700000,7.30000000,3.145
1749263105,3.19800000,100.41000000,3.145
1749263105,3.19900000,877.41000000,3.145
1749263105,3.20000000,11287.50000000,3.145
1749263105,3.20100000,352.95000000,3.145
1749263105,3.20200000,90.23000000,3.145
1749263105,3.20300000,43.15000000,3.145
1749263105,3.20400000,19.67000000,3.145
1749263105,3.20500000,128601.86000000,3.145
1749263105,3.20600000,34.83000000,3.145
1749263105,3.20700000,58.24000000,3.145
1749263105,3.20800000,15.87000000,3.145
1749263105,3.20900000,26.50000000,3.145
1749263105,3.21000000,2024.36000000,3.145
1749263105,3.21100000,46.75000000,3.145
1749263105,3.21200000,113.07000000,3.145
1749263105,3.21300000,4.93000000,3.145
1749263105,3.21400000,21.31000000,3.145
1749263105,3.21500000,22.42000000,3.145
1749263105,3.21600000,13.17000000,3.145
1749263105,3.21700000,25485.99000000,3.145
1749263105,3.21800000,339.19000000,3.145
1749263105,3.21900000,20.81000000,3.145
1749263105,3.22000000,71207.02000000,3.145
1749263105,3.22100000,12.17000000,3.145
1749263105,3.22200000,22.76000000,3.145
1749263105,3.22300000,7.04000000,3.145
1749263105,3.22400000,2.17000000,3.145
1749263105,3.22500000,2527.45000000,3.145
1749263105,3.22600000,75.09000000,3.145
1749263105,3.22700000,21.85000000,3.145
1749263105,3.22800000,27.47000000,3.145
1749263105,3.22900000,84.13000000,3.145
1749263105,3.23000000,1530.42000000,3.145
1749263105,3.23100000,14.50000000,3.145
1749263105,3.23200000,60.65000000,3.145
1749263105,3.23300000,63.16000000,3.145
1749263105,3.23400000,5.65000000,3.145
1749263105,3.23500000,6.96000000,3.145
1749263105,3.23600000,331.18000000,3.145
1749263105,3.23700000,83.42000000,3.145
1749263105,3.23800000,59.67000000,3.145
1749263105,3.23900000,40.22000000,3.145
1749263105,3.24000000,1717.04000000,3.145
1749263105,3.24100000,382.81000000,3.145
1749263105,3.24200000,71.42000000,3.145
1749263105,3.24300000,570.18000000,3.145
1749263105,3.24400000,3.87000000,3.145
1749263105,3.24500000,15.64000000,3.145
1749263407,3.15000000,859.62000000,3.149
1749263407,3.15100000,2683.73000000,3.149
1749263407,3.15200000,2762.70000000,3.149
1749263407,3.15300000,5597.13000000,3.149
1749263407,3.15400000,8572.18000000,3.149
1749263407,3.15500000,3880.93000000,3.149
1749263407,3.15600000,4711.13000000,3.149
1749263407,3.15700000,2863.14000000,3.149
1749263407,3.15800000,2403.69000000,3.149
1749263407,3.15900000,1539.30000000,3.149
1749263407,3.16000000,3414.44000000,3.149
1749263407,3.16100000,10402.70000000,3.149
1749263407,3.16200000,3724.10000000,3.149
1749263407,3.16300000,545.21000000,3.149
1749263407,3.16400000,8218.37000000,3.149
1749263407,3.16500000,380.96000000,3.149
1749263407,3.16600000,137.49000000,3.149
1749263407,3.16700000,11341.26000000,3.149
1749263407,3.16800000,3702.77000000,3.149
1749263407,3.16900000,1207.61000000,3.149
1749263407,3.17000000,156.56000000,3.149
1749263407,3.17100000,15286.36000000,3.149
1749263407,3.17200000,44.18000000,3.149
1749263407,3.17300000,556.87000000,3.149
1749263407,3.17400000,107.37000000,3.149
1749263407,3.17500000,714.25000000,3.149
1749263407,3.17600000,83.93000000,3.149
1749263407,3.17700000,16102.80000000,3.149
1749263407,3.17800000,22715.36000000,3.149
1749263407,3.17900000,336.82000000,3.149
1749263407,3.18000000,7968.07000000,3.149
1749263407,3.18100000,643.44000000,3.149
1749263407,3.18200000,27.24000000,3.149
1749263407,3.18300000,42.05000000,3.149
1749263407,3.18400000,334.37000000,3.149
1749263407,3.18500000,84.71000000,3.149
1749263407,3.18600000,457.45000000,3.149
1749263407,3.18700000,26.34000000,3.149
1749263407,3.18800000,365.85000000,3.149
1749263407,3.18900000,127.72000000,3.149
1749263407,3.19000000,868.96000000,3.149
1749263407,3.19100000,354.77000000,3.149
1749263407,3.19200000,19.02000000,3.149
1749263407,3.19300000,34436.04000000,3.149
1749263407,3.19400000,338.27000000,3.149
1749263407,3.19500000,84.86000000,3.149
1749263407,3.19600000,87.71000000,3.149
1749263407,3.19700000,7.30000000,3.149
1749263407,3.19800000,100.41000000,3.149
1749263407,3.19900000,877.41000000,3.149
1749263407,3.20000000,11291.95000000,3.149
1749263407,3.20100000,352.95000000,3.149
1749263407,3.20200000,40.43000000,3.149
1749263407,3.20300000,43.15000000,3.149
1749263407,3.20400000,44.86000000,3.149
1749263407,3.20500000,25375.56000000,3.149
1749263407,3.20600000,34.83000000,3.149
1749263407,3.20700000,58.24000000,3.149
1749263407,3.20800000,15.87000000,3.149
1749263407,3.20900000,101975.79000000,3.149
1749263407,3.21000000,2024.36000000,3.149
1749263407,3.21100000,46.75000000,3.149
1749263407,3.21200000,113.07000000,3.149
1749263407,3.21300000,4.93000000,3.149
1749263407,3.21400000,21.31000000,3.149
1749263407,3.21500000,22.42000000,3.149
1749263407,3.21600000,13.17000000,3.149
1749263407,3.21700000,25485.99000000,3.149
1749263407,3.21800000,339.19000000,3.149
1749263407,3.21900000,20.81000000,3.149
1749263407,3.22000000,71207.02000000,3.149
1749263407,3.22100000,12.17000000,3.149
1749263407,3.22200000,25.94000000,3.149
1749263407,3.22300000,10.22000000,3.149
1749263407,3.22400000,5.35000000,3.149
1749263407,3.22500000,2530.63000000,3.149
1749263407,3.22600000,75.09000000,3.149
1749263407,3.22700000,21.85000000,3.149
1749263407,3.22800000,27.47000000,3.149
1749263407,3.22900000,84.13000000,3.149
1749263407,3.23000000,1530.42000000,3.149
1749263407,3.23100000,14.50000000,3.149
1749263407,3.23200000,60.65000000,3.149
1749263407,3.23300000,63.16000000,3.149
1749263407,3.23400000,5.65000000,3.149
1749263407,3.23500000,6.96000000,3.149
1749263407,3.23600000,331.18000000,3.149
1749263407,3.23700000,83.42000000,3.149
1749263407,3.23800000,59.67000000,3.149
1749263407,3.23900000,40.22000000,3.149
1749263407,3.24000000,1717.04000000,3.149
1749263407,3.24100000,23.56000000,3.149
1749263407,3.24200000,71.42000000,3.149
1749263407,3.24300000,570.18000000,3.149
1749263407,3.24400000,3.87000000,3.149
1749263407,3.24500000,15.64000000,3.149
1749263407,3.24600000,137.33000000,3.149
1749263407,3.24700000,58.97000000,3.149
1749263407,3.24800000,47.78000000,3.149
1749263407,3.24900000,14.72000000,3.149
1749263708,3.14500000,2648.94000000,3.145
1749263708,3.14600000,2642.36000000,3.145
1749263708,3.14700000,2399.13000000,3.145
1749263708,3.14800000,5102.98000000,3.145
1749263708,3.14900000,10002.83000000,3.145
1749263708,3.15000000,3142.86000000,3.145
1749263708,3.15100000,2217.38000000,3.145
1749263708,3.15200000,2018.18000000,3.145
1749263708,3.15300000,1507.08000000,3.145
1749263708,3.15400000,706.14000000,3.145
1749263708,3.15500000,1594.58000000,3.145
1749263708,3.15600000,5002.06000000,3.145
1749263708,3.15700000,773.24000000,3.145
1749263708,3.15800000,9932.13000000,3.145
1749263708,3.15900000,1404.87000000,3.145
1749263708,3.16000000,440.89000000,3.145
1749263708,3.16100000,919.38000000,3.145
1749263708,3.16200000,3088.88000000,3.145
1749263708,3.16300000,541.42000000,3.145
1749263708,3.16400000,8218.37000000,3.145
1749263708,3.16500000,2447.80000000,3.145
1749263708,3.16600000,137.49000000,3.145
1749263708,3.16700000,11341.26000000,3.145
1749263708,3.16800000,2491.05000000,3.145
1749263708,3.16900000,366.05000000,3.145
1749263708,3.17000000,52.77000000,3.145
1749263708,3.17100000,15286.36000000,3.145
1749263708,3.17200000,15794.90000000,3.145
1749263708,3.17300000,527.37000000,3.145
1749263708,3.17400000,103.58000000,3.145
1749263708,3.17500000,664.45000000,3.145
1749263708,3.17600000,83.93000000,3.145
1749263708,3.17700000,376.87000000,3.145
1749263708,3.17800000,5.01000000,3.145
1749263708,3.17900000,336.82000000,3.145
1749263708,3.18000000,7968.07000000,3.145
1749263708,3.18100000,643.44000000,3.145
1749263708,3.18200000,23.45000000,3.145
1749263708,3.18300000,42.05000000,3.145
1749263708,3.18400000,334.37000000,3.145
1749263708,3.18500000,84.71000000,3.145
1749263708,3.18600000,457.45000000,3.145
1749263708,3.18700000,26.34000000,3.145
1749263708,3.18800000,365.85000000,3.145
1749263708,3.18900000,127.72000000,3.145
1749263708,3.19000000,865.17000000,3.145
1749263708,3.19100000,354.77000000,3.145
1749263708,3.19200000,152.31000000,3.145
1749263708,3.19300000,34436.04000000,3.145
1749263708,3.19400000,338.27000000,3.145
1749263708,3.19500000,77.28000000,3.145
1749263708,3.19600000,87.71000000,3.145
1749263708,3.19700000,7.30000000,3.145
1749263708,3.19800000,100.41000000,3.145
1749263708,3.19900000,877.41000000,3.145
1749263708,3.20000000,11291.95000000,3.145
1749263708,3.20100000,352.95000000,3.145
1749263708,3.20200000,40.43000000,3.145
1749263708,3.20300000,43.15000000,3.145
1749263708,3.20400000,94.66000000,3.145
1749263708,3.20500000,25375.56000000,3.145
1749263708,3.20600000,34.83000000,3.145
1749263708,3.20700000,58.24000000,3.145
1749263708,3.20800000,15.87000000,3.145
1749263708,3.20900000,26.50000000,3.145
1749263708,3.21000000,2024.36000000,3.145
1749263708,3.21100000,46.75000000,3.145
1749263708,3.21200000,110.89000000,3.145
1749263708,3.21300000,4.93000000,3.145
1749263708,3.21400000,19.44000000,3.145
1749263708,3.21500000,22.42000000,3.145
1749263708,3.21600000,13.17000000,3.145
1749263708,3.21700000,25485.99000000,3.145
1749263708,3.21800000,339.19000000,3.145
1749263708,3.21900000,20.81000000,3.145
1749263708,3.22000000,71207.02000000,3.145
1749263708,3.22100000,8.99000000,3.145
1749263708,3.22200000,22.76000000,3.145
1749263708,3.22300000,7.04000000,3.145
1749263708,3.22500000,2527.45000000,3.145
1749263708,3.22600000,75.09000000,3.145
1749263708,3.22700000,21.85000000,3.145
1749263708,3.22800000,27.47000000,3.145
1749263708,3.22900000,84.13000000,3.145
1749263708,3.23000000,1530.42000000,3.145
1749263708,3.23100000,14.50000000,3.145
1749263708,3.23200000,60.65000000,3.145
1749263708,3.23300000,63.16000000,3.145
1749263708,3.23400000,5.65000000,3.145
1749263708,3.23500000,6.96000000,3.145
1749263708,3.23600000,331.18000000,3.145
1749263708,3.23700000,83.42000000,3.145
1749263708,3.23800000,59.67000000,3.145
1749263708,3.23900000,40.22000000,3.145
1749263708,3.24000000,1717.04000000,3.145
1749263708,3.24100000,382.81000000,3.145
1749263708,3.24200000,71.42000000,3.145
1749263708,3.24300000,570.18000000,3.145
1749263708,3.24400000,3.87000000,3.145
1749263708,3.24500000,66.55000000,3.145
1749264010,3.14600000,3870.20000000,3.146
1749264010,3.14700000,2995.54000000,3.146
1749264010,3.14800000,2959.48000000,3.146
1749264010,3.14900000,4381.32000000,3.146
1749264010,3.15000000,10084.55000000,3.146
1749264010,3.15100000,3630.07000000,3.146
1749264010,3.15200000,4816.45000000,3.146
1749264010,3.15300000,4246.74000000,3.146
1749264010,3.15400000,1320.87000000,3.146
1749264010,3.15500000,1559.45000000,3.146
1749264010,3.15600000,781.35000000,3.146
1749264010,3.15700000,773.24000000,3.146
1749264010,3.15800000,13287.31000000,3.146
1749264010,3.15900000,1563.72000000,3.146
1749264010,3.16000000,440.89000000,3.146
1749264010,3.16100000,919.38000000,3.146
1749264010,3.16200000,3088.88000000,3.146
1749264010,3.16300000,541.42000000,3.146
1749264010,3.16400000,8218.37000000,3.146
1749264010,3.16500000,1596.85000000,3.146
1749264010,3.16600000,137.49000000,3.146
1749264010,3.16700000,11341.26000000,3.146
1749264010,3.16800000,3339.65000000,3.146
1749264010,3.16900000,366.05000000,3.146
1749264010,3.17000000,52.77000000,3.146
1749264010,3.17100000,15286.36000000,3.146
1749264010,3.17200000,44.18000000,3.146
1749264010,3.17300000,527.37000000,3.146
1749264010,3.17400000,23521.65000000,3.146
1749264010,3.17500000,714.25000000,3.146
1749264010,3.17600000,15814.81000000,3.146
1749264010,3.17700000,376.87000000,3.146
1749264010,3.17800000,5.01000000,3.146
1749264010,3.17900000,336.82000000,3.146
1749264010,3.18000000,7968.07000000,3.146
1749264010,3.18100000,643.44000000,3.146
1749264010,3.18200000,23.45000000,3.146
1749264010,3.18300000,42.05000000,3.146
1749264010,3.18400000,334.37000000,3.146
1749264010,3.18500000,84.71000000,3.146
1749264010,3.18600000,457.45000000,3.146
1749264010,3.18700000,26.34000000,3.146
1749264010,3.18800000,365.85000000,3.146
1749264010,3.18900000,127.72000000,3.146
1749264010,3.19000000,865.17000000,3.146
1749264010,3.19100000,354.77000000,3.146
1749264010,3.19200000,152.31000000,3.146
1749264010,3.19300000,12.36000000,3.146
1749264010,3.19400000,338.27000000,3.146
1749264010,3.19500000,34479.41000000,3.146
1749264010,3.19600000,87.71000000,3.146
1749264010,3.19700000,7.30000000,3.146
1749264010,3.19800000,100.41000000,3.146
1749264010,3.19900000,877.41000000,3.146
1749264010,3.20000000,11291.95000000,3.146
1749264010,3.20100000,352.95000000,3.146
1749264010,3.20200000,40.43000000,3.146
1749264010,3.20300000,43.15000000,3.146
1749264010,3.20400000,44.86000000,3.146
1749264010,3.20500000,25375.56000000,3.146
1749264010,3.20600000,103840.85000000,3.146
1749264010,3.20700000,58.24000000,3.146
1749264010,3.20800000,15.87000000,3.146
1749264010,3.20900000,26.50000000,3.146
1749264010,3.21000000,2024.36000000,3.146
1749264010,3.21100000,46.75000000,3.146
1749264010,3.21200000,110.89000000,3.146
1749264010,3.21300000,4.93000000,3.146
1749264010,3.21400000,19.44000000,3.146
1749264010,3.21500000,22.42000000,3.146
1749264010,3.21600000,13.17000000,3.146
1749264010,3.21700000,25485.99000000,3.146
1749264010,3.21800000,339.19000000,3.146
1749264010,3.21900000,20.81000000,3.146
1749264010,3.22000000,71207.02000000,3.146
1749264010,3.22100000,12.17000000,3.146
1749264010,3.22200000,22.76000000,3.146
1749264010,3.22300000,7.04000000,3.146
1749264010,3.22500000,2527.45000000,3.146
1749264010,3.22600000,75.09000000,3.146
1749264010,3.22700000,21.85000000,3.146
1749264010,3.22800000,27.47000000,3.146
1749264010,3.22900000,84.13000000,3.146
1749264010,3.23000000,1530.42000000,3.146
1749264010,3.23100000,14.50000000,3.146
1749264010,3.23200000,60.65000000,3.146
1749264010,3.23300000,63.16000000,3.146
1749264010,3.23400000,5.65000000,3.146
1749264010,3.23500000,6.96000000,3.146
1749264010,3.23600000,331.18000000,3.146
1749264010,3.23700000,83.42000000,3.146
1749264010,3.23800000,59.67000000,3.146
1749264010,3.23900000,40.22000000,3.146
1749264010,3.24000000,1717.04000000,3.146
1749264010,3.24100000,23.56000000,3.146
1749264010,3.24200000,71.42000000,3.146
1749264010,3.24300000,570.18000000,3.146
1749264010,3.24400000,3.87000000,3.146
1749264010,3.24500000,66.55000000,3.146
1749264010,3.24600000,134.87000000,3.146
1749264312,3.14300000,941.93000000,3.143
1749264312,3.14400000,3208.89000000,3.143
1749264312,3.14500000,3225.03000000,3.143
1749264312,3.14600000,5589.85000000,3.143
1749264312,3.14700000,9940.83000000,3.143
1749264312,3.14800000,3139.71000000,3.143
1749264312,3.14900000,2886.65000000,3.143
1749264312,3.15000000,1969.17000000,3.143
1749264312,3.15100000,1190.07000000,3.143
1749264312,3.15200000,1438.38000000,3.143
1749264312,3.15300000,4962.86000000,3.143
1749264312,3.15400000,727.67000000,3.143
1749264312,3.15500000,799.05000000,3.143
1749264312,3.15600000,1093.54000000,3.143
1749264312,3.15700000,10260.05000000,3.143
1749264312,3.15800000,602.46000000,3.143
1749264312,3.15900000,960.60000000,3.143
1749264312,3.16000000,440.89000000,3.143
1749264312,3.16100000,2971.39000000,3.143
1749264312,3.16200000,3023.49000000,3.143
1749264312,3.16300000,370.24000000,3.143
1749264312,3.16400000,8218.37000000,3.143
1749264312,3.16500000,388.46000000,3.143
1749264312,3.16600000,137.49000000,3.143
1749264312,3.16700000,11453.67000000,3.143
1749264312,3.16800000,2482.53000000,3.143
1749264312,3.16900000,366.05000000,3.143
1749264312,3.17000000,15917.22000000,3.143
1749264312,3.17100000,37951.10000000,3.143
1749264312,3.17200000,44.18000000,3.143
1749264312,3.17300000,664.29000000,3.143
1749264312,3.17400000,95.06000000,3.143
1749264312,3.17500000,664.45000000,3.143
1749264312,3.17600000,83.93000000,3.143
1749264312,3.17700000,376.87000000,3.143
1749264312,3.17800000,5.01000000,3.143
1749264312,3.17900000,336.82000000,3.143
1749264312,3.18000000,7968.07000000,3.143
1749264312,3.18100000,353.29000000,3.143
1749264312,3.18200000,14.93000000,3.143
1749264312,3.18300000,42.05000000,3.143
1749264312,3.18400000,334.37000000,3.143
1749264312,3.18500000,84.71000000,3.143
1749264312,3.18600000,457.45000000,3.143
1749264312,3.18700000,26.34000000,3.143
1749264312,3.18800000,365.85000000,3.143
1749264312,3.18900000,127.72000000,3.143
1749264312,3.19000000,856.65000000,3.143
1749264312,3.19100000,354.77000000,3.143
1749264312,3.19200000,48.52000000,3.143
1749264312,3.19300000,12.36000000,3.143
1749264312,3.19400000,363.46000000,3.143
1749264312,3.19500000,34462.37000000,3.143
1749264312,3.19600000,87.71000000,3.143
1749264312,3.19700000,7.30000000,3.143
1749264312,3.19800000,100.41000000,3.143
1749264312,3.19900000,877.41000000,3.143
1749264312,3.20000000,11291.95000000,3.143
1749264312,3.20100000,352.95000000,3.143
1749264312,3.20200000,40.43000000,3.143
1749264312,3.20300000,92.95000000,3.143
1749264312,3.20400000,102765.08000000,3.143
1749264312,3.20500000,25375.56000000,3.143
1749264312,3.20600000,34.83000000,3.143
1749264312,3.20700000,58.24000000,3.143
1749264312,3.20800000,335.40000000,3.143
1749264312,3.20900000,26.50000000,3.143
1749264312,3.21000000,2024.36000000,3.143
1749264312,3.21100000,46.75000000,3.143
1749264312,3.21200000,110.89000000,3.143
1749264312,3.21300000,4.93000000,3.143
1749264312,3.21400000,19.44000000,3.143
1749264312,3.21500000,22.42000000,3.143
1749264312,3.21600000,13.17000000,3.143
1749264312,3.21700000,25485.99000000,3.143
1749264312,3.21800000,339.19000000,3.143
1749264312,3.21900000,17.62000000,3.143
1749264312,3.22000000,71203.83000000,3.143
1749264312,3.22100000,8.99000000,3.143
1749264312,3.22200000,22.76000000,3.143
1749264312,3.22300000,7.04000000,3.143
1749264312,3.22500000,2527.45000000,3.143
1749264312,3.22600000,75.09000000,3.143
1749264312,3.22700000,21.85000000,3.143
1749264312,3.22800000,27.47000000,3.143
1749264312,3.22900000,84.13000000,3.143
1749264312,3.23000000,1530.42000000,3.143
1749264312,3.23100000,14.50000000,3.143
1749264312,3.23200000,60.65000000,3.143
1749264312,3.23300000,63.16000000,3.143
1749264312,3.23400000,5.65000000,3.143
1749264312,3.23500000,6.96000000,3.143
1749264312,3.23600000,690.43000000,3.143
1749264312,3.23700000,83.42000000,3.143
1749264312,3.23800000,59.67000000,3.143
1749264312,3.23900000,40.22000000,3.143
1749264312,3.24000000,1717.04000000,3.143
1749264312,3.24100000,23.56000000,3.143
1749264312,3.24200000,71.42000000,3.143
1749264312,3.24300000,570.18000000,3.143
1749264613,3.14800000,471.29000000,3.147
1749264613,3.14900000,2057.10000000,3.147
1749264613,3.15000000,3123.51000000,3.147
1749264613,3.15100000,6787.62000000,3.147
1749264613,3.15200000,9298.98000000,3.147
1749264613,3.15300000,3107.49000000,3.147
1749264613,3.15400000,4026.53000000,3.147
1749264613,3.15500000,2937.51000000,3.147
1749264613,3.15600000,732.58000000,3.147
1749264613,3.15700000,1526.59000000,3.147
1749264613,3.15800000,3434.46000000,3.147
1749264613,3.15900000,799.81000000,3.147
1749264613,3.16000000,1103.61000000,3.147
1749264613,3.16100000,10402.70000000,3.147
1749264613,3.16200000,3023.49000000,3.147
1749264613,3.16300000,530.96000000,3.147
1749264613,3.16400000,8218.37000000,3.147
1749264613,3.16500000,1607.35000000,3.147
1749264613,3.16600000,137.49000000,3.147
1749264613,3.16700000,11300.44000000,3.147
1749264613,3.16800000,3212.96000000,3.147
1749264613,3.16900000,366.05000000,3.147
1749264613,3.17000000,52.77000000,3.147
1749264613,3.17100000,15439.59000000,3.147
1749264613,3.17200000,44.18000000,3.147
1749264613,3.17300000,664.29000000,3.147
1749264613,3.17400000,15835.85000000,3.147
1749264613,3.17500000,664.45000000,3.147
1749264613,3.17600000,22524.76000000,3.147
1749264613,3.17700000,376.87000000,3.147
1749264613,3.17800000,5.01000000,3.147
1749264613,3.17900000,336.82000000,3.147
1749264613,3.18000000,8146.86000000,3.147
1749264613,3.18100000,353.29000000,3.147
1749264613,3.18200000,14.93000000,3.147
1749264613,3.18300000,42.05000000,3.147
1749264613,3.18400000,334.37000000,3.147
1749264613,3.18500000,84.71000000,3.147
1749264613,3.18600000,457.45000000,3.147
1749264613,3.18700000,26.34000000,3.147
1749264613,3.18800000,365.85000000,3.147
1749264613,3.18900000,127.72000000,3.147
1749264613,3.19000000,856.65000000,3.147
1749264613,3.19100000,352.89000000,3.147
1749264613,3.19200000,19.02000000,3.147
1749264613,3.19300000,12.36000000,3.147
1749264613,3.19400000,471.56000000,3.147
1749264613,3.19500000,34462.37000000,3.147
1749264613,3.19600000,87.71000000,3.147
1749264613,3.19700000,7.30000000,3.147
1749264613,3.19800000,100.41000000,3.147
1749264613,3.19900000,877.41000000,3.147
1749264613,3.20000000,11291.95000000,3.147
1749264613,3.20100000,352.95000000,3.147
1749264613,3.20200000,40.43000000,3.147
1749264613,3.20300000,92.95000000,3.147
1749264613,3.20400000,44.86000000,3.147
1749264613,3.20500000,25375.56000000,3.147
1749264613,3.20600000,34.83000000,3.147
1749264613,3.20700000,101867.93000000,3.147
1749264613,3.20800000,335.40000000,3.147
1749264613,3.20900000,26.50000000,3.147
1749264613,3.21000000,2024.36000000,3.147
1749264613,3.21100000,46.75000000,3.147
1749264613,3.21200000,108.40000000,3.147
1749264613,3.21300000,4.93000000,3.147
1749264613,3.21400000,19.44000000,3.147
1749264613,3.21500000,22.42000000,3.147
1749264613,3.21600000,13.17000000,3.147
1749264613,3.21700000,25485.99000000,3.147
1749264613,3.21800000,339.19000000,3.147
1749264613,3.21900000,20.81000000,3.147
1749264613,3.22000000,71207.02000000,3.147
1749264613,3.22100000,12.18000000,3.147
1749264613,3.22200000,25.94000000,3.147
1749264613,3.22300000,10.22000000,3.147
1749264613,3.22500000,2527.45000000,3.147
1749264613,3.22600000,75.09000000,3.147
1749264613,3.22700000,21.85000000,3.147
1749264613,3.22800000,27.47000000,3.147
1749264613,3.22900000,84.13000000,3.147
1749264613,3.23000000,1530.42000000,3.147
1749264613,3.23100000,14.50000000,3.147
1749264613,3.23200000,60.65000000,3.147
1749264613,3.23300000,63.16000000,3.147
1749264613,3.23400000,5.65000000,3.147
1749264613,3.23500000,6.96000000,3.147
1749264613,3.23600000,331.18000000,3.147
1749264613,3.23700000,83.42000000,3.147
1749264613,3.23800000,59.67000000,3.147
1749264613,3.23900000,40.22000000,3.147
1749264613,3.24000000,1717.04000000,3.147
1749264613,3.24100000,23.56000000,3.147
1749264613,3.24200000,71.42000000,3.147
1749264613,3.24300000,570.18000000,3.147
1749264613,3.24400000,3.87000000,3.147
1749264613,3.24500000,66.55000000,3.147
1749264613,3.24600000,134.87000000,3.147
1749264613,3.24700000,58.97000000,3.147
1749264613,3.24800000,47.78000000,3.147
1749264915,3.15300000,1097.31000000,3.153
1749264915,3.15400000,2178.18000000,3.153
1749264915,3.15500000,2443.17000000,3.153
1749264915,3.15600000,4793.72000000,3.153
1749264915,3.15700000,10768.08000000,3.153
1749264915,3.15800000,2825.98000000,3.153
1749264915,3.15900000,3856.66000000,3.153
1749264915,3.16000000,3744.54000000,3.153
1749264915,3.16100000,1561.42000000,3.153
1749264915,3.16200000,2775.19000000,3.153
1749264915,3.16300000,762.95000000,3.153
1749264915,3.16400000,492.06000000,3.153
1749264915,3.16500000,12649.55000000,3.153
1749264915,3.16600000,839.11000000,3.153
1749264915,3.16700000,13959.65000000,3.153
1749264915,3.16800000,2439.29000000,3.153
1749264915,3.16900000,8676.14000000,3.153
1749264915,3.17000000,108.89000000,3.153
1749264915,3.17100000,13630.27000000,3.153
1749264915,3.17200000,1265.28000000,3.153
1749264915,3.17300000,374.14000000,3.153
1749264915,3.17400000,95.06000000,3.153
1749264915,3.17500000,664.45000000,3.153
1749264915,3.17600000,916.13000000,3.153
1749264915,3.17700000,530.10000000,3.153
1749264915,3.17800000,1689.20000000,3.153
1749264915,3.17900000,384.49000000,3.153
1749264915,3.18000000,21698.33000000,3.153
1749264915,3.18100000,23600.17000000,3.153
1749264915,3.18200000,14.93000000,3.153
1749264915,3.18300000,42.05000000,3.153
1749264915,3.18400000,334.37000000,3.153
1749264915,3.18500000,84.71000000,3.153
1749264915,3.18600000,457.45000000,3.153
1749264915,3.18700000,2257.68000000,3.153
1749264915,3.18800000,365.85000000,3.153
1749264915,3.18900000,111.85000000,3.153
1749264915,3.19000000,266.01000000,3.153
1749264915,3.19100000,336.68000000,3.153
1749264915,3.19200000,19.02000000,3.153
1749264915,3.19300000,12.36000000,3.153
1749264915,3.19400000,338.27000000,3.153
1749264915,3.19500000,60.24000000,3.153
1749264915,3.19600000,87.71000000,3.153
1749264915,3.19700000,23.17000000,3.153
1749264915,3.19800000,100.41000000,3.153
1749264915,3.19900000,893.62000000,3.153
1749264915,3.20000000,11882.59000000,3.153
1749264915,3.20100000,352.95000000,3.153
1749264915,3.20200000,34367.36000000,3.153
1749264915,3.20300000,92.95000000,3.153
1749264915,3.20400000,19.67000000,3.153
1749264915,3.20500000,33.03000000,3.153
1749264915,3.20600000,34.83000000,3.153
1749264915,3.20700000,58.24000000,3.153
1749264915,3.20800000,335.40000000,3.153
1749264915,3.20900000,26.50000000,3.153
1749264915,3.21000000,2024.36000000,3.153
1749264915,3.21100000,46.75000000,3.153
1749264915,3.21200000,133.59000000,3.153
1749264915,3.21300000,101770.88000000,3.153
1749264915,3.21400000,19.44000000,3.153
1749264915,3.21500000,22.42000000,3.153
1749264915,3.21600000,13.17000000,3.153
1749264915,3.21700000,143.46000000,3.153
1749264915,3.21800000,339.19000000,3.153
1749264915,3.21900000,20.81000000,3.153
1749264915,3.22000000,71207.02000000,3.153
1749264915,3.22100000,12.18000000,3.153
1749264915,3.22200000,25.94000000,3.153
1749264915,3.22300000,10.22000000,3.153
1749264915,3.22400000,3.18000000,3.153
1749264915,3.22500000,2530.63000000,3.153
1749264915,3.22600000,78.27000000,3.153
1749264915,3.22700000,25.03000000,3.153
1749264915,3.22800000,30.65000000,3.153
1749264915,3.22900000,84.13000000,3.153
1749264915,3.23000000,1217.56000000,3.153
1749264915,3.23100000,14.50000000,3.153
1749264915,3.23200000,60.65000000,3.153
1749264915,3.23300000,63.16000000,3.153
1749264915,3.23400000,5.65000000,3.153
1749264915,3.23500000,6.96000000,3.153
1749264915,3.23600000,331.18000000,3.153
1749264915,3.23700000,83.42000000,3.153
1749264915,3.23800000,59.67000000,3.153
1749264915,3.23900000,353.08000000,3.153
1749264915,3.24000000,1717.04000000,3.153
1749264915,3.24100000,23.56000000,3.153
1749264915,3.24200000,430.67000000,3.153
1749264915,3.24300000,570.18000000,3.153
1749264915,3.24400000,3.87000000,3.153
1749264915,3.24500000,66.55000000,3.153
1749264915,3.24600000,134.87000000,3.153
1749264915,3.24700000,58.97000000,3.153
1749264915,3.24800000,47.78000000,3.153
1749264915,3.24900000,14.72000000,3.153
1749264915,3.25000000,3833.78000000,3.153
1749264915,3.25100000,16.08000000,3.153
1749264915,3.25200000,9.15000000,3.153
1749265222,3.15600000,839.43000000,3.155
1749265222,3.15700000,2488.45000000,3.155
1749265222,3.15800000,3179.63000000,3.155
1749265222,3.15900000,6710.13000000,3.155
1749265222,3.16000000,8211.17000000,3.155
1749265222,3.16100000,2939.14000000,3.155
1749265222,3.16200000,2782.83000000,3.155
1749265222,3.16300000,3351.45000000,3.155
1749265222,3.16400000,1911.23000000,3.155
1749265222,3.16500000,1061.91000000,3.155
1749265222,3.16600000,4366.55000000,3.155
1749265222,3.16700000,3350.49000000,3.155
1749265222,3.16800000,12459.82000000,3.155
1749265222,3.16900000,8676.14000000,3.155
1749265222,3.17000000,52.77000000,3.155
1749265222,3.17100000,412.72000000,3.155
1749265222,3.17200000,1238.91000000,3.155
1749265222,3.17300000,374.14000000,3.155
1749265222,3.17400000,11048.59000000,3.155
1749265222,3.17500000,1491.98000000,3.155
1749265222,3.17600000,83.93000000,3.155
1749265222,3.17700000,634.56000000,3.155
1749265222,3.17800000,1758.68000000,3.155
1749265222,3.17900000,13586.09000000,3.155
1749265222,3.18000000,5987.24000000,3.155
1749265222,3.18100000,704.66000000,3.155
1749265222,3.18200000,46.63000000,3.155
1749265222,3.18300000,15770.03000000,3.155
1749265222,3.18400000,22773.60000000,3.155
1749265222,3.18500000,84.71000000,3.155
1749265222,3.18600000,457.45000000,3.155
1749265222,3.18700000,2257.68000000,3.155
1749265222,3.18800000,365.85000000,3.155
1749265222,3.18900000,111.85000000,3.155
1749265222,3.19000000,266.01000000,3.155
1749265222,3.19100000,336.68000000,3.155
1749265222,3.19200000,19.02000000,3.155
1749265222,3.19300000,12.36000000,3.155
1749265222,3.19400000,338.27000000,3.155
1749265222,3.19500000,60.24000000,3.155
1749265222,3.19600000,87.71000000,3.155
1749265222,3.19700000,23.17000000,3.155
1749265222,3.19800000,100.41000000,3.155
1749265222,3.19900000,893.62000000,3.155
1749265222,3.20000000,11291.95000000,3.155
1749265222,3.20100000,387.26000000,3.155
1749265222,3.20200000,34367.36000000,3.155
1749265222,3.20300000,43.15000000,3.155
1749265222,3.20400000,19.67000000,3.155
1749265222,3.20500000,33.03000000,3.155
1749265222,3.20600000,34.83000000,3.155
1749265222,3.20700000,58.24000000,3.155
1749265222,3.20800000,15.87000000,3.155
1749265222,3.20900000,26.50000000,3.155
1749265222,3.21000000,2024.36000000,3.155
1749265222,3.21100000,46.75000000,3.155
1749265222,3.21200000,183.39000000,3.155
1749265222,3.21300000,4.93000000,3.155
1749265222,3.21400000,19.44000000,3.155
1749265222,3.21500000,22.42000000,3.155
1749265222,3.21600000,101985.69000000,3.155
1749265222,3.21700000,143.46000000,3.155
1749265222,3.21800000,339.19000000,3.155
1749265222,3.21900000,20.81000000,3.155
1749265222,3.22000000,71207.02000000,3.155
1749265222,3.22100000,12.18000000,3.155
1749265222,3.22200000,25.94000000,3.155
1749265222,3.22300000,10.22000000,3.155
1749265222,3.22400000,3.18000000,3.155
1749265222,3.22500000,2530.63000000,3.155
1749265222,3.22600000,78.27000000,3.155
1749265222,3.22700000,25.03000000,3.155
1749265222,3.22800000,30.65000000,3.155
1749265222,3.22900000,87.31000000,3.155
1749265222,3.23000000,1220.74000000,3.155
1749265222,3.23100000,17.67000000,3.155
1749265222,3.23200000,60.65000000,3.155
1749265222,3.23300000,63.16000000,3.155
1749265222,3.23400000,5.65000000,3.155
1749265222,3.23500000,6.96000000,3.155
1749265222,3.23600000,331.18000000,3.155
1749265222,3.23700000,83.42000000,3.155
1749265222,3.23800000,59.67000000,3.155
1749265222,3.23900000,353.08000000,3.155
1749265222,3.24000000,1717.04000000,3.155
1749265222,3.24100000,23.56000000,3.155
1749265222,3.24200000,71.42000000,3.155
1749265222,3.24300000,570.18000000,3.155
1749265222,3.24400000,3.87000000,3.155
1749265222,3.24500000,66.55000000,3.155
1749265222,3.24600000,134.87000000,3.155
1749265222,3.24700000,58.97000000,3.155
1749265222,3.24800000,47.78000000,3.155
1749265222,3.24900000,14.72000000,3.155
1749265222,3.25000000,3833.78000000,3.155
1749265222,3.25100000,16.08000000,3.155
1749265222,3.25200000,9.15000000,3.155
1749265222,3.25300000,1701.46000000,3.155
1749265222,3.25400000,88.70000000,3.155
1749265222,3.25500000,94.66000000,3.155
1749265524,3.15900000,1101.79000000,3.159
1749265524,3.16000000,3427.83000000,3.159
1749265524,3.16100000,4367.77000000,3.159
1749265524,3.16200000,7283.73000000,3.159
1749265524,3.16300000,8498.97000000,3.159
1749265524,3.16400000,3313.31000000,3.159
1749265524,3.16500000,2571.89000000,3.159
1749265524,3.16600000,3531.38000000,3.159
1749265524,3.16700000,3363.60000000,3.159
1749265524,3.16800000,4357.56000000,3.159
1749265524,3.16900000,1576.38000000,3.159
1749265524,3.17000000,757.87000000,3.159
1749265524,3.17100000,4855.26000000,3.159
1749265524,3.17200000,9889.20000000,3.159
1749265524,3.17300000,768.71000000,3.159
1749265524,3.17400000,467.38000000,3.159
1749265524,3.17500000,1145.42000000,3.159
1749265524,3.17600000,2103.89000000,3.159
1749265524,3.17700000,3467.50000000,3.159
1749265524,3.17800000,199.42000000,3.159
1749265524,3.17900000,21733.52000000,3.159
1749265524,3.18000000,1289.05000000,3.159
1749265524,3.18100000,11457.90000000,3.159
1749265524,3.18200000,46.63000000,3.159
1749265524,3.18300000,73.74000000,3.159
1749265524,3.18400000,366.06000000,3.159
1749265524,3.18500000,1807.36000000,3.159
1749265524,3.18600000,578.39000000,3.159
1749265524,3.18700000,38374.59000000,3.159
1749265524,3.18800000,397.50000000,3.159
1749265524,3.18900000,467.95000000,3.159
1749265524,3.19000000,4999.08000000,3.159
1749265524,3.19100000,336.68000000,3.159
1749265524,3.19200000,13.31000000,3.159
1749265524,3.19300000,12.36000000,3.159
1749265524,3.19400000,338.27000000,3.159
1749265524,3.19500000,2235.89000000,3.159
1749265524,3.19600000,87.71000000,3.159
1749265524,3.19700000,7.30000000,3.159
1749265524,3.19800000,100.41000000,3.159
1749265524,3.19900000,877.41000000,3.159
1749265524,3.20000000,11291.95000000,3.159
1749265524,3.20100000,404.26000000,3.159
1749265524,3.20200000,40.43000000,3.159
1749265524,3.20300000,43.15000000,3.159
1749265524,3.20400000,19.67000000,3.159
1749265524,3.20500000,36.69000000,3.159
1749265524,3.20600000,40.51000000,3.159
1749265524,3.20700000,58.24000000,3.159
1749265524,3.20800000,351.61000000,3.159
1749265524,3.20900000,10.86000000,3.159
1749265524,3.21000000,2024.36000000,3.159
1749265524,3.21100000,34277.46000000,3.159
1749265524,3.21200000,108.40000000,3.159
1749265524,3.21300000,4.93000000,3.159
1749265524,3.21400000,19.44000000,3.159
1749265524,3.21500000,613.06000000,3.159
1749265524,3.21600000,13.17000000,3.159
1749265524,3.21700000,34.59000000,3.159
1749265524,3.21800000,103842.07000000,3.159
1749265524,3.21900000,111.44000000,3.159
1749265524,3.22000000,71207.02000000,3.159
1749265524,3.22100000,12.18000000,3.159
1749265524,3.22200000,25.94000000,3.159
1749265524,3.22300000,10.22000000,3.159
1749265524,3.22400000,3.18000000,3.159
1749265524,3.22500000,2534.31000000,3.159
1749265524,3.22600000,78.27000000,3.159
1749265524,3.22700000,25.03000000,3.159
1749265524,3.22800000,30.65000000,3.159
1749265524,3.22900000,8.52000000,3.159
1749265524,3.23000000,1095.97000000,3.159
1749265524,3.23100000,17.67000000,3.159
1749265524,3.23200000,63.82000000,3.159
1749265524,3.23300000,66.33000000,3.159
1749265524,3.23400000,133.59000000,3.159
1749265524,3.23500000,10.66000000,3.159
1749265524,3.23600000,331.18000000,3.159
1749265524,3.23700000,83.42000000,3.159
1749265524,3.23800000,138.46000000,3.159
1749265524,3.23900000,40.22000000,3.159
1749265524,3.24000000,1717.04000000,3.159
1749265524,3.24100000,23.56000000,3.159
1749265524,3.24200000,71.42000000,3.159
1749265524,3.24300000,694.95000000,3.159
1749265524,3.24400000,3.87000000,3.159
1749265524,3.24500000,70.27000000,3.159
1749265524,3.24600000,134.87000000,3.159
1749265524,3.24700000,58.97000000,3.159
1749265524,3.24800000,360.64000000,3.159
1749265524,3.24900000,14.72000000,3.159
1749265524,3.25000000,4193.03000000,3.159
1749265524,3.25100000,16.08000000,3.159
1749265524,3.25200000,9.15000000,3.159
1749265524,3.25300000,1701.46000000,3.159
1749265524,3.25400000,88.70000000,3.159
1749265524,3.25500000,94.66000000,3.159
1749265524,3.25600000,659.29000000,3.159
1749265524,3.25700000,133.43000000,3.159
1749265524,3.25800000,102.64000000,3.159
1749265825,3.16300000,600.18000000,3.162
1749265825,3.16400000,2711.39000000,3.162
1749265825,3.16500000,2734.36000000,3.162
1749265825,3.16600000,4529.20000000,3.162
1749265825,3.16700000,10247.27000000,3.162
1749265825,3.16800000,4216.36000000,3.162
1749265825,3.16900000,2933.60000000,3.162
1749265825,3.17000000,2974.28000000,3.162
1749265825,3.17100000,1359.95000000,3.162
1749265825,3.17200000,1220.35000000,3.162
1749265825,3.17300000,768.70000000,3.162
1749265825,3.17400000,3898.92000000,3.162
1749265825,3.17500000,1145.42000000,3.162
1749265825,3.17600000,9548.02000000,3.162
1749265825,3.17700000,3467.50000000,3.162
1749265825,3.17800000,199.42000000,3.162
1749265825,3.17900000,8517.68000000,3.162
1749265825,3.18000000,3305.16000000,3.162
1749265825,3.18100000,11304.67000000,3.162
1749265825,3.18200000,199.86000000,3.162
1749265825,3.18300000,73.74000000,3.162
1749265825,3.18400000,366.06000000,3.162
1749265825,3.18500000,1807.36000000,3.162
1749265825,3.18600000,530.72000000,3.162
1749265825,3.18700000,13363.40000000,3.162
1749265825,3.18800000,397.50000000,3.162
1749265825,3.18900000,433.64000000,3.162
1749265825,3.19000000,4999.08000000,3.162
1749265825,3.19100000,38966.77000000,3.162
1749265825,3.19200000,13.31000000,3.162
1749265825,3.19300000,12.36000000,3.162
1749265825,3.19400000,338.27000000,3.162
1749265825,3.19500000,2235.89000000,3.162
1749265825,3.19600000,87.71000000,3.162
1749265825,3.19700000,7.30000000,3.162
1749265825,3.19800000,100.41000000,3.162
1749265825,3.19900000,877.41000000,3.162
1749265825,3.20000000,11291.95000000,3.162
1749265825,3.20100000,352.95000000,3.162
1749265825,3.20200000,40.43000000,3.162
1749265825,3.20300000,43.15000000,3.162
1749265825,3.20400000,19.67000000,3.162
1749265825,3.20500000,36.69000000,3.162
1749265825,3.20600000,40.51000000,3.162
1749265825,3.20700000,58.24000000,3.162
1749265825,3.20800000,35.25000000,3.162
1749265825,3.20900000,10.86000000,3.162
1749265825,3.21000000,2128.15000000,3.162
1749265825,3.21100000,34277.46000000,3.162
1749265825,3.21200000,108.40000000,3.162
1749265825,3.21300000,4.93000000,3.162
1749265825,3.21400000,19.44000000,3.162
1749265825,3.21500000,613.06000000,3.162
1749265825,3.21600000,13.17000000,3.162
1749265825,3.21700000,64.09000000,3.162
1749265825,3.21800000,339.19000000,3.162
1749265825,3.21900000,61.64000000,3.162
1749265825,3.22000000,71207.02000000,3.162
1749265825,3.22100000,12.18000000,3.162
1749265825,3.22200000,103521.38000000,3.162
1749265825,3.22300000,60.02000000,3.162
1749265825,3.22400000,3.18000000,3.162
1749265825,3.22500000,2537.10000000,3.162
1749265825,3.22600000,78.27000000,3.162
1749265825,3.22700000,25.03000000,3.162
1749265825,3.22800000,30.65000000,3.162
1749265825,3.22900000,8.52000000,3.162
1749265825,3.23000000,1095.97000000,3.162
1749265825,3.23100000,17.67000000,3.162
1749265825,3.23200000,63.82000000,3.162
1749265825,3.23300000,69.09000000,3.162
1749265825,3.23400000,133.59000000,3.162
1749265825,3.23500000,13.83000000,3.162
1749265825,3.23600000,334.35000000,3.162
1749265825,3.23700000,86.59000000,3.162
1749265825,3.23800000,141.63000000,3.162
1749265825,3.23900000,40.22000000,3.162
1749265825,3.24000000,1717.04000000,3.162
1749265825,3.24100000,37.49000000,3.162
1749265825,3.24200000,71.42000000,3.162
1749265825,3.24300000,694.95000000,3.162
1749265825,3.24400000,3.87000000,3.162
1749265825,3.24500000,70.27000000,3.162
1749265825,3.24600000,134.87000000,3.162
1749265825,3.24700000,58.97000000,3.162
1749265825,3.24800000,360.64000000,3.162
1749265825,3.24900000,14.72000000,3.162
1749265825,3.25000000,3833.78000000,3.162
1749265825,3.25100000,9.65000000,3.162
1749265825,3.25200000,9.15000000,3.162
1749265825,3.25300000,2059.20000000,3.162
1749265825,3.25400000,88.70000000,3.162
1749265825,3.25500000,94.66000000,3.162
1749265825,3.25600000,659.29000000,3.162
1749265825,3.25700000,133.43000000,3.162
1749265825,3.25800000,102.64000000,3.162
1749265825,3.25900000,109.51000000,3.162
1749265825,3.26000000,905.14000000,3.162
1749265825,3.26100000,5.27000000,3.162
1749265825,3.26200000,44.96000000,3.162
1749266127,3.16600000,1349.98000000,3.165
1749266127,3.16700000,3694.98000000,3.165
1749266127,3.16800000,6100.49000000,3.165
1749266127,3.16900000,5076.31000000,3.165
1749266127,3.17000000,9585.66000000,3.165
1749266127,3.17100000,3234.91000000,3.165
1749266127,3.17200000,3427.71000000,3.165
1749266127,3.17300000,2999.47000000,3.165
1749266127,3.17400000,1949.02000000,3.165
1749266127,3.17500000,1426.62000000,3.165
1749266127,3.17600000,504.01000000,3.165
1749266127,3.17700000,3535.26000000,3.165
1749266127,3.17800000,12855.58000000,3.165
1749266127,3.17900000,8527.64000000,3.165
1749266127,3.18000000,1315.37000000,3.165
1749266127,3.18100000,11304.67000000,3.165
1749266127,3.18200000,46.63000000,3.165
1749266127,3.18300000,48.62000000,3.165
1749266127,3.18400000,1587.39000000,3.165
1749266127,3.18500000,1115.94000000,3.165
1749266127,3.18600000,489.11000000,3.165
1749266127,3.18700000,13363.40000000,3.165
1749266127,3.18800000,397.50000000,3.165
1749266127,3.18900000,433.64000000,3.165
1749266127,3.19000000,4999.08000000,3.165
1749266127,3.19100000,15993.62000000,3.165
1749266127,3.19200000,1690.13000000,3.165
1749266127,3.19300000,43.98000000,3.165
1749266127,3.19400000,22986.70000000,3.165
1749266127,3.19500000,60.24000000,3.165
1749266127,3.19600000,154.34000000,3.165
1749266127,3.19700000,9.18000000,3.165
1749266127,3.19800000,100.41000000,3.165
1749266127,3.19900000,16.31000000,3.165
1749266127,3.20000000,11291.95000000,3.165
1749266127,3.20100000,361.96000000,3.165
1749266127,3.20200000,2227.59000000,3.165
1749266127,3.20300000,43.15000000,3.165
1749266127,3.20400000,19.67000000,3.165
1749266127,3.20500000,36.69000000,3.165
1749266127,3.20600000,40.51000000,3.165
1749266127,3.20700000,58.24000000,3.165
1749266127,3.20800000,35.25000000,3.165
1749266127,3.20900000,10.86000000,3.165
1749266127,3.21000000,2128.15000000,3.165
1749266127,3.21100000,34233.88000000,3.165
1749266127,3.21200000,108.40000000,3.165
1749266127,3.21300000,4.93000000,3.165
1749266127,3.21400000,19.44000000,3.165
1749266127,3.21500000,613.06000000,3.165
1749266127,3.21600000,13.17000000,3.165
1749266127,3.21700000,64.09000000,3.165
1749266127,3.21800000,339.19000000,3.165
1749266127,3.21900000,61.64000000,3.165
1749266127,3.22000000,71207.02000000,3.165
1749266127,3.22100000,12.18000000,3.165
1749266127,3.22200000,25.94000000,3.165
1749266127,3.22300000,60.02000000,3.165
1749266127,3.22400000,3.18000000,3.165
1749266127,3.22500000,2586.81000000,3.165
1749266127,3.22600000,104058.86000000,3.165
1749266127,3.22700000,25.03000000,3.165
1749266127,3.22800000,30.65000000,3.165
1749266127,3.22900000,8.52000000,3.165
1749266127,3.23000000,1095.97000000,3.165
1749266127,3.23100000,17.67000000,3.165
1749266127,3.23200000,63.82000000,3.165
1749266127,3.23300000,69.09000000,3.165
1749266127,3.23400000,133.59000000,3.165
1749266127,3.23500000,13.83000000,3.165
1749266127,3.23600000,334.35000000,3.165
1749266127,3.23700000,24.81000000,3.165
1749266127,3.23800000,62.84000000,3.165
1749266127,3.23900000,43.39000000,3.165
1749266127,3.24000000,1720.21000000,3.165
1749266127,3.24100000,40.65000000,3.165
1749266127,3.24200000,71.42000000,3.165
1749266127,3.24300000,694.95000000,3.165
1749266127,3.24400000,3.87000000,3.165
1749266127,3.24500000,70.27000000,3.165
1749266127,3.24600000,134.87000000,3.165
1749266127,3.24700000,137.76000000,3.165
1749266127,3.24800000,360.64000000,3.165
1749266127,3.24900000,14.72000000,3.165
1749266127,3.25000000,3895.30000000,3.165
1749266127,3.25100000,9.65000000,3.165
1749266127,3.25200000,9.15000000,3.165
1749266127,3.25300000,1701.46000000,3.165
1749266127,3.25400000,88.70000000,3.165
1749266127,3.25500000,94.66000000,3.165
1749266127,3.25600000,659.29000000,3.165
1749266127,3.25700000,133.43000000,3.165
1749266127,3.25800000,102.64000000,3.165
1749266127,3.25900000,467.25000000,3.165
1749266127,3.26000000,907.59000000,3.165
1749266127,3.26100000,5.27000000,3.165
1749266127,3.26200000,44.96000000,3.165
1749266127,3.26300000,39.60000000,3.165
1749266127,3.26400000,6.63000000,3.165
1749266127,3.26500000,43.18000000,3.165
1749266429,3.15800000,1700.59000000,3.158
1749266429,3.15900000,1839.10000000,3.158
1749266429,3.16000000,2584.63000000,3.158
1749266429,3.16100000,5816.45000000,3.158
1749266429,3.16200000,15114.00000000,3.158
1749266429,3.16300000,19447.07000000,3.158
1749266429,3.16400000,3670.76000000,3.158
1749266429,3.16500000,3109.38000000,3.158
1749266429,3.16600000,3719.24000000,3.158
1749266429,3.16700000,3697.04000000,3.158
1749266429,3.16800000,2134.35000000,3.158
1749266429,3.16900000,1117.13000000,3.158
1749266429,3.17000000,3359.44000000,3.158
1749266429,3.17100000,11160.53000000,3.158
1749266429,3.17200000,775.64000000,3.158
1749266429,3.17300000,1676.41000000,3.158
1749266429,3.17400000,1600.87000000,3.158
1749266429,3.17500000,1401.31000000,3.158
1749266429,3.17600000,3406.56000000,3.158
1749266429,3.17700000,1186.37000000,3.158
1749266429,3.17800000,1414.57000000,3.158
1749266429,3.17900000,378.37000000,3.158
1749266429,3.18000000,1289.05000000,3.158
1749266429,3.18100000,11304.67000000,3.158
1749266429,3.18200000,199.86000000,3.158
1749266429,3.18300000,105.56000000,3.158
1749266429,3.18400000,10203.64000000,3.158
1749266429,3.18500000,191.95000000,3.158
1749266429,3.18600000,39632.49000000,3.158
1749266429,3.18700000,13363.40000000,3.158
1749266429,3.18800000,397.50000000,3.158
1749266429,3.18900000,433.64000000,3.158
1749266429,3.19000000,297.64000000,3.158
1749266429,3.19100000,336.68000000,3.158
1749266429,3.19200000,44.93000000,3.158
1749266429,3.19300000,43.98000000,3.158
1749266429,3.19400000,369.86000000,3.158
1749266429,3.19500000,60.24000000,3.158
1749266429,3.19600000,154.34000000,3.158
1749266429,3.19700000,9.18000000,3.158
1749266429,3.19800000,100.41000000,3.158
1749266429,3.19900000,149.60000000,3.158
1749266429,3.20000000,15993.39000000,3.158
1749266429,3.20100000,361.96000000,3.158
1749266429,3.20200000,40.43000000,3.158
1749266429,3.20300000,43.15000000,3.158
1749266429,3.20400000,19.67000000,3.158
1749266429,3.20500000,36.69000000,3.158
1749266429,3.20600000,40.51000000,3.158
1749266429,3.20700000,58.24000000,3.158
1749266429,3.20800000,34617.50000000,3.158
1749266429,3.20900000,10.86000000,3.158
1749266429,3.21000000,2024.36000000,3.158
1749266429,3.21100000,3.17000000,3.158
1749266429,3.21200000,108.40000000,3.158
1749266429,3.21300000,4.93000000,3.158
1749266429,3.21400000,19.44000000,3.158
1749266429,3.21500000,613.06000000,3.158
1749266429,3.21600000,13.17000000,3.158
1749266429,3.21700000,34.59000000,3.158
1749266429,3.21800000,388.99000000,3.158
1749266429,3.21900000,102774.15000000,3.158
1749266429,3.22000000,71207.02000000,3.158
1749266429,3.22100000,12.18000000,3.158
1749266429,3.22200000,25.94000000,3.158
1749266429,3.22300000,10.22000000,3.158
1749266429,3.22400000,3.18000000,3.158
1749266429,3.22500000,2612.00000000,3.158
1749266429,3.22600000,78.27000000,3.158
1749266429,3.22700000,25.03000000,3.158
1749266429,3.22800000,30.65000000,3.158
1749266429,3.22900000,8.52000000,3.158
1749266429,3.23000000,1095.97000000,3.158
1749266429,3.23100000,17.67000000,3.158
1749266429,3.23200000,63.82000000,3.158
1749266429,3.23300000,69.09000000,3.158
1749266429,3.23400000,130.42000000,3.158
1749266429,3.23500000,10.66000000,3.158
1749266429,3.23600000,331.18000000,3.158
1749266429,3.23700000,21.64000000,3.158
1749266429,3.23800000,59.67000000,3.158
1749266429,3.23900000,40.22000000,3.158
1749266429,3.24000000,1717.04000000,3.158
1749266429,3.24100000,37.49000000,3.158
1749266429,3.24200000,71.42000000,3.158
1749266429,3.24300000,694.95000000,3.158
1749266429,3.24400000,3.87000000,3.158
1749266429,3.24500000,70.27000000,3.158
1749266429,3.24600000,134.87000000,3.158
1749266429,3.24700000,137.76000000,3.158
1749266429,3.24800000,360.64000000,3.158
1749266429,3.24900000,14.72000000,3.158
1749266429,3.25000000,3895.30000000,3.158
1749266429,3.25100000,9.65000000,3.158
1749266429,3.25200000,9.15000000,3.158
1749266429,3.25300000,1701.46000000,3.158
1749266429,3.25400000,88.70000000,3.158
1749266429,3.25500000,94.66000000,3.158
1749266429,3.25600000,659.29000000,3.158
1749266429,3.25700000,133.43000000,3.158
1749266730,3.16200000,3853.99000000,3.162
1749266730,3.16300000,3312.50000000,3.162
1749266730,3.16400000,3456.03000000,3.162
1749266730,3.16500000,5679.23000000,3.162
1749266730,3.16600000,11629.79000000,3.162
1749266730,3.16700000,4555.16000000,3.162
1749266730,3.16800000,4327.61000000,3.162
1749266730,3.16900000,2511.43000000,3.162
1749266730,3.17000000,1749.20000000,3.162
1749266730,3.17100000,3056.84000000,3.162
1749266730,3.17200000,3563.75000000,3.162
1749266730,3.17300000,1079.21000000,3.162
1749266730,3.17400000,1640.88000000,3.162
1749266730,3.17500000,11515.04000000,3.162
1749266730,3.17600000,3406.56000000,3.162
1749266730,3.17700000,9023.30000000,3.162
1749266730,3.17800000,839.25000000,3.162
1749266730,3.17900000,378.37000000,3.162
1749266730,3.18000000,1289.05000000,3.162
1749266730,3.18100000,11304.67000000,3.162
1749266730,3.18200000,90.64000000,3.162
1749266730,3.18300000,916.68000000,3.162
1749266730,3.18400000,366.06000000,3.162
1749266730,3.18500000,345.18000000,3.162
1749266730,3.18600000,489.11000000,3.162
1749266730,3.18700000,13363.40000000,3.162
1749266730,3.18800000,397.50000000,3.162
1749266730,3.18900000,433.64000000,3.162
1749266730,3.19000000,38435.26000000,3.162
1749266730,3.19100000,1982.39000000,3.162
1749266730,3.19200000,44.93000000,3.162
1749266730,3.19300000,43.98000000,3.162
1749266730,3.19400000,369.86000000,3.162
1749266730,3.19500000,60.24000000,3.162
1749266730,3.19600000,154.34000000,3.162
1749266730,3.19700000,9.18000000,3.162
1749266730,3.19800000,100.41000000,3.162
1749266730,3.19900000,127.79000000,3.162
1749266730,3.20000000,15993.39000000,3.162
1749266730,3.20100000,361.96000000,3.162
1749266730,3.20200000,40.43000000,3.162
1749266730,3.20300000,43.15000000,3.162
1749266730,3.20400000,19.67000000,3.162
1749266730,3.20500000,36.69000000,3.162
1749266730,3.20600000,40.51000000,3.162
1749266730,3.20700000,58.24000000,3.162
1749266730,3.20800000,34617.50000000,3.162
1749266730,3.20900000,10.86000000,3.162
1749266730,3.21000000,2024.36000000,3.162
1749266730,3.21100000,3.17000000,3.162
1749266730,3.21200000,108.40000000,3.162
1749266730,3.21300000,4.93000000,3.162
1749266730,3.21400000,19.44000000,3.162
1749266730,3.21500000,613.06000000,3.162
1749266730,3.21600000,13.17000000,3.162
1749266730,3.21700000,34.59000000,3.162
1749266730,3.21800000,388.99000000,3.162
1749266730,3.21900000,61.64000000,3.162
1749266730,3.22000000,71521.42000000,3.162
1749266730,3.22100000,12.18000000,3.162
1749266730,3.22200000,22.87000000,3.162
1749266730,3.22300000,100420.07000000,3.162
1749266730,3.22400000,3.18000000,3.162
1749266730,3.22500000,2586.81000000,3.162
1749266730,3.22600000,78.27000000,3.162
1749266730,3.22700000,25.03000000,3.162
1749266730,3.22800000,30.65000000,3.162
1749266730,3.22900000,8.52000000,3.162
1749266730,3.23000000,1095.97000000,3.162
1749266730,3.23100000,17.67000000,3.162
1749266730,3.23200000,63.82000000,3.162
1749266730,3.23300000,69.09000000,3.162
1749266730,3.23400000,133.59000000,3.162
1749266730,3.23500000,13.83000000,3.162
1749266730,3.23600000,334.35000000,3.162
1749266730,3.23700000,24.81000000,3.162
1749266730,3.23800000,138.46000000,3.162
1749266730,3.23900000,40.22000000,3.162
1749266730,3.24000000,1717.04000000,3.162
1749266730,3.24100000,37.49000000,3.162
1749266730,3.24200000,71.42000000,3.162
1749266730,3.24300000,694.95000000,3.162
1749266730,3.24400000,3.87000000,3.162
1749266730,3.24500000,70.27000000,3.162
1749266730,3.24600000,134.87000000,3.162
1749266730,3.24700000,58.97000000,3.162
1749266730,3.24800000,360.64000000,3.162
1749266730,3.24900000,14.72000000,3.162
1749266730,3.25000000,3895.30000000,3.162
1749266730,3.25100000,9.65000000,3.162
1749266730,3.25200000,9.15000000,3.162
1749266730,3.25300000,2059.20000000,3.162
1749266730,3.25400000,88.70000000,3.162
1749266730,3.25500000,94.66000000,3.162
1749266730,3.25600000,659.29000000,3.162
1749266730,3.25700000,133.43000000,3.162
1749266730,3.25800000,102.64000000,3.162
1749266730,3.25900000,109.51000000,3.162
1749266730,3.26000000,907.59000000,3.162
1749266730,3.26100000,5.27000000,3.162
1749267032,3.15900000,1533.88000000,3.159
1749267032,3.16000000,2681.21000000,3.159
1749267032,3.16100000,7883.81000000,3.159
1749267032,3.16200000,21517.23000000,3.159
1749267032,3.16300000,9618.17000000,3.159
1749267032,3.16400000,4768.90000000,3.159
1749267032,3.16500000,3922.96000000,3.159
1749267032,3.16600000,5132.37000000,3.159
1749267032,3.16700000,3792.11000000,3.159
1749267032,3.16800000,4156.45000000,3.159
1749267032,3.16900000,1045.48000000,3.159
1749267032,3.17000000,757.88000000,3.159
1749267032,3.17100000,4843.96000000,3.159
1749267032,3.17200000,10226.09000000,3.159
1749267032,3.17300000,1079.21000000,3.159
1749267032,3.17400000,784.00000000,3.159
1749267032,3.17500000,1442.13000000,3.159
1749267032,3.17600000,3406.56000000,3.159
1749267032,3.17700000,9023.30000000,3.159
1749267032,3.17800000,839.25000000,3.159
1749267032,3.17900000,1509.30000000,3.159
1749267032,3.18000000,1599.55000000,3.159
1749267032,3.18100000,11304.67000000,3.159
1749267032,3.18200000,554.37000000,3.159
1749267032,3.18300000,416.06000000,3.159
1749267032,3.18400000,676.56000000,3.159
1749267032,3.18500000,191.95000000,3.159
1749267032,3.18600000,489.11000000,3.159
1749267032,3.18700000,36845.93000000,3.159
1749267032,3.18800000,419.31000000,3.159
1749267032,3.18900000,433.64000000,3.159
1749267032,3.19000000,15959.48000000,3.159
1749267032,3.19100000,1982.39000000,3.159
1749267032,3.19200000,44.93000000,3.159
1749267032,3.19300000,43.98000000,3.159
1749267032,3.19400000,369.86000000,3.159
1749267032,3.19500000,60.24000000,3.159
1749267032,3.19600000,154.34000000,3.159
1749267032,3.19700000,9.18000000,3.159
1749267032,3.19800000,100.41000000,3.159
1749267032,3.19900000,127.79000000,3.159
1749267032,3.20000000,15993.39000000,3.159
1749267032,3.20100000,361.96000000,3.159
1749267032,3.20200000,40.43000000,3.159
1749267032,3.20300000,43.15000000,3.159
1749267032,3.20400000,19.67000000,3.159
1749267032,3.20500000,36.69000000,3.159
1749267032,3.20600000,40.51000000,3.159
1749267032,3.20700000,58.24000000,3.159
1749267032,3.20800000,34617.50000000,3.159
1749267032,3.20900000,10.86000000,3.159
1749267032,3.21000000,2024.36000000,3.159
1749267032,3.21100000,3.17000000,3.159
1749267032,3.21200000,108.40000000,3.159
1749267032,3.21300000,4.93000000,3.159
1749267032,3.21400000,19.44000000,3.159
1749267032,3.21500000,613.06000000,3.159
1749267032,3.21600000,13.17000000,3.159
1749267032,3.21700000,34.59000000,3.159
1749267032,3.21800000,388.99000000,3.159
1749267032,3.21900000,100787.08000000,3.159
1749267032,3.22000000,71521.42000000,3.159
1749267032,3.22100000,12.18000000,3.159
1749267032,3.22200000,22.87000000,3.159
1749267032,3.22300000,10.22000000,3.159
1749267032,3.22400000,3.18000000,3.159
1749267032,3.22500000,2586.81000000,3.159
1749267032,3.22600000,78.27000000,3.159
1749267032,3.22700000,25.03000000,3.159
1749267032,3.22800000,30.65000000,3.159
1749267032,3.22900000,8.52000000,3.159
1749267032,3.23000000,1095.97000000,3.159
1749267032,3.23100000,17.67000000,3.159
1749267032,3.23200000,63.82000000,3.159
1749267032,3.23300000,69.09000000,3.159
1749267032,3.23400000,133.59000000,3.159
1749267032,3.23500000,10.66000000,3.159
1749267032,3.23600000,331.18000000,3.159
1749267032,3.23700000,21.64000000,3.159
1749267032,3.23800000,138.46000000,3.159
1749267032,3.23900000,40.22000000,3.159
1749267032,3.24000000,1717.04000000,3.159
1749267032,3.24100000,37.49000000,3.159
1749267032,3.24200000,71.42000000,3.159
1749267032,3.24300000,694.95000000,3.159
1749267032,3.24400000,3.87000000,3.159
1749267032,3.24500000,70.27000000,3.159
1749267032,3.24600000,134.87000000,3.159
1749267032,3.24700000,58.97000000,3.159
1749267032,3.24800000,360.64000000,3.159
1749267032,3.24900000,14.72000000,3.159
1749267032,3.25000000,3895.30000000,3.159
1749267032,3.25100000,9.65000000,3.159
1749267032,3.25200000,9.15000000,3.159
1749267032,3.25300000,1701.46000000,3.159
1749267032,3.25400000,88.70000000,3.159
1749267032,3.25500000,94.66000000,3.159
1749267032,3.25600000,1017.03000000,3.159
1749267032,3.25700000,133.43000000,3.159
1749267032,3.25800000,102.64000000,3.159
1749267333,3.16000000,1884.07000000,3.16
1749267333,3.16100000,2275.50000000,3.16
1749267333,3.16200000,4015.80000000,3.16
1749267333,3.16300000,5985.57000000,3.16
1749267333,3.16400000,11946.94000000,3.16
1749267333,3.16500000,3880.77000000,3.16
1749267333,3.16600000,5119.15000000,3.16
1749267333,3.16700000,2879.28000000,3.16
1749267333,3.16800000,2619.78000000,3.16
1749267333,3.16900000,1403.23000000,3.16
1749267333,3.17000000,757.88000000,3.16
1749267333,3.17100000,1233.96000000,3.16
1749267333,3.17200000,10859.31000000,3.16
1749267333,3.17300000,5216.48000000,3.16
1749267333,3.17400000,800.94000000,3.16
1749267333,3.17500000,1442.13000000,3.16
1749267333,3.17600000,4202.06000000,3.16
1749267333,3.17700000,8786.88000000,3.16
1749267333,3.17800000,347.26000000,3.16
1749267333,3.17900000,2026.21000000,3.16
1749267333,3.18000000,1599.55000000,3.16
1749267333,3.18100000,11304.67000000,3.16
1749267333,3.18200000,401.14000000,3.16
1749267333,3.18300000,48.62000000,3.16
1749267333,3.18400000,2015.39000000,3.16
1749267333,3.18500000,15844.98000000,3.16
1749267333,3.18600000,489.11000000,3.16
1749267333,3.18700000,13363.40000000,3.16
1749267333,3.18800000,23160.51000000,3.16
1749267333,3.18900000,433.64000000,3.16
1749267333,3.19000000,297.64000000,3.16
1749267333,3.19100000,336.68000000,3.16
1749267333,3.19200000,44.93000000,3.16
1749267333,3.19300000,2283.81000000,3.16
1749267333,3.19400000,369.86000000,3.16
1749267333,3.19500000,60.24000000,3.16
1749267333,3.19600000,154.34000000,3.16
1749267333,3.19700000,9.18000000,3.16
1749267333,3.19800000,100.41000000,3.16
1749267333,3.19900000,165.81000000,3.16
1749267333,3.20000000,15993.39000000,3.16
1749267333,3.20100000,360.32000000,3.16
1749267333,3.20200000,40.43000000,3.16
1749267333,3.20300000,43.15000000,3.16
1749267333,3.20400000,34325.17000000,3.16
1749267333,3.20500000,627.33000000,3.16
1749267333,3.20600000,40.51000000,3.16
1749267333,3.20700000,83.43000000,3.16
1749267333,3.20800000,338.57000000,3.16
1749267333,3.20900000,10.86000000,3.16
1749267333,3.21000000,2024.36000000,3.16
1749267333,3.21100000,3.17000000,3.16
1749267333,3.21200000,108.40000000,3.16
1749267333,3.21300000,4.93000000,3.16
1749267333,3.21400000,19.44000000,3.16
1749267333,3.21500000,22.42000000,3.16
1749267333,3.21600000,62.97000000,3.16
1749267333,3.21700000,34.59000000,3.16
1749267333,3.21800000,339.19000000,3.16
1749267333,3.21900000,99410.76000000,3.16
1749267333,3.22000000,71521.42000000,3.16
1749267333,3.22100000,12.18000000,3.16
1749267333,3.22200000,22.87000000,3.16
1749267333,3.22300000,10.22000000,3.16
1749267333,3.22400000,3.18000000,3.16
1749267333,3.22500000,2586.81000000,3.16
1749267333,3.22600000,78.27000000,3.16
1749267333,3.22700000,25.03000000,3.16
1749267333,3.22800000,30.65000000,3.16
1749267333,3.22900000,8.52000000,3.16
1749267333,3.23000000,1095.97000000,3.16
1749267333,3.23100000,17.67000000,3.16
1749267333,3.23200000,63.82000000,3.16
1749267333,3.23300000,69.09000000,3.16
1749267333,3.23400000,133.59000000,3.16
1749267333,3.23500000,13.83000000,3.16
1749267333,3.23600000,331.18000000,3.16
1749267333,3.23700000,21.64000000,3.16
1749267333,3.23800000,138.46000000,3.16
1749267333,3.23900000,40.22000000,3.16
1749267333,3.24000000,1717.04000000,3.16
1749267333,3.24100000,37.49000000,3.16
1749267333,3.24200000,71.42000000,3.16
1749267333,3.24300000,694.95000000,3.16
1749267333,3.24400000,3.87000000,3.16
1749267333,3.24500000,70.27000000,3.16
1749267333,3.24600000,134.87000000,3.16
1749267333,3.24700000,58.97000000,3.16
1749267333,3.24800000,360.64000000,3.16
1749267333,3.24900000,14.72000000,3.16
1749267333,3.25000000,3895.30000000,3.16
1749267333,3.25100000,368.90000000,3.16
1749267333,3.25200000,9.15000000,3.16
1749267333,3.25300000,1701.46000000,3.16
1749267333,3.25400000,88.70000000,3.16
1749267333,3.25500000,94.66000000,3.16
1749267333,3.25600000,659.29000000,3.16
1749267333,3.25700000,133.43000000,3.16
1749267333,3.25800000,102.64000000,3.16
1749267333,3.25900000,109.51000000,3.16
1749267635,3.16300000,452.47000000,3.162
1749267635,3.16400000,2339.93000000,3.162
1749267635,3.16500000,2989.56000000,3.162
1749267635,3.16600000,5309.33000000,3.162
1749267635,3.16700000,11176.71000000,3.162
1749267635,3.16800000,4213.49000000,3.162
1749267635,3.16900000,4700.57000000,3.162
1749267635,3.17000000,3985.74000000,3.162
1749267635,3.17100000,2071.02000000,3.162
1749267635,3.17200000,3185.37000000,3.162
1749267635,3.17300000,1079.20000000,3.162
1749267635,3.17400000,3868.46000000,3.162
1749267635,3.17500000,11516.84000000,3.162
1749267635,3.17600000,3341.17000000,3.162
1749267635,3.17700000,8628.58000000,3.162
1749267635,3.17800000,509.92000000,3.162
1749267635,3.17900000,1872.98000000,3.162
1749267635,3.18000000,1599.55000000,3.162
1749267635,3.18100000,12113.47000000,3.162
1749267635,3.18200000,124.05000000,3.162
1749267635,3.18300000,360.05000000,3.162
1749267635,3.18400000,2015.39000000,3.162
1749267635,3.18500000,158.55000000,3.162
1749267635,3.18600000,489.11000000,3.162
1749267635,3.18700000,13363.40000000,3.162
1749267635,3.18800000,397.50000000,3.162
1749267635,3.18900000,433.64000000,3.162
1749267635,3.19000000,15981.29000000,3.162
1749267635,3.19100000,23326.93000000,3.162
1749267635,3.19200000,44.93000000,3.162
1749267635,3.19300000,43.98000000,3.162
1749267635,3.19400000,369.86000000,3.162
1749267635,3.19500000,60.24000000,3.162
1749267635,3.19600000,154.34000000,3.162
1749267635,3.19700000,9.18000000,3.162
1749267635,3.19800000,100.41000000,3.162
1749267635,3.19900000,127.79000000,3.162
1749267635,3.20000000,18195.83000000,3.162
1749267635,3.20100000,360.32000000,3.162
1749267635,3.20200000,40.43000000,3.162
1749267635,3.20300000,43.15000000,3.162
1749267635,3.20400000,34325.17000000,3.162
1749267635,3.20500000,627.33000000,3.162
1749267635,3.20600000,40.51000000,3.162
1749267635,3.20700000,58.24000000,3.162
1749267635,3.20800000,35.25000000,3.162
1749267635,3.20900000,10.86000000,3.162
1749267635,3.21000000,2024.36000000,3.162
1749267635,3.21100000,3.17000000,3.162
1749267635,3.21200000,108.40000000,3.162
1749267635,3.21300000,4.93000000,3.162
1749267635,3.21400000,19.44000000,3.162
1749267635,3.21500000,22.42000000,3.162
1749267635,3.21600000,62.97000000,3.162
1749267635,3.21700000,34.59000000,3.162
1749267635,3.21800000,339.19000000,3.162
1749267635,3.21900000,61.64000000,3.162
1749267635,3.22000000,71521.42000000,3.162
1749267635,3.22100000,12.18000000,3.162
1749267635,3.22200000,22.87000000,3.162
1749267635,3.22300000,100782.43000000,3.162
1749267635,3.22400000,3.18000000,3.162
1749267635,3.22500000,2586.81000000,3.162
1749267635,3.22600000,78.27000000,3.162
1749267635,3.22700000,25.03000000,3.162
1749267635,3.22800000,30.65000000,3.162
1749267635,3.22900000,8.52000000,3.162
1749267635,3.23000000,1095.97000000,3.162
1749267635,3.23100000,17.67000000,3.162
1749267635,3.23200000,63.82000000,3.162
1749267635,3.23300000,69.09000000,3.162
1749267635,3.23400000,133.59000000,3.162
1749267635,3.23500000,13.83000000,3.162
1749267635,3.23600000,334.35000000,3.162
1749267635,3.23700000,24.81000000,3.162
1749267635,3.23800000,141.63000000,3.162
1749267635,3.23900000,40.22000000,3.162
1749267635,3.24000000,1717.04000000,3.162
1749267635,3.24100000,37.49000000,3.162
1749267635,3.24200000,71.42000000,3.162
1749267635,3.24300000,694.95000000,3.162
1749267635,3.24400000,3.87000000,3.162
1749267635,3.24500000,19.36000000,3.162
1749267635,3.24600000,134.87000000,3.162
1749267635,3.24700000,58.97000000,3.162
