timestamp,price,volume,current_price
1749254484,3.15900000,3108.42000000,3.159
1749254484,3.16000000,2862.98000000,3.159
1749254484,3.16100000,2177.79000000,3.159
1749254484,3.16200000,4022.96000000,3.159
1749254484,3.16300000,8492.13000000,3.159
1749254484,3.16400000,2979.57000000,3.159
1749254484,3.16500000,2540.64000000,3.159
1749254484,3.16600000,2517.78000000,3.159
1749254484,3.16700000,4558.38000000,3.159
1749254484,3.16800000,1106.42000000,3.159
1749254484,3.16900000,4966.12000000,3.159
1749254484,3.17000000,813.84000000,3.159
1749254484,3.17100000,1707.33000000,3.159
1749254484,3.17200000,10152.31000000,3.159
1749254484,3.17300000,4254.59000000,3.159
1749254484,3.17400000,8229.42000000,3.159
1749254484,3.17500000,753.08000000,3.159
1749254484,3.17600000,221.56000000,3.159
1749254484,3.17700000,1862.11000000,3.159
1749254484,3.17800000,10713.46000000,3.159
1749254484,3.17900000,467.73000000,3.159
1749254484,3.18000000,14771.30000000,3.159
1749254484,3.18100000,384.92000000,3.159
1749254484,3.18200000,46.63000000,3.159
1749254484,3.18300000,132.06000000,3.159
1749254484,3.18400000,385.61000000,3.159
1749254484,3.18500000,17443.72000000,3.159
1749254484,3.18600000,489.11000000,3.159
1749254484,3.18700000,5128.25000000,3.159
1749254484,3.18800000,397.49000000,3.159
1749254484,3.18900000,143.48000000,3.159
1749254484,3.19000000,287.62000000,3.159
1749254484,3.19100000,2571.09000000,3.159
1749254484,3.19200000,71.25000000,3.159
1749254484,3.19300000,49.66000000,3.159
1749254484,3.19400000,369.85000000,3.159
1749254484,3.19500000,91.80000000,3.159
1749254484,3.19600000,116.65000000,3.159
1749254484,3.19700000,51.96000000,3.159
1749254484,3.19800000,100.41000000,3.159
1749254484,3.19900000,765.43000000,3.159
1749254484,3.20000000,11271.20000000,3.159
1749254484,3.20100000,352.95000000,3.159
1749254484,3.20200000,15612.26000000,3.159
1749254484,3.20300000,43.15000000,3.159
1749254484,3.20400000,69.47000000,3.159
1749254484,3.20500000,25727.17000000,3.159
1749254484,3.20600000,18.93000000,3.159
1749254484,3.20700000,34334.39000000,3.159
1749254484,3.20800000,15.87000000,3.159
1749254484,3.20900000,10.86000000,3.159
1749254484,3.21000000,377.13000000,3.159
1749254484,3.21100000,46.75000000,3.159
1749254484,3.21200000,113.07000000,3.159
1749254484,3.21300000,4.93000000,3.159
1749254484,3.21400000,21.31000000,3.159
1749254484,3.21500000,22.42000000,3.159
1749254484,3.21600000,13.17000000,3.159
1749254484,3.21700000,25361.20000000,3.159
1749254484,3.21800000,339.17000000,3.159
1749254484,3.21900000,20.79000000,3.159
1749254484,3.22000000,71208.98000000,3.159
1749254484,3.22100000,12.16000000,3.159
1749254484,3.22200000,16.73000000,3.159
1749254484,3.22300000,10.22000000,3.159
1749254484,3.22400000,5.35000000,3.159
1749254484,3.22500000,2528.63000000,3.159
1749254484,3.22600000,157.06000000,3.159
1749254484,3.22700000,25.03000000,3.159
1749254484,3.22800000,30.65000000,3.159
1749254484,3.22900000,8.52000000,3.159
1749254484,3.23000000,1095.97000000,3.159
1749254484,3.23100000,330.53000000,3.159
1749254484,3.23200000,204.49000000,3.159
1749254484,3.23300000,66.33000000,3.159
1749254484,3.23400000,8.82000000,3.159
1749254484,3.23500000,22.60000000,3.159
1749254484,3.23600000,331.18000000,3.159
1749254484,3.23700000,944.52000000,3.159
1749254484,3.23800000,59.67000000,3.159
1749254484,3.23900000,40.22000000,3.159
1749254484,3.24000000,1709.13000000,3.159
1749254484,3.24100000,23.56000000,3.159
1749254484,3.24200000,52.55000000,3.159
1749254484,3.24300000,570.18000000,3.159
1749254484,3.24400000,128.64000000,3.159
1749254484,3.24500000,374.89000000,3.159
1749254484,3.24600000,137.33000000,3.159
1749254484,3.24700000,960.41000000,3.159
1749254484,3.24800000,47.78000000,3.159
1749254484,3.24900000,14.72000000,3.159
1749254484,3.25000000,3694.33000000,3.159
1749254484,3.25100000,16.08000000,3.159
1749254484,3.25200000,9.15000000,3.159
1749254484,3.25300000,1701.46000000,3.159
1749254484,3.25400000,91.47000000,3.159
1749254484,3.25500000,94.66000000,3.159
1749254484,3.25600000,659.29000000,3.159
1749254484,3.25700000,133.43000000,3.159
1749254484,3.25800000,102.64000000,3.159
1749254786,3.15000000,1194.96000000,3.15
1749254786,3.15100000,1762.98000000,3.15
1749254786,3.15200000,2982.23000000,3.15
1749254786,3.15300000,3631.38000000,3.15
1749254786,3.15400000,10711.35000000,3.15
1749254786,3.15500000,3639.31000000,3.15
1749254786,3.15600000,3545.61000000,3.15
1749254786,3.15700000,4029.51000000,3.15
1749254786,3.15800000,3173.34000000,3.15
1749254786,3.15900000,5893.88000000,3.15
1749254786,3.16000000,3019.21000000,3.15
1749254786,3.16100000,1366.28000000,3.15
1749254786,3.16200000,10281.55000000,3.15
1749254786,3.16300000,1718.89000000,3.15
1749254786,3.16400000,2204.67000000,3.15
1749254786,3.16500000,1101.94000000,3.15
1749254786,3.16600000,662.77000000,3.15
1749254786,3.16700000,3985.01000000,3.15
1749254786,3.16800000,1980.59000000,3.15
1749254786,3.16900000,1113.91000000,3.15
1749254786,3.17000000,1661.28000000,3.15
1749254786,3.17100000,1392.58000000,3.15
1749254786,3.17200000,98.07000000,3.15
1749254786,3.17300000,375.92000000,3.15
1749254786,3.17400000,7918.92000000,3.15
1749254786,3.17500000,753.08000000,3.15
1749254786,3.17600000,62.27000000,3.15
1749254786,3.17700000,490.64000000,3.15
1749254786,3.17800000,34098.94000000,3.15
1749254786,3.17900000,462.94000000,3.15
1749254786,3.18000000,30483.65000000,3.15
1749254786,3.18100000,388.29000000,3.15
1749254786,3.18200000,46.63000000,3.15
1749254786,3.18300000,132.06000000,3.15
1749254786,3.18400000,385.61000000,3.15
1749254786,3.18500000,1751.25000000,3.15
1749254786,3.18600000,489.11000000,3.15
1749254786,3.18700000,5131.62000000,3.15
1749254786,3.18800000,397.49000000,3.15
1749254786,3.18900000,143.48000000,3.15
1749254786,3.19000000,287.62000000,3.15
1749254786,3.19100000,2571.09000000,3.15
1749254786,3.19200000,66.46000000,3.15
1749254786,3.19300000,53.03000000,3.15
1749254786,3.19400000,369.85000000,3.15
1749254786,3.19500000,91.80000000,3.15
1749254786,3.19600000,116.65000000,3.15
1749254786,3.19700000,42.38000000,3.15
1749254786,3.19800000,107.15000000,3.15
1749254786,3.19900000,735.93000000,3.15
1749254786,3.20000000,11271.20000000,3.15
1749254786,3.20100000,352.95000000,3.15
1749254786,3.20200000,15612.26000000,3.15
1749254786,3.20300000,43.15000000,3.15
1749254786,3.20400000,98.97000000,3.15
1749254786,3.20500000,25727.17000000,3.15
1749254786,3.20600000,18.93000000,3.15
1749254786,3.20700000,34334.39000000,3.15
1749254786,3.20800000,15.87000000,3.15
1749254786,3.20900000,10.86000000,3.15
1749254786,3.21000000,377.13000000,3.15
1749254786,3.21100000,101697.66000000,3.15
1749254786,3.21200000,113.07000000,3.15
1749254786,3.21300000,4.93000000,3.15
1749254786,3.21400000,21.31000000,3.15
1749254786,3.21500000,22.42000000,3.15
1749254786,3.21600000,13.17000000,3.15
1749254786,3.21700000,25361.20000000,3.15
1749254786,3.21800000,339.17000000,3.15
1749254786,3.21900000,20.79000000,3.15
1749254786,3.22000000,71208.98000000,3.15
1749254786,3.22100000,12.16000000,3.15
1749254786,3.22200000,16.73000000,3.15
1749254786,3.22300000,26.12000000,3.15
1749254786,3.22400000,5.35000000,3.15
1749254786,3.22500000,2528.63000000,3.15
1749254786,3.22600000,169.52000000,3.15
1749254786,3.22700000,21.85000000,3.15
1749254786,3.22800000,27.47000000,3.15
1749254786,3.22900000,5.34000000,3.15
1749254786,3.23000000,1092.79000000,3.15
1749254786,3.23100000,327.36000000,3.15
1749254786,3.23200000,185.42000000,3.15
1749254786,3.23300000,63.16000000,3.15
1749254786,3.23400000,5.65000000,3.15
1749254786,3.23500000,6.96000000,3.15
1749254786,3.23600000,331.18000000,3.15
1749254786,3.23700000,944.52000000,3.15
1749254786,3.23800000,59.67000000,3.15
1749254786,3.23900000,40.22000000,3.15
1749254786,3.24000000,1709.13000000,3.15
1749254786,3.24100000,23.56000000,3.15
1749254786,3.24200000,52.55000000,3.15
1749254786,3.24300000,570.18000000,3.15
1749254786,3.24400000,128.64000000,3.15
1749254786,3.24500000,15.64000000,3.15
1749254786,3.24600000,137.33000000,3.15
1749254786,3.24700000,960.41000000,3.15
1749254786,3.24800000,47.78000000,3.15
1749254786,3.24900000,14.72000000,3.15
