timestamp,price,volume,current_price
1749258254,3.16500000,396.79000000,3.165
1749258254,3.16600000,3164.81000000,3.165
1749258254,3.16700000,3651.32000000,3.165
1749258254,3.16800000,6625.66000000,3.165
1749258254,3.16900000,11084.36000000,3.165
1749258254,3.17000000,3626.89000000,3.165
1749258254,3.17100000,3218.95000000,3.165
1749258254,3.17200000,3172.81000000,3.165
1749258254,3.17300000,2657.20000000,3.165
1749258254,3.17400000,3325.46000000,3.165
1749258254,3.17500000,1583.26000000,3.165
1749258254,3.17600000,4411.38000000,3.165
1749258254,3.17700000,10839.18000000,3.165
1749258254,3.17800000,439.21000000,3.165
1749258254,3.17900000,412.15000000,3.165
1749258254,3.18000000,1723.67000000,3.165
1749258254,3.18100000,11397.43000000,3.165
1749258254,3.18200000,60.82000000,3.165
1749258254,3.18300000,245.34000000,3.165
1749258254,3.18400000,11485.79000000,3.165
1749258254,3.18500000,1422.20000000,3.165
1749258254,3.18600000,13911.91000000,3.165
1749258254,3.18700000,103.60000000,3.165
1749258254,3.18800000,405.39000000,3.165
1749258254,3.18900000,143.48000000,3.165
1749258254,3.19000000,1111.70000000,3.165
1749258254,3.19100000,579.54000000,3.165
1749258254,3.19200000,54.81000000,3.165
1749258254,3.19300000,22800.11000000,3.165
1749258254,3.19400000,338.27000000,3.165
1749258254,3.19500000,60.24000000,3.165
1749258254,3.19600000,15745.17000000,3.165
1749258254,3.19700000,4198.06000000,3.165
1749258254,3.19800000,107.45000000,3.165
1749258254,3.19900000,26.23000000,3.165
1749258254,3.20000000,11281.20000000,3.165
1749258254,3.20100000,352.95000000,3.165
1749258254,3.20200000,55.01000000,3.165
1749258254,3.20300000,2242.59000000,3.165
1749258254,3.20400000,150.99000000,3.165
1749258254,3.20500000,25695.09000000,3.165
1749258254,3.20600000,24.64000000,3.165
1749258254,3.20700000,58.24000000,3.165
1749258254,3.20800000,32.08000000,3.165
1749258254,3.20900000,10.86000000,3.165
1749258254,3.21000000,377.13000000,3.165
1749258254,3.21100000,24.98000000,3.165
1749258254,3.21200000,34333.12000000,3.165
1749258254,3.21300000,4.93000000,3.165
1749258254,3.21400000,37.18000000,3.165
1749258254,3.21500000,22.42000000,3.165
1749258254,3.21600000,1721.08000000,3.165
1749258254,3.21700000,25361.22000000,3.165
1749258254,3.21800000,339.19000000,3.165
1749258254,3.21900000,20.81000000,3.165
1749258254,3.22000000,71209.00000000,3.165
1749258254,3.22100000,12.17000000,3.165
1749258254,3.22200000,25.94000000,3.165
1749258254,3.22300000,10.22000000,3.165
1749258254,3.22400000,611.89000000,3.165
1749258254,3.22500000,2572.03000000,3.165
1749258254,3.22600000,99233.09000000,3.165
1749258254,3.22700000,40.67000000,3.165
1749258254,3.22800000,30.65000000,3.165
1749258254,3.22900000,8.52000000,3.165
1749258254,3.23000000,1095.97000000,3.165
1749258254,3.23100000,17.68000000,3.165
1749258254,3.23200000,63.83000000,3.165
1749258254,3.23300000,191.10000000,3.165
1749258254,3.23400000,8.82000000,3.165
1749258254,3.23500000,10.13000000,3.165
1749258254,3.23600000,334.35000000,3.165
1749258254,3.23700000,24.81000000,3.165
1749258254,3.23800000,141.63000000,3.165
1749258254,3.23900000,43.39000000,3.165
1749258254,3.24000000,2084.00000000,3.165
1749258254,3.24100000,23.56000000,3.165
1749258254,3.24200000,52.55000000,3.165
1749258254,3.24300000,694.95000000,3.165
1749258254,3.24400000,3.87000000,3.165
1749258254,3.24500000,15.64000000,3.165
1749258254,3.24600000,137.33000000,3.165
1749258254,3.24700000,65.49000000,3.165
1749258254,3.24800000,47.78000000,3.165
1749258254,3.24900000,14.72000000,3.165
1749258254,3.25000000,3773.54000000,3.165
1749258254,3.25100000,16.08000000,3.165
1749258254,3.25200000,9.15000000,3.165
1749258254,3.25300000,1701.46000000,3.165
1749258254,3.25400000,91.47000000,3.165
1749258254,3.25500000,94.66000000,3.165
1749258254,3.25600000,659.29000000,3.165
1749258254,3.25700000,133.43000000,3.165
1749258254,3.25800000,461.89000000,3.165
1749258254,3.25900000,109.51000000,3.165
1749258254,3.26000000,905.14000000,3.165
1749258254,3.26100000,5.27000000,3.165
1749258254,3.26200000,44.96000000,3.165
1749258254,3.26300000,39.60000000,3.165
1749258254,3.26400000,25.50000000,3.165
1749258567,3.16200000,1360.10000000,3.161
1749258567,3.16300000,2781.14000000,3.161
1749258567,3.16400000,2597.10000000,3.161
1749258567,3.16500000,5131.57000000,3.161
1749258567,3.16600000,10851.89000000,3.161
1749258567,3.16700000,3808.86000000,3.161
1749258567,3.16800000,4622.56000000,3.161
1749258567,3.16900000,2722.30000000,3.161
1749258567,3.17000000,3929.87000000,3.161
1749258567,3.17100000,4981.27000000,3.161
1749258567,3.17200000,917.90000000,3.161
1749258567,3.17300000,1372.96000000,3.161
1749258567,3.17400000,1634.60000000,3.161
1749258567,3.17500000,11148.48000000,3.161
1749258567,3.17600000,450.30000000,3.161
1749258567,3.17700000,3381.65000000,3.161
1749258567,3.17800000,593.96000000,3.161
1749258567,3.17900000,8308.27000000,3.161
1749258567,3.18000000,1715.76000000,3.161
1749258567,3.18100000,388.44000000,3.161
1749258567,3.18200000,10774.27000000,3.161
1749258567,3.18300000,82.68000000,3.161
1749258567,3.18400000,471.04000000,3.161
1749258567,3.18500000,1034.48000000,3.161
1749258567,3.18600000,14254.07000000,3.161
1749258567,3.18700000,103.60000000,3.161
1749258567,3.18800000,397.49000000,3.161
1749258567,3.18900000,143.48000000,3.161
1749258567,3.19000000,39286.82000000,3.161
1749258567,3.19100000,579.54000000,3.161
1749258567,3.19200000,54.81000000,3.161
1749258567,3.19300000,89.08000000,3.161
1749258567,3.19400000,338.27000000,3.161
1749258567,3.19500000,4773.79000000,3.161
1749258567,3.19600000,112.73000000,3.161
1749258567,3.19700000,304.74000000,3.161
1749258567,3.19800000,107.45000000,3.161
1749258567,3.19900000,26.23000000,3.161
1749258567,3.20000000,11281.20000000,3.161
1749258567,3.20100000,1993.52000000,3.161
1749258567,3.20200000,55.01000000,3.161
1749258567,3.20300000,43.15000000,3.161
1749258567,3.20400000,172.80000000,3.161
1749258567,3.20500000,25695.09000000,3.161
1749258567,3.20600000,24.64000000,3.161
1749258567,3.20700000,58.24000000,3.161
1749258567,3.20800000,32.08000000,3.161
1749258567,3.20900000,10.86000000,3.161
1749258567,3.21000000,377.13000000,3.161
1749258567,3.21100000,3.17000000,3.161
1749258567,3.21200000,34333.12000000,3.161
1749258567,3.21300000,4.93000000,3.161
1749258567,3.21400000,37.18000000,3.161
1749258567,3.21500000,22.42000000,3.161
1749258567,3.21600000,88.16000000,3.161
1749258567,3.21700000,25361.22000000,3.161
1749258567,3.21800000,339.19000000,3.161
1749258567,3.21900000,20.81000000,3.161
1749258567,3.22000000,71209.00000000,3.161
1749258567,3.22100000,12.17000000,3.161
1749258567,3.22200000,100620.55000000,3.161
1749258567,3.22300000,10.22000000,3.161
1749258567,3.22400000,611.89000000,3.161
1749258567,3.22500000,2572.03000000,3.161
1749258567,3.22600000,78.27000000,3.161
1749258567,3.22700000,40.67000000,3.161
1749258567,3.22800000,30.65000000,3.161
1749258567,3.22900000,8.52000000,3.161
1749258567,3.23000000,1095.97000000,3.161
1749258567,3.23100000,17.68000000,3.161
1749258567,3.23200000,63.83000000,3.161
1749258567,3.23300000,191.10000000,3.161
1749258567,3.23400000,8.82000000,3.161
1749258567,3.23500000,10.13000000,3.161
1749258567,3.23600000,334.35000000,3.161
1749258567,3.23700000,24.81000000,3.161
1749258567,3.23800000,138.46000000,3.161
1749258567,3.23900000,40.22000000,3.161
1749258567,3.24000000,2021.99000000,3.161
1749258567,3.24100000,23.56000000,3.161
1749258567,3.24200000,52.55000000,3.161
1749258567,3.24300000,694.95000000,3.161
1749258567,3.24400000,3.87000000,3.161
1749258567,3.24500000,15.64000000,3.161
1749258567,3.24600000,137.33000000,3.161
1749258567,3.24700000,65.49000000,3.161
1749258567,3.24800000,47.78000000,3.161
1749258567,3.24900000,14.72000000,3.161
1749258567,3.25000000,3773.54000000,3.161
1749258567,3.25100000,16.08000000,3.161
1749258567,3.25200000,9.15000000,3.161
1749258567,3.25300000,1701.46000000,3.161
1749258567,3.25400000,91.47000000,3.161
1749258567,3.25500000,94.66000000,3.161
1749258567,3.25600000,659.29000000,3.161
1749258567,3.25700000,133.43000000,3.161
1749258567,3.25800000,102.64000000,3.161
1749258567,3.25900000,109.51000000,3.161
1749258567,3.26000000,905.14000000,3.161
1749258567,3.26100000,5.27000000,3.161
1749258877,3.16600000,1492.83000000,3.165
1749258877,3.16700000,2309.64000000,3.165
1749258877,3.16800000,4384.32000000,3.165
1749258877,3.16900000,4999.18000000,3.165
1749258877,3.17000000,11327.81000000,3.165
1749258877,3.17100000,4021.25000000,3.165
1749258877,3.17200000,3978.43000000,3.165
1749258877,3.17300000,3930.44000000,3.165
1749258877,3.17400000,2860.61000000,3.165
1749258877,3.17500000,1707.33000000,3.165
1749258877,3.17600000,1205.75000000,3.165
1749258877,3.17700000,3432.71000000,3.165
1749258877,3.17800000,431.30000000,3.165
1749258877,3.17900000,10473.98000000,3.165
1749258877,3.18000000,1723.66000000,3.165
1749258877,3.18100000,388.44000000,3.165
1749258877,3.18200000,13400.66000000,3.165
1749258877,3.18300000,245.34000000,3.165
1749258877,3.18400000,9722.59000000,3.165
1749258877,3.18500000,263.04000000,3.165
1749258877,3.18600000,13966.70000000,3.165
1749258877,3.18700000,103.60000000,3.165
1749258877,3.18800000,397.49000000,3.165
1749258877,3.18900000,143.48000000,3.165
1749258877,3.19000000,312.81000000,3.165
1749258877,3.19100000,426.31000000,3.165
1749258877,3.19200000,856.86000000,3.165
1749258877,3.19300000,158.56000000,3.165
1749258877,3.19400000,39328.14000000,3.165
1749258877,3.19500000,4905.71000000,3.165
1749258877,3.19600000,112.73000000,3.165
1749258877,3.19700000,304.74000000,3.165
1749258877,3.19800000,107.45000000,3.165
1749258877,3.19900000,26.23000000,3.165
1749258877,3.20000000,11289.10000000,3.165
1749258877,3.20100000,4223.94000000,3.165
1749258877,3.20200000,55.01000000,3.165
1749258877,3.20300000,43.15000000,3.165
1749258877,3.20400000,69.01000000,3.165
1749258877,3.20500000,25702.99000000,3.165
1749258877,3.20600000,24.64000000,3.165
1749258877,3.20700000,58.24000000,3.165
1749258877,3.20800000,32.08000000,3.165
1749258877,3.20900000,10.86000000,3.165
1749258877,3.21000000,1983.26000000,3.165
1749258877,3.21100000,28.36000000,3.165
1749258877,3.21200000,34333.12000000,3.165
1749258877,3.21300000,4.93000000,3.165
1749258877,3.21400000,37.18000000,3.165
1749258877,3.21500000,30.32000000,3.165
1749258877,3.21600000,62.97000000,3.165
1749258877,3.21700000,25361.22000000,3.165
1749258877,3.21800000,339.19000000,3.165
1749258877,3.21900000,20.81000000,3.165
1749258877,3.22000000,71216.89000000,3.165
1749258877,3.22100000,12.17000000,3.165
1749258877,3.22200000,25.94000000,3.165
1749258877,3.22300000,10.22000000,3.165
1749258877,3.22400000,611.89000000,3.165
1749258877,3.22500000,2572.03000000,3.165
1749258877,3.22600000,102878.33000000,3.165
1749258877,3.22700000,40.67000000,3.165
1749258877,3.22800000,30.65000000,3.165
1749258877,3.22900000,8.52000000,3.165
1749258877,3.23000000,1095.97000000,3.165
1749258877,3.23100000,17.68000000,3.165
1749258877,3.23200000,63.83000000,3.165
1749258877,3.23300000,191.10000000,3.165
1749258877,3.23400000,8.82000000,3.165
1749258877,3.23500000,10.13000000,3.165
1749258877,3.23600000,334.35000000,3.165
1749258877,3.23700000,24.81000000,3.165
1749258877,3.23800000,141.63000000,3.165
1749258877,3.23900000,43.39000000,3.165
1749258877,3.24000000,2025.16000000,3.165
1749258877,3.24100000,26.72000000,3.165
1749258877,3.24200000,52.55000000,3.165
1749258877,3.24300000,694.95000000,3.165
1749258877,3.24400000,3.87000000,3.165
1749258877,3.24500000,15.64000000,3.165
1749258877,3.24600000,137.33000000,3.165
1749258877,3.24700000,65.49000000,3.165
1749258877,3.24800000,47.78000000,3.165
1749258877,3.24900000,14.72000000,3.165
1749258877,3.25000000,3773.54000000,3.165
1749258877,3.25100000,16.08000000,3.165
1749258877,3.25200000,9.15000000,3.165
1749258877,3.25300000,1701.46000000,3.165
1749258877,3.25400000,91.47000000,3.165
1749258877,3.25500000,94.66000000,3.165
1749258877,3.25600000,659.29000000,3.165
1749258877,3.25700000,492.68000000,3.165
1749258877,3.25800000,102.64000000,3.165
1749258877,3.25900000,109.51000000,3.165
1749258877,3.26000000,905.14000000,3.165
1749258877,3.26100000,5.27000000,3.165
1749258877,3.26200000,44.96000000,3.165
1749258877,3.26300000,39.60000000,3.165
1749258877,3.26400000,25.50000000,3.165
1749258877,3.26500000,43.18000000,3.165
1749259183,3.15800000,2192.14000000,3.157
1749259183,3.15900000,2198.52000000,3.157
1749259183,3.16000000,3262.36000000,3.157
1749259183,3.16100000,5448.51000000,3.157
1749259183,3.16200000,8803.79000000,3.157
1749259183,3.16300000,3630.49000000,3.157
1749259183,3.16400000,4258.49000000,3.157
1749259183,3.16500000,1804.04000000,3.157
1749259183,3.16600000,1351.25000000,3.157
1749259183,3.16700000,1351.50000000,3.157
1749259183,3.16800000,2459.68000000,3.157
1749259183,3.16900000,785.74000000,3.157
1749259183,3.17000000,3944.56000000,3.157
1749259183,3.17100000,10864.26000000,3.157
1749259183,3.17200000,2215.79000000,3.157
1749259183,3.17300000,778.67000000,3.157
1749259183,3.17400000,433.50000000,3.157
1749259183,3.17500000,1171.21000000,3.157
1749259183,3.17600000,3045.98000000,3.157
1749259183,3.17700000,1687.92000000,3.157
1749259183,3.17800000,36.58000000,3.157
1749259183,3.17900000,1232.74000000,3.157
1749259183,3.18000000,1396.70000000,3.157
1749259183,3.18100000,388.44000000,3.157
1749259183,3.18200000,10778.04000000,3.157
1749259183,3.18300000,82.68000000,3.157
1749259183,3.18400000,24099.60000000,3.157
1749259183,3.18500000,124.27000000,3.157
1749259183,3.18600000,37438.48000000,3.157
1749259183,3.18700000,103.60000000,3.157
1749259183,3.18800000,550.72000000,3.157
1749259183,3.18900000,2080.37000000,3.157
1749259183,3.19000000,312.81000000,3.157
1749259183,3.19100000,426.31000000,3.157
1749259183,3.19200000,54.81000000,3.157
1749259183,3.19300000,89.08000000,3.157
1749259183,3.19400000,2550.93000000,3.157
1749259183,3.19500000,4905.71000000,3.157
1749259183,3.19600000,112.73000000,3.157
1749259183,3.19700000,14.59000000,3.157
1749259183,3.19800000,107.45000000,3.157
1749259183,3.19900000,130.02000000,3.157
1749259183,3.20000000,11289.10000000,3.157
1749259183,3.20100000,352.95000000,3.157
1749259183,3.20200000,55.01000000,3.157
1749259183,3.20300000,43.15000000,3.157
1749259183,3.20400000,39.51000000,3.157
1749259183,3.20500000,25718.86000000,3.157
1749259183,3.20600000,24.64000000,3.157
1749259183,3.20700000,58.24000000,3.157
1749259183,3.20800000,32.08000000,3.157
1749259183,3.20900000,40.36000000,3.157
1749259183,3.21000000,36224.66000000,3.157
1749259183,3.21100000,28.36000000,3.157
1749259183,3.21200000,113.07000000,3.157
1749259183,3.21300000,4.93000000,3.157
1749259183,3.21400000,611.95000000,3.157
1749259183,3.21500000,22.42000000,3.157
1749259183,3.21600000,62.97000000,3.157
1749259183,3.21700000,25361.22000000,3.157
1749259183,3.21800000,104167.07000000,3.157
1749259183,3.21900000,20.81000000,3.157
1749259183,3.22000000,71209.00000000,3.157
1749259183,3.22100000,12.17000000,3.157
1749259183,3.22200000,25.94000000,3.157
1749259183,3.22300000,10.22000000,3.157
1749259183,3.22400000,21.25000000,3.157
1749259183,3.22500000,2572.03000000,3.157
1749259183,3.22600000,78.27000000,3.157
1749259183,3.22700000,25.03000000,3.157
1749259183,3.22800000,30.65000000,3.157
1749259183,3.22900000,8.52000000,3.157
1749259183,3.23000000,1095.97000000,3.157
1749259183,3.23100000,17.67000000,3.157
1749259183,3.23200000,63.82000000,3.157
1749259183,3.23300000,191.10000000,3.157
1749259183,3.23400000,5.65000000,3.157
1749259183,3.23500000,6.96000000,3.157
1749259183,3.23600000,331.18000000,3.157
1749259183,3.23700000,21.64000000,3.157
1749259183,3.23800000,138.46000000,3.157
1749259183,3.23900000,40.22000000,3.157
1749259183,3.24000000,2021.99000000,3.157
1749259183,3.24100000,23.56000000,3.157
1749259183,3.24200000,52.55000000,3.157
1749259183,3.24300000,694.95000000,3.157
1749259183,3.24400000,3.87000000,3.157
1749259183,3.24500000,15.64000000,3.157
1749259183,3.24600000,137.33000000,3.157
1749259183,3.24700000,65.49000000,3.157
1749259183,3.24800000,47.78000000,3.157
1749259183,3.24900000,14.72000000,3.157
1749259183,3.25000000,3773.54000000,3.157
1749259183,3.25100000,16.08000000,3.157
1749259183,3.25200000,9.15000000,3.157
1749259183,3.25300000,1701.46000000,3.157
1749259183,3.25400000,91.47000000,3.157
1749259183,3.25500000,94.66000000,3.157
1749259183,3.25600000,659.29000000,3.157
1749259183,3.25700000,133.43000000,3.157
