timestamp,price,volume,current_price
1749254481,0.27800000,676028.80000000,0.278
1749254481,0.27810000,845743.90000000,0.278
1749254481,0.27820000,778678.40000000,0.278
1749254481,0.27830000,888081.20000000,0.278
1749254481,0.27840000,697517.50000000,0.278
1749254481,0.27850000,690262.00000000,0.278
1749254481,0.27860000,682856.30000000,0.278
1749254481,0.27870000,625590.20000000,0.278
1749254481,0.27880000,426897.50000000,0.278
1749254481,0.27890000,617452.50000000,0.278
1749254481,0.27900000,356971.90000000,0.278
1749254481,0.27910000,310922.20000000,0.278
1749254481,0.27920000,534429.70000000,0.278
1749254481,0.27930000,230793.30000000,0.278
1749254481,0.27940000,264453.10000000,0.278
1749254481,0.27950000,19907.40000000,0.278
1749254481,0.27960000,65450.00000000,0.278
1749254481,0.27970000,124784.90000000,0.278
1749254481,0.27980000,14516.80000000,0.278
1749254481,0.27990000,20091.40000000,0.278
1749254481,0.28000000,54854.10000000,0.278
1749254481,0.28010000,1559.30000000,0.278
1749254481,0.28020000,41743.00000000,0.278
1749254481,0.28030000,16725.10000000,0.278
1749254481,0.28040000,17086.10000000,0.278
1749254481,0.28050000,19221.90000000,0.278
1749254481,0.28060000,51276.60000000,0.278
1749254481,0.28070000,16037.40000000,0.278
1749254481,0.28080000,20329.50000000,0.278
1749254481,0.28090000,150.10000000,0.278
1749254481,0.28100000,18484.80000000,0.278
1749254481,0.28110000,632.20000000,0.278
1749254481,0.28120000,718.00000000,0.278
1749254481,0.28130000,11416.10000000,0.278
1749254481,0.28140000,91274.10000000,0.278
1749254481,0.28150000,28124.80000000,0.278
1749254481,0.28160000,1834.10000000,0.278
1749254481,0.28170000,29762.20000000,0.278
1749254481,0.28180000,7478.80000000,0.278
1749254481,0.28190000,2326.50000000,0.278
1749254481,0.28200000,499670.60000000,0.278
1749254481,0.28210000,374.70000000,0.278
1749254481,0.28220000,983.90000000,0.278
1749254481,0.28230000,604.70000000,0.278
1749254481,0.28240000,2634.60000000,0.278
1749254481,0.28250000,3670.90000000,0.278
1749254481,0.28260000,302.40000000,0.278
1749254481,0.28270000,432.60000000,0.278
1749254481,0.28280000,843.50000000,0.278
1749254481,0.28290000,1486.30000000,0.278
1749254481,0.28300000,40458.00000000,0.278
1749254481,0.28310000,502.80000000,0.278
1749254481,0.28320000,1322.90000000,0.278
1749254481,0.28330000,314.20000000,0.278
1749254481,0.28340000,1062.90000000,0.278
1749254481,0.28350000,1829.50000000,0.278
1749254481,0.28360000,3587.90000000,0.278
1749254481,0.28370000,479.50000000,0.278
1749254481,0.28380000,550.40000000,0.278
1749254481,0.28390000,414.00000000,0.278
1749254481,0.28400000,1678.70000000,0.278
1749254481,0.28410000,649.40000000,0.278
1749254481,0.28420000,1410.60000000,0.278
1749254481,0.28430000,887.70000000,0.278
1749254481,0.28440000,27035.80000000,0.278
1749254481,0.28450000,832.50000000,0.278
1749254481,0.28460000,959.60000000,0.278
1749254481,0.28470000,2168.90000000,0.278
1749254481,0.28480000,1181.20000000,0.278
1749254481,0.28490000,257.50000000,0.278
1749254481,0.28500000,188061.50000000,0.278
1749254481,0.28510000,1530.60000000,0.278
1749254481,0.28520000,17981.30000000,0.278
1749254481,0.28530000,262.80000000,0.278
1749254481,0.28540000,780.60000000,0.278
1749254481,0.28550000,1087.90000000,0.278
1749254481,0.28560000,1155.30000000,0.278
1749254481,0.28570000,6927.60000000,0.278
1749254481,0.28580000,1509.30000000,0.278
1749254481,0.28590000,8847.20000000,0.278
1749254481,0.28600000,16331.20000000,0.278
1749254481,0.28610000,405.50000000,0.278
1749254481,0.28620000,6869.30000000,0.278
1749254481,0.28630000,1394.00000000,0.278
1749254481,0.28640000,3083.60000000,0.278
1749254481,0.28650000,6173.60000000,0.278
1749254481,0.28660000,5283.90000000,0.278
1749254481,0.28670000,2028.40000000,0.278
1749254481,0.28680000,1546.30000000,0.278
1749254481,0.28690000,929.80000000,0.278
1749254481,0.28700000,2956.80000000,0.278
1749254481,0.28710000,33138.60000000,0.278
1749254481,0.28720000,2973.20000000,0.278
1749254481,0.28730000,890.40000000,0.278
1749254481,0.28740000,1541.10000000,0.278
1749254481,0.28750000,521.40000000,0.278
1749254481,0.28760000,266.30000000,0.278
1749254481,0.28770000,3800.70000000,0.278
1749254481,0.28780000,501.20000000,0.278
1749254481,0.28790000,34195.50000000,0.278
1749254783,0.27800000,229935.90000000,0.2779
1749254783,0.27810000,320314.40000000,0.2779
1749254783,0.27820000,703213.20000000,0.2779
1749254783,0.27830000,928862.70000000,0.2779
1749254783,0.27840000,808632.40000000,0.2779
1749254783,0.27850000,667185.20000000,0.2779
1749254783,0.27860000,744814.70000000,0.2779
1749254783,0.27870000,825250.60000000,0.2779
1749254783,0.27880000,456897.50000000,0.2779
1749254783,0.27890000,678794.00000000,0.2779
1749254783,0.27900000,462824.50000000,0.2779
1749254783,0.27910000,308896.80000000,0.2779
1749254783,0.27920000,641541.80000000,0.2779
1749254783,0.27930000,306820.20000000,0.2779
1749254783,0.27940000,239668.30000000,0.2779
1749254783,0.27950000,19907.40000000,0.2779
1749254783,0.27960000,106104.20000000,0.2779
1749254783,0.27970000,124784.90000000,0.2779
1749254783,0.27980000,14606.70000000,0.2779
1749254783,0.27990000,20091.40000000,0.2779
1749254783,0.28000000,54994.50000000,0.2779
1749254783,0.28010000,1586.30000000,0.2779
1749254783,0.28020000,41770.00000000,0.2779
1749254783,0.28030000,17447.10000000,0.2779
1749254783,0.28040000,17086.10000000,0.2779
1749254783,0.28050000,126432.20000000,0.2779
1749254783,0.28060000,17075.10000000,0.2779
1749254783,0.28070000,16037.40000000,0.2779
1749254783,0.28080000,70647.80000000,0.2779
1749254783,0.28090000,150.10000000,0.2779
1749254783,0.28100000,32614.30000000,0.2779
1749254783,0.28110000,4294.50000000,0.2779
1749254783,0.28120000,718.00000000,0.2779
1749254783,0.28130000,11416.10000000,0.2779
1749254783,0.28140000,91274.10000000,0.2779
1749254783,0.28150000,28124.80000000,0.2779
1749254783,0.28160000,1834.10000000,0.2779
1749254783,0.28170000,29762.20000000,0.2779
1749254783,0.28180000,7478.80000000,0.2779
1749254783,0.28190000,2326.50000000,0.2779
1749254783,0.28200000,499690.20000000,0.2779
1749254783,0.28210000,374.70000000,0.2779
1749254783,0.28220000,983.90000000,0.2779
1749254783,0.28230000,604.70000000,0.2779
1749254783,0.28240000,2634.60000000,0.2779
1749254783,0.28250000,3670.90000000,0.2779
1749254783,0.28260000,302.40000000,0.2779
1749254783,0.28270000,432.60000000,0.2779
1749254783,0.28280000,843.50000000,0.2779
1749254783,0.28290000,1486.30000000,0.2779
1749254783,0.28300000,40458.00000000,0.2779
1749254783,0.28310000,502.80000000,0.2779
1749254783,0.28320000,1322.90000000,0.2779
1749254783,0.28330000,314.20000000,0.2779
1749254783,0.28340000,1062.90000000,0.2779
1749254783,0.28350000,1829.50000000,0.2779
1749254783,0.28360000,3587.90000000,0.2779
1749254783,0.28370000,479.50000000,0.2779
1749254783,0.28380000,550.40000000,0.2779
1749254783,0.28390000,414.00000000,0.2779
1749254783,0.28400000,1678.70000000,0.2779
1749254783,0.28410000,667.50000000,0.2779
1749254783,0.28420000,1428.70000000,0.2779
1749254783,0.28430000,887.70000000,0.2779
1749254783,0.28440000,27035.80000000,0.2779
1749254783,0.28450000,832.50000000,0.2779
1749254783,0.28460000,959.60000000,0.2779
1749254783,0.28470000,2168.90000000,0.2779
1749254783,0.28480000,1181.20000000,0.2779
1749254783,0.28490000,257.50000000,0.2779
1749254783,0.28500000,188061.50000000,0.2779
1749254783,0.28510000,1530.60000000,0.2779
1749254783,0.28520000,17981.30000000,0.2779
1749254783,0.28530000,262.80000000,0.2779
1749254783,0.28540000,780.60000000,0.2779
1749254783,0.28550000,1087.90000000,0.2779
1749254783,0.28560000,1155.30000000,0.2779
1749254783,0.28570000,6927.60000000,0.2779
1749254783,0.28580000,1509.30000000,0.2779
1749254783,0.28590000,8847.20000000,0.2779
1749254783,0.28600000,16331.20000000,0.2779
1749254783,0.28610000,405.50000000,0.2779
1749254783,0.28620000,6869.30000000,0.2779
1749254783,0.28630000,1394.00000000,0.2779
1749254783,0.28640000,3083.60000000,0.2779
1749254783,0.28650000,6173.60000000,0.2779
1749254783,0.28660000,5283.90000000,0.2779
1749254783,0.28670000,2028.40000000,0.2779
1749254783,0.28680000,1546.30000000,0.2779
1749254783,0.28690000,929.80000000,0.2779
1749254783,0.28700000,2956.80000000,0.2779
1749254783,0.28710000,33138.60000000,0.2779
1749254783,0.28720000,2973.20000000,0.2779
1749254783,0.28730000,890.40000000,0.2779
1749254783,0.28740000,1541.10000000,0.2779
1749254783,0.28750000,521.40000000,0.2779
1749254783,0.28760000,266.30000000,0.2779
1749254783,0.28770000,3800.70000000,0.2779
1749254783,0.28780000,501.20000000,0.2779
1749254783,0.28790000,34195.50000000,0.2779
